1926 3224
279 223 375 282 350

775 216 836 263 T.
878 213 1254 262 LUCRETII

421 346 551 403 Ignis,
583 352 623 387 et
641 345 684 385 in
704 350 855 384 terram
876 343 984 384 cedit
1002 343 1112 384 calor
1131 342 1263 383 omnis
1283 344 1418 398 aquai':

420 419 611 476 Frigidus
630 417 738 458 hanc
757 416 812 457 ob
832 431 919 457 rem
939 415 987 457 fit
1010 415 1102 457 funs
1121 416 1164 456 in
1185 415 1274 457 luce
1293 413 1452 457 diurnz'i.

477 493 697 544 Praeterea,
729 490 823 532 solis
843 490 967 531 radiis
980 491 1159 545 jactatur
1178 492 1302 546 aqua'i'

306 568 386 609 875
419 566 604 615 Humor,
636 572 676 605 et
694 564 738 605 in
757 564 889 605 lucem
909 563 1083 605 tremulo
1103 563 1269 604 rarescit
1289 563 1341 604 ab
1361 571 1478 605 aestu:

419 640 643 694 Propterea
661 638 724 688 fit,
754 638 854 688 utei,
886 653 978 693 quae
999 638 1153 679 semina
1173 652 1378 693 quomque
1397 637 1520 678 habet
1539 637 1659 694 ignis,

415 713 627 762 Dimittat3
659 713 772 767 quasi
794 727 902 766 saepe
920 712 1072 768 gelum,
1105 712 1216 767 quod
1235 712 1418 753 continet
1440 712 1484 752 in
1504 727 1562 762 se,

417 786 569 836 Mittit;
603 794 644 827 et
663 786 833 827 exsolvit
851 785 1037 842 glaciem,
1068 785 1280 841 nodosque
1299 785 1466 827 relaxat.

477 859 669 915 Frigidus
689 868 749 900 est
769 860 891 900 etiam
911 858 1019 909 sum,
1052 874 1174 914 supra
1194 875 1314 915 quem
1335 859 1411 900 sita
1431 874 1539 914 saepe

305 937 388 974 880
421 933 580 987 Stuppa
593 933 695 987 jacit
713 932 936 982 flammam,
969 940 1168 988 concepto
1188 933 1375 986 protinus
1395 932 1481 988 igni
1487 949 1502 981 ;

415 1005 613 1062 Tedaque
633 1006 832 1048 consimili
851 1005 1024 1056 ratione,
1057 1006 1230 1048 adcensa
1248 1020 1323 1060 per
1341 1005 1488 1054 undas,

555 1185 639 1210 calido
647 1185 763 1217 gliscente
773 1192 870 1217 vapore
877 1191 886 1209 t

269 1255 289 1287 i.
317 1266 342 1286 e.
374 1260 396 1275 “
423 1256 487 1286 sole
516 1256 657 1286 aetherias
692 1265 776 1285 arces
804 1253 994 1293 pedetentim

270 1309 293 1324 “
309 1306 506 1337 scandente.’'
553 1309 658 1345 Atque
694 1306 737 1335 sic
773 1304 851 1334 solet
886 1304 994 1334 sociari

269 1359 398 1388 verbum
420 1359 531 1397 glisco:
557 1357 626 1386 vide
647 1356 687 1386 sis
711 1356 730 1386 i.
747 1359 818 1387 475.
841 1362 872 1386 et
897 1356 995 1386 lexica

270 1408 415 1448 vulgaria.

310 1467 384 1496 Ver.
401 1469 471 1497 871.
488 1468 680 1506 primordia:
699 1467 719 1496 i.
733 1477 758 1496 e.
773 1467 855 1506 ignis
867 1469 993 1502 semina,

269 1528 329 1548 ver.
347 1521 418 1548 867.

313 1568 384 1598 Ver.
410 1571 482 1599 872.
512 1575 643 1599 terram:
681 1568 720 1599 O.
745 1571 992 1599 terras.—cedie.-

271 1626 314 1650 Ω.
329 1622 429 1656 eadm
454 1620 494 1650 V.
511 1620 560 1651 ed.
583 1627 699 1655 autem,
722 1626 753 1650 et
769 1621 805 1650 B.
821 1622 911 1657 redit,
934 1620 996 1650 fors

268 1680 305 1700 cx
321 1671 496 1711 glossatore.
543 1672 652 1708 Porro,
667 1672 731 1702 duo
746 1682 861 1709 versus,
877 1672 930 1712 qui
945 1682 993 1701 se-

267 1729 417 1761 quuntur,
446 1724 558 1753 absunt
583 1724 621 1753 ab
648 1729 683 1753 Δ.
712 1730 835 1762 propter
860 1723 994 1752 similem

269 1771 363 1802 finem
378 1775 485 1812 aqua'i.

311 1824 386 1854 Ver.
401 1828 474 1855 875.
497 1824 605 1855 Placet
620 1825 770 1864 scriptura
786 1824 889 1856 versus
903 1824 936 1854 in
952 1825 992 1856 V.

269 1873 315 1905 od.

299 1954 417 1986 Frigidus
427 1955 497 1979 hanc
509 1955 542 1979 ob
554 1962 611 1980 rem
623 1955 654 1979 sit
664 1955 724 1980 fons
736 1959 763 1980 ut
776 1956 835 1981 luce
846 1956 949 1981 diurna.

310 2022 384 2053 Ver.
404 2026 474 2054 874.
486 2024 648 2063 jactatur.»
673 2024 737 2054 sole
755 2025 871 2055 scilicet
892 2025 992 2056 radio-

267 2084 339 2103 rum
360 2076 419 2104 tela
445 2074 476 2103 in
501 2085 614 2115 aquam
629 2076 810 2115 jaculante;
837 2082 872 2106 ut
887 2077 904 2105 i.
926 2080 993 2106 148.

268 2126 311 2155 Et
326 2125 368 2155 ita
383 2126 539 2165 jactatur,
563 2132 598 2157 ut
613 2129 767 2158 commotio
784 2127 918 2166 partium
934 2129 992 2157 hu-

269 2176 426 2207 midarum
454 2178 612 2209 excitetur.
658 2179 731 2208 Non
756 2178 875 2209 alienus
898 2179 995 2209 aderit

267 2226 432 2267 Virgilius,
455 2238 522 2268 geo.
540 2229 571 2259 ii.
588 2233 659 2261 249.
682 2229 720 2259 de
736 2229 862 2270 pinguis
877 2229 996 2260 telluris

269 2288 396 2318 genere:

385 2351 457 2376 haud
469 2359 610 2384 umquam,
621 2353 737 2377 manibus
747 2354 858 2386 jactata,
869 2354 976 2379 fatiscit.

310 2420 384 2451 Ver.
401 2423 472 2452 875.
495 2423 609 2453 lucem:
645 2428 679 2453 Δ.
710 2425 789 2459 luci;
822 2423 905 2464 quod
932 2423 991 2454 im-

267 2473 380 2503 merito
403 2474 510 2504 minus
531 2475 642 2514 lepidis
665 2475 833 2506 editoribus
855 2476 992 2516 compla-

268 2523 340 2554 cuit.
387 2524 531 2565 Vulgatis
553 2529 586 2556 in
611 2528 709 2557 lucem
733 2527 811 2556 nihil
834 2528 994 2558 venustius

268 2581 322 2604 aut
347 2575 545 2615 exquisitius:
570 2579 691 2617 against
719 2580 890 2618 day-[iglzt;
921 2579 940 2609 i.
967 2589 993 2609 e.

268 2629 291 2643 “
308 2626 351 2656 ita
365 2627 451 2665 prius
467 2628 604 2667 jactatur
619 2640 712 2669 quam
728 2629 781 2660 lux
800 2629 864 2667 fiat,
889 2637 925 2660 ut
939 2641 992 2670 ap-

268 2680 289 2694 “
308 2678 534 2719 propinquante
551 2680 619 2711 luce
629 2681 696 2721 jam
715 2681 877 2712 rarescat.”
923 2683 993 2712 Ha-

268 2737 451 2768 vercampus
475 2738 557 2762 recte
588 2734 762 2772 composuit
791 2736 825 2764 in
852 2741 993 2770 testatem,

267 2787 327 2807 ver.
360 2782 429 2810 712.
452 2783 600 2820 superius
646 2784 827 2814 Macrobius
855 2785 994 2824 insuper,

269 2829 330 2860 Sat.
347 2830 387 2860 vi.
406 2834 433 2861 4.
449 2840 602 2872 receptam
618 2835 784 2866 lectionem
799 2842 931 2874 praestat.

313 2879 385 2913 Ver.
401 2885 474 2914 876.
496 2887 544 2915 uti
557 2896 640 2926 quae:
670 2893 715 2919 Ω.
735 2889 847 2928 utique.

1083 1177 1155 1207 Ver.
1173 1178 1244 1208 877.
1267 1177 1434 1207 Dimittat:
1468 1175 1505 1206 P.
1530 1175 1627 1207 Vind.
1651 1175 1688 1207 L.
1715 1177 1764 1208 M.

1040 1227 1079 1257 O.
1107 1227 1146 1262 Q.
1168 1229 1337 1264 Demittat,-
1369 1226 1571 1263 vitiosissime,
1600 1226 1672 1257 licet
1700 1237 1765 1258 non

1037 1276 1126 1306 aliter
1162 1277 1294 1317 scriptus
1322 1283 1498 1316 compareat
1526 1276 1694 1308 versiculus
1730 1278 1765 1308 in

1038 1328 1185 1360 Priscian,
1218 1329 1258 1360 vi.
1287 1340 1316 1368 p.
1346 1333 1419 1360 685.
1441 1329 1693 1368 ima—gelum:
1728 1334 1765 1361 Σ.

1034 1381 1120 1418 gelam
1146 1381 1186 1410 ob
1201 1380 1352 1410 rariorem
1366 1390 1483 1410 vocem.

1080 1431 1154 1460 Ver.
1171 1433 1243 1461 878.
1268 1432 1376 1461 nodos.-
1401 1430 1500 1460 Vind.
1519 1441 1622 1466 novem
1647 1430 1686 1466 Q.
1709 1441 1765 1460 no-

1036 1483 1106 1517 bos5
1139 1488 1183 1511 Ω..
1209 1492 1315 1515 venas,·
1345 1490 1407 1510 non
1434 1480 1528 1511 male:
1555 1487 1587 1511 et
1611 1480 1767 1522 Virgilius

1038 1542 1112 1562 sane
1127 1531 1224 1562 videri
1249 1537 1349 1573 potest
1364 1532 1426 1563 huc
1441 1532 1618 1572 respexisse,
1641 1532 1682 1563 ad
1696 1542 1766 1573 geo.

1038 1583 1057 1613 i.
1075 1586 1124 1614 91.

1056 1663 1106 1687 seu
1117 1662 1198 1694 pluris
1207 1662 1279 1687 calor
1289 1662 1332 1687 ille
1343 1662 1407 1692 vias,
1418 1665 1445 1688 et
1456 1668 1531 1688 caeca
1541 1663 1645 1687 relaxat

1053 1703 1230 1734 Spiramenta,
1241 1710 1322 1727 novas
1334 1704 1422 1728 veniat
1434 1704 1486 1735 qua
1498 1711 1576 1728 sucus
1587 1705 1613 1728 in
1625 1705 1736 1736 herbas;

1053 1744 1102 1767 Seu
1113 1742 1191 1766 durat
1206 1743 1301 1774 magis,
1312 1746 1340 1767 et
1352 1749 1436 1766 venas
1447 1743 1587 1775 adstringit
1598 1743 1704 1768 hiantis.

1039 1814 1171 1844 Doctius
1194 1815 1289 1844 etiam
1315 1820 1345 1844 et
1369 1814 1550 1854 exquisitius
1575 1815 1609 1844 in
1631 1815 1690 1846 hoc
1705 1823 1766 1845 usu.

1036 1865 1224 1895 vocabulum
1238 1871 1315 1904 puto
1330 1876 1435 1900 tenus,-
1462 1871 1497 1895 ut
1521 1865 1683 1906 vulgatum
1709 1876 1765 1896 no.

1037 1918 1089 1947 dos
1114 1927 1170 1955 pro
1195 1917 1470 1956 interpretamento
1496 1926 1559 1946 non
1584 1917 1688 1956 inepte
1709 1927 1765 1956 po-

1037 1967 1107 1996 terit
1121 1968 1240 1997 haberi:
1267 1979 1356 1998 venas
1375 1967 1469 1998 etiam
1485 1967 1665 1998 Florentina
1686 1977 1765 2007 prae.

1037 2024 1110 2055 stat;
1134 2019 1251 2048 caeteris
1266 2024 1372 2049 tamen
1392 2019 1477 2048 libris
1502 2018 1765 2049 consentientibus

1038 2069 1136 2099 nolim
1152 2070 1295 2110 equidem
1311 2071 1464 2100 obsistere.

1080 2122 1154 2152 Ver.
1171 2125 1241 2153 879.
1264 2133 1356 2162 supra
1372 2133 1477 2162 quem:
1504 2127 1538 2153 Δ.
1561 2134 1670 2163 supera
1685 2133 1765 2162 quoe.

1082 2172 1162 2203 Ibid.
1188 2172 1318 2203 Achillis
1345 2173 1429 2202 Tatii
1456 2173 1536 2210 loco,
1562 2173 1592 2203 ii.
1616 2177 1664 2203 14.
1687 2173 1766 2203 nihi}

1038 2223 1108 2252 novi
1135 2223 1356 2262 opportunius:
1388 2229 1425 2253 To
1451 2236 1504 2263 γει
1535 2236 1586 2257 της
1610 2228 1766 2258 Σικελικῆς

1040 2287 1137 2313 πῆγῆἱ
1177 2274 1244 2316 ὕδωρ
1281 2287 1479 2314 κὶκξρασμὸνοῖ
1516 2286 1576 2314 Exn
1615 2285 1678 2315 'Hp'
1716 2287 1768 2305 καί

1039 2332 1141 2365 φλσγσι
1166 2338 1217 2364 μεν
1245 2327 1311 2363 oxiam
1338 2328 1463 2355 κατωέεν
1488 2326 1541 2355 oeae’
1565 2338 1654 2360 aue-ns
1672 2326 1767 2356 ἁλλο-

1036 2390 1119 2417 ,unm
1147 2383 1324 2412 ΑΠΟΘΕΝ,
1362 2378 1477 2416 θιγουτι
1506 2376 1532 2407 δε
1563 2389 1603 2407 σοι
1638 2390 1671 2407 το
1701 2375 1768 2418 ὕδωρ

1039 2430 1154 2469 ψυχρθν
1171 2441 1254 2465 ΞΕΤΙῚ,
1279 2428 1331 2458 Οἶθν
1346 2440 1397 2469 TE?
1411 2442 1493 2467 ziani·
1518 2441 1568 2458 καί
1592 2439 1641 2458 8‘8'5
1665 2441 1698 2458 ‘TO
1714 2439 1769 2469 fl'll?

1038 2479 1094 2509 ὑπο
1116 2491 1152 2509 τε
1176 2478 1276 2512 ὑὲατος
1300 2480 1537 2514 κατασξεννυται,
1566 2491 1615 2509 υτε
1641 2492 1674 2509 το
1702 2477 1769 2520 ὕδωρ

1039 2529 1095 2560 ὑπο
1110 2542 1147 2559 τε
1162 2543 1242 2571 πνρας
1263 2536 1418 2570 φλεγεται,
1435 2531 1512 2560 αλλ’
1536 2528 1636 2563 ὓδατος
1661 2541 1722 2560 uun
1742 2541 1767 2560 ευ

1038 2593 1074 2622 τῃ
1102 2594 1183 2622 κρῆ-ψῃ
1207 2594 1258 2610 και
1288 2593 1369 2622 «opu
1396 2580 1521 2611 σπονδαι.
1567 2579 1618 2610 Ita
1632 2579 1766 2610 scn'ben-

1037 2631 1096 2661 dus
1131 2638 1177 2662 est
1213 2632 1342 2671 scriptor
1383 2632 1598 2671 lepidissimus.
1644 2629 1764 2670 Vulgo,

1038 2685 1135 2713 ανωέεν
1150 2683 1272 2723 legitur.
1316 2686 1435 2714 Amen·
1459 2696 1552 2719 ωιτος,
1567 2684 1667 2721 figas-6⁶¹·
1694 2681 1767 2711 He·

1038 2734 1171 2773 sychius:
1204 2735 1225 2766 i.
1251 2744 1277 2765 e.
1289 2735 1392 2775 joras,
1421 2737 1454 2765 in
1477 2744 1582 2771 cums,
1611 2738 1647 2762 ut
1676 2732 1767 2771 poe'ta

1038 2791 1141 2815 noster
1155 2785 1239 2816 dicit.

1080 2837 1154 2867 Ver.
1173 2841 1245 2868 880.
1268 2840 1402 2878 Stuppa:
1428 2836 1470 2866 sic
1485 2834 1584 2866 Vind.
1603 2834 1642 2865 Ο.
1667 2835 1705 2870 Q.
1727 2837 1767 2866 Δ.

1037 2895 1080 2921 Ω.
1096 2889 1200 2933 ιὐῐςο,
1224 2893 1338 2932 Stupc10·
1360 2895 1467 2922 contra
1488 2888 1616 2929 scriptos
1631 2893 1758 2921 veteres,
