1926 3224
163 374 347 423 Perluit
371 375 484 422 hinc
510 375 695 434 saltem,
719 376 931 424 lenimen
956 377 1099 426 dulce
1122 378 1359 438 laborum,

229 473 360 520 Rore
385 489 653 536 papavereo
670 473 854 520 lumina
875 490 1028 536 prona
1053 475 1220 538 Sopor.

163 570 278 618 Non
298 577 617 616 mactatorum
636 568 763 614 mala
786 584 921 615 mens
947 569 1035 616 sibi
1061 572 1258 618 conscia
1274 572 1478 622 fratrum

227 664 460 713 Horribili
484 665 728 728 increpuit
752 681 878 712 saeva
894 665 1086 729 flagella
1103 683 1235 715 sono.

160 764 275 812 Non
297 762 463 826 praedo
486 762 642 825 rapui,
668 779 802 825 quas,
829 765 1167 812 committente
1194 764 1452 830 Magistro,

222 861 504 908 Debueram
527 859 651 907 fidus
669 877 869 923 pascere
891 868 1025 908 tutor
1050 879 1178 910 oves.

162 959 414 1023 Angorem
433 958 600 1023 effugi,
625 976 722 1022 quo
742 959 1069 1008 dilacerantur
1090 962 1141 1008 in
1165 963 1306 1011 horas

225 1057 421 1104 Durum
445 1056 716 1104 eluctantes
741 1057 1015 1105 ambitionis
1040 1059 1147 1105 iter.

160 1157 370 1207 Interea,
395 1155 548 1202 nubes
565 1155 840 1203 borealibus
858 1156 1054 1204 horrida
1075 1156 1190 1204 belli

227 1254 351 1310 Quae
377 1253 480 1301 diro
504 1254 719 1301 intonuit
743 1262 886 1318 rupta
908 1254 1099 1318 fragore
1123 1256 1302 1319 plagis;

164 1351 287 1399 Inde
311 1352 581 1415 procelloso
605 1351 882 1399 tremefecit
904 1352 1098 1400 turbine
1124 1369 1320 1417 serpens

226 1449 415 1497 Oceani
439 1456 610 1506 metas,
635 1449 989 1512 occiduamque
1010 1450 1223 1498 domum.

167 1547 266 1595 Tot
290 1546 554 1610 conjuratae
574 1548 735 1592 coi'ere
760 1545 809 1592 in
833 1545 1001 1608 praelia
1023 1554 1215 1605 turmae,

227 1644 363 1700 Quot
385 1642 501 1690 folia
526 1642 800 1689 Auctumni
824 1641 1004 1706 frigore
1027 1643 1142 1690 laesa
1167 1646 1364 1708 cadunt.

163 1742 447 1790 Attonitum
473 1756 580 1804 quae
605 1747 743 1787 torva
765 1738 966 1803 globum
992 1742 1240 1789 concussit
1265 1743 1498 1808 Erinnys?

227 1841 351 1897 Quae
377 1838 555 1903 Stygiis
581 1837 681 1885 Ate
705 1838 848 1886 missa
872 1846 1074 1886 cruenta
1097 1839 1258 1887 vadis?

161 1938 313 1986 Exuit
335 1937 572 1984 humanos
598 1936 808 1984 CHRISTI
832 1953 952 2000 gens
979 1936 1123 1985 effera
1148 1937 1334 1998 cultus3

226 2037 293 2084 Et
315 2035 517 2100 tigrides
540 2034 773 2086 referens,
804 2036 1158 2101 seminiumque
1181 2037 1286 2085 leae.

160 2135 254 2183 Cui
276 2133 493 2199 gladium
515 2141 724 2182 tractare
748 2133 898 2185 nefas,
926 2135 1008 2198 qui
1031 2134 1218 2183 foedere
1243 2143 1429 2194 sanem,

224 2232 387 2280 Semet
409 2232 497 2281 uti,
524 2232 708 2280 socium
733 2232 879 2280 debet
903 2249 1061 2280 amare
1087 2250 1227 2280 suum
1237 2253 1251 2292 3

162 2328 222 2377 In
244 2329 404 2378 fratris
419 2329 650 2394 jugulum
673 2331 861 2379 vibrare
884 2330 1114 2379 ferociter
1138 2348 1304 2379 ensem

226 2427 423 2484 Gestiit,
449 2444 506 2475 ac
531 2428 683 2475 diram
709 2428 843 2476 caede
866 2428 1028 2477 levare
1051 2428 1245 2476 famem.

162 2525 298 2581 Quot
321 2524 454 2580 mihi,
481 2542 592 2573 cum
615 2525 769 2573 turbis
794 2533 843 2573 te
869 2526 1182 2574 conflictante
1206 2526 1464 2579 latronum,

228 2622 447 2675 GALmA,
485 2623 736 2687 sanguinei
759 2625 1038 2688 praeteriere
1064 2625 1186 2673 dies!

162 2721 323 2779 Quam
346 2721 515 2775 metui,
541 2738 602 2769 ne
628 2722 745 2786 quid
766 2730 909 2787 potor
933 2731 982 2771 te
1006 2723 1210 2772 laederet
1234 2721 1365 2771 Ist'ri!

221 2819 300 2868 Ne
323 2835 444 2884 gens
467 2820 698 2875 officeret,
726 2821 848 2886 proh
871 2822 1050 2886 pudor!
1089 2821 1255 2886 Angla
1276 2820 1380 2870 tibi.

862 2909 931 2945 a2
