1926 3224
701 249 792 293 AD
823 248 1216 291 LECTOREM.
1641 253 1692 293 vii

208 381 373 423 prorsus
393 366 588 417 arbitror3
621 366 720 417 imo,
757 366 827 407 vix
848 365 1188 407 incunabulorum
1208 366 1390 422 vagitum
1411 365 1541 407 desiit.
1601 367 1692 408 Do-

206 455 282 482 nec
314 441 467 482 indices
499 442 653 497 utique,
695 448 835 482 nostro
868 440 1030 490 similes,
1073 454 1192 495 super
1231 440 1420 482 omnibus
1454 441 1689 482 auctoribus

203 515 413 571 utriusque
432 515 583 572 linguae
603 515 754 570 pariter
774 521 1062 563 contexantur,
1097 521 1137 554 et
1166 521 1334 555 mutuae.
1351 514 1578 555 dictionum
1608 515 1690 555 sin—

203 589 392 646 gularum
412 589 455 628 in
488 587 616 628 MSS.
650 586 988 626 commutationes
1018 585 1322 641 diligentissime
1352 588 1613 638 denotentur,
1645 603 1692 629 ac

205 663 480 711 declarentur;
512 660 592 701 hoc
621 660 841 700 literaturae
870 674 999 716 genus
1018 674 1214 714 prospere
1234 661 1328 701 satis
1351 661 1573 716 procedere
1592 676 1692 704 neu-

204 737 358 792 tiquam
378 733 536 775 valebit.
597 732 685 774 Nos
702 741 810 774 certe
828 732 906 773 hac
926 732 979 774 de
997 748 1042 774 re
1062 733 1192 774 multa
1213 734 1380 775 minime
1400 735 1558 777 inutilia
1576 736 1690 776 moli-

200 824 311 859 mur;
343 823 555 864 nunquam
575 815 713 848 tamen
742 807 912 848 forsitan
942 807 993 851 ad
1013 807 1144 849 bonos
1163 808 1295 850 exitus
1318 823 1406 864 prae
1441 809 1696 851 defolmitate

204 891 437 938 temporum
455 882 730 937 perducenda.

257 1029 368 1072 Mihi
388 1030 543 1071 interea
570 1029 689 1071 liceat
708 1044 802 1070 cum
831 1029 1080 1086 gravissimis
1100 1029 1191 1080 illis,
1228 1039 1349 1086 atque
1368 1031 1485 1073 valde
1506 1031 1688 1074 consola-

201 1104 330 1155 toriis,
362 1103 538 1145 Vitruvii
558 1103 690 1144 verbis
710 1103 806 1145 huic
826 1103 1059 1158 praefationi
1080 1103 1206 1145 finem
1226 1119 1395 1160 ponere:

260 1257 291 1278 “
314 1252 377 1293 Ea
397 1266 492 1293 vera
510 1251 702 1307 praesidia
721 1259 815 1293 sunt
834 1253 943 1303 vitae,
976 1252 1123 1308 quibus
1152 1267 1285 1309 neque
1313 1253 1490 1294 fortunae
1515 1260 1689 1307 tempes-

202 1330 231 1352 “
252 1332 313 1366 tas
332 1325 489 1380 iniqua,
520 1336 652 1381 neque
671 1325 930 1380 publicarum
949 1341 1087 1367 rerum
1114 1327 1304 1377 mutatio,
1336 1341 1469 1382 neque
1488 1326 1580 1367 belli
1601 1342 1689 1367 vas-

201 1404 231 1426 “
252 1399 368 1449 tatio,
399 1407 533 1454 potest
551 1414 712 1441 nocere.
774 1400 868 1457 Ego
888 1407 1025 1442 autem
1044 1415 1130 1441 non
1151 1400 1204 1441 ad
1224 1401 1441 1455 pecuniam
1461 1400 1690 1455 parandam

200 1478 229 1500 “
251 1487 303 1515 ex
323 1480 409 1513 arte
429 1472 523 1513 dedi
544 1473 738 1522 studium,
776 1473 847 1513 sed
875 1474 1010 1528 potius
1039 1474 1279 1515 tenuitatem
1309 1489 1404 1515 cum
1434 1474 1543 1516 bona
1563 1473 1686 1525 fama,

199 1551 229 1573 “
251 1560 375 1601 quam
394 1545 688 1586 abundantiam
708 1560 803 1586 cum
826 1545 1008 1595 infamia,
1042 1547 1289 1602 sequendam
1309 1548 1466 1602 putavi:
1497 1548 1591 1589 ideo
1611 1563 1687 1589 no-

201 1625 230 1647 “
252 1620 358 1660 tities
377 1634 523 1674 parum
544 1628 604 1660 est
632 1620 840 1669 adsecuta;
876 1620 947 1661 sed
978 1627 1130 1671 tamen,
1165 1620 1228 1662 his
1248 1621 1522 1664 voluminibus
1552 1622 1685 1673 editis,

202 1699 232 1720 ‘⁶
254 1701 299 1734 ut
320 1707 453 1748 spero,
483 1692 656 1747 posteris
677 1694 800 1735 etiam
820 1708 892 1734 ero
911 1694 1071 1735 notus?
1131 1693 1249 1735 Vale!

212 1955 372 1997 Dabam
392 1970 413 1996 e
431 1955 586 1996 Musaeo
604 1969 686 1996 meo

248 2044 373 2084 prope
391 2030 634 2080 Londinum,

195 2104 379 2146 Novemb.
400 2105 465 2145 die
482 2105 561 2145 xvi.
588 2105 636 2144 17
641 2103 706 2144 97.
