1926 3224
289 206 384 246 318

792 198 856 246 Τ.
892 197 1272 247 LUCRETII

315 333 399 370 630
430 329 571 380 Quom
591 328 694 384 pluit
712 328 754 369 in
776 327 910 377 terris,
931 334 972 368 et
990 327 1125 368 ventei
1143 327 1285 369 nubila
1303 336 1485 384 portant.

487 403 717 451 Postremo,
739 401 935 456 quoniam
955 415 1051 442 raro
1071 416 1165 443 cum
1186 416 1359 458 corpore
1378 403 1493 445 tellus

427 477 516 526 Est,
539 483 579 516 et
599 475 818 530 conjuncta
837 483 912 527 est,
932 489 1025 516 oras
1045 475 1169 516 maris
1189 475 1372 532 undique
1392 477 1560 533 cingens
1567 495 1582 528 ;

427 549 579 598 Debet,
602 556 648 590 ut
667 549 711 589 in
730 563 845 590 mare
863 548 916 591 de
936 549 1053 591 terris
1073 549 1184 591 venit
1202 548 1354 590 humor
1373 553 1510 606 aquai,

427 623 479 664 In
500 631 627 664 terras
646 622 789 665 itidem
808 638 976 665 manare
996 638 1049 664 ex
1067 638 1234 679 aequore
1254 623 1372 665 salso:

313 702 395 738 635
428 697 667 739 Percolatur
687 697 799 739 enim
817 697 943 748 virus,
964 705 1155 753 retroque
1177 706 1364 739 remanat

427 770 624 814 Materies
644 771 845 822 humoris,
868 780 909 814 et
928 772 982 814 ad
1002 780 1125 828 caput
1145 771 1335 814 amnibus
1355 772 1489 814 omnis

325 926 399 956 Ver.
421 929 492 957 627.
515 928 623 958 docui:
648 938 667 958 a
689 937 750 958 ver.
774 930 953 960 494—507.
976 933 1007 959 et

282 979 365 1010 alibi.

326 1030 400 1060 Ver.
418 1033 492 1062 628.
509 1031 678 1063 Humorem
694 1039 876 1073 conceptum.
909 1032 1004 1069 Naso,

282 1089 354 1113 met.
370 1083 390 1113 i.
407 1085 479 1114 271.

297 1163 405 1196 Concipit
416 1164 462 1189 Iris
473 1170 564 1196 aquas,
575 1165 757 1198 alimentaque
768 1167 882 1193 nubibus
894 1166 993 1191 adfert.

323 1235 398 1265 Ver.
415 1239 486 1267 629.
510 1238 592 1267 orbi:
619 1237 724 1277 vulgo,
741 1239 822 1273 orhe;
848 1242 879 1266 et
900 1236 943 1266 sic
966 1236 1003 1266 P.

282 1292 327 1317 Ω..
344 1287 454 1322 Quum
469 1297 540 1317 vero
562 1288 674 1328 reliqui
696 1298 806 1318 omnes
821 1287 904 1325 libri,
927 1297 1004 1327 quo-

278 1347 351 1367 rum
368 1337 507 1367 maxima
526 1348 591 1368 esse
613 1338 704 1368 debet
725 1338 904 1376 auctoritas,
926 1347 1005 1377 prae-

278 1394 361 1419 stent
375 1391 465 1426 orbis,
488 1389 634 1419 manibus
655 1400 750 1430 quam
773 1390 945 1420 mitissimis
959 1389 1005 1420 lo-

278 1452 352 1473 cum
369 1448 497 1473 tractare
511 1443 609 1473 volui:
630 1442 736 1474 redeas
751 1443 790 1474 ad
805 1453 832 1474 v.
850 1445 899 1475 75.
925 1443 1005 1474 Sane

278 1494 433 1534 sequiores
448 1493 533 1524 haud
548 1504 630 1535 aegre
652 1494 830 1534 posuissent
851 1501 910 1526 toto
926 1496 1005 1525 orbis

278 1555 334 1583 pro
348 1551 406 1575 toto
423 1545 503 1580 orhe;
530 1545 584 1575 sed
606 1545 798 1576 locutionem
821 1545 916 1576 talem
938 1545 1005 1575 sine

276 1596 427 1636 exemplis
459 1607 523 1627 non
553 1598 654 1628 ausim
683 1598 830 1639 equidem
859 1598 1006 1628 Lucretio

277 1647 457 1678 adscribere.
504 1648 629 1680 Interea
651 1649 696 1680 sic
718 1649 888 1690 legendum
908 1648 1005 1680 confi-

279 1698 388 1729 denter
403 1699 549 1730 dixerim:

322 1782 357 1806 Et
369 1781 465 1813 passim
478 1785 539 1807 totos
550 1786 683 1808 terrarum
695 1789 819 1816 spargere
829 1783 857 1808 in
869 1783 955 1808 orbeis.

279 1852 457 1893 Regredere
472 1859 581 1884 autem
597 1859 686 1884 notas
701 1861 820 1884 nostras
835 1854 874 1885 ad
886 1854 917 1884 ii.
933 1857 1006 1886 613.

319 1911 396 1941 Ver.
416 1915 487 1942 630.
515 1913 609 1946 Quom
620 1914 704 1952 pluit
719 1914 752 1943 in
768 1916 866 1943 terris.
899 1913 1005 1943 Po’e'ti-

276 1972 312 1993 ca
327 1968 372 1992 est
386 1962 505 2001 phrasis
531 1973 586 2001 pro
606 1965 724 2003 passim
742 1965 838 2003 pluit:
864 1963 883 1993 i.
902 1974 928 1994 e.
951 1974 1005 2003 per

276 2018 383 2049 terras,
406 2013 586 2054 ubicunque
600 2014 743 2044 homines
759 2021 926 2045 versantur.
950 2016 1006 2054 Et,

276 2063 309 2094 id
325 2065 506 2094 observante
522 2065 636 2101 Servio,
659 2076 753 2106 quem
769 2066 1005 2107 Havercampus

275 2115 422 2151 admovit,
450 2115 605 2157 Virgilius
629 2118 689 2147 hoc
717 2117 951 2149 hemistichium
973 2119 1006 2149 in

276 2166 415 2206 proprios
430 2177 506 2197 usus
529 2168 694 2204 transtulit,
718 2168 757 2198 ad
781 2169 856 2199 AEn.
880 2179 909 2204 x„
933 2173 1004 2201 807.

276 2223 370 2258 atque
393 2218 522 2259 Heynio
544 2220 697 2250 ambabus
717 2219 842 2259 plaudo,
865 2221 1004 2260 ineptam

276 2280 311 2299 ac
333 2269 514 2310 frigidulam
537 2271 736 2311 grammatici
758 2272 852 2303 crisin
875 2283 951 2304 auso
966 2273 1002 2304 li-

276 2321 409 2351 berrime
423 2321 573 2352 damnare
588 2332 624 2353 ac
639 2323 777 2363 rejicere:

620 2403 682 2428 tuti
694 2404 760 2430 latet
771 2411 832 2429 arce
843 2405 940 2436 viator,

304 2442 377 2465 Dum
385 2441 453 2473 pluit
464 2441 490 2466 in
502 2442 576 2466 terris
583 2451 595 2472 ;
613 2447 644 2468 ut
657 2444 766 2475 possint,
783 2444 838 2470 sole
849 2446 972 2476 reducto,

305 2481 438 2506 Exercere
449 2481 594 2508 diem—.

316 2551 392 2583 Ver.
409 2555 480 2584 652.
503 2555 668 2596 conjuncta
682 2561 724 2586 esc
741 2567 822 2586 oras:
848 2556 944 2588 vind.
962 2557 1001 2588 V.

275 2602 322 2633 ed.
339 2604 502 2644 conjuncta
518 2612 630 2643 storas‚·
646 2617 771 2646 nempe,
788 2618 844 2647 pro
858 2610 1002 2650 conjunc·

275 2660 332 2685 tast
348 2660 582 2689 orna—maris:
613 2658 650 2689 P.
667 2659 762 2690 Vind.
781 2660 821 2690 V.
837 2661 884 2691 cd.
912 2662 951 2692 Ο.
969 2667 1004 2693 A.

276 2709 312 2736 Σ.
340 2711 384 2736 Ω.
410 2710 702 2750 magis—cingens:
729 2710 770 2741 V.
797 2711 845 2742 ed.
870 2724 1001 2753 augens;

275 2757 316 2786 ob
330 2767 478 2798 magnam
494 2760 734 2792 similitudinem
751 2761 912 2793 literarum
927 2767 958 2796 ci
972 2770 1003 2795 et

276 2819 294 2838 a
319 2807 351 2837 in
367 2809 552 2843 minusculis
566 2823 680 2854 nempe
695 2814 936 2847 characteribus:
967 2821 1001 2848 A.

276 2863 311 2890 Σ.
325 2861 454 2900 tingens.

1093 929 1167 960 Ver.
1194 932 1265 960 654.
1295 927 1441 958 Notabile
1464 927 1643 967 exemplum
1662 928 1696 959 in
1717 929 1777 959 hoe

1049 989 1138 1009 versu
1168 980 1331 1009 habiturus
1360 989 1393 1008 es
1425 979 1668 1018 aberrafionum,
1706 990 1777 1021 quae

1050 1042 1088 1061 ex
1105 1031 1283 1062 adhaesione
1305 1031 1466 1060 literarum
1482 1030 1608 1060 vocibus
1622 1040 1687 1061 non
1703 1031 1779 1068 suis,

1049 1097 1084 1117 ac
1100 1086 1329 1125 permutatione
1352 1084 1581 1114 elementorum
1595 1095 1611 1115 c
1627 1090 1658 1114 et
1673 1091 1698 1122 t,
1723 1094 1779 1114 ex-

1049 1138 1123 1168 oriri
1139 1137 1408 1166 solemn—terras
1424 1137 1541 1166 itidem:
1567 1135 1608 1166 V.
1623 1135 1672 1166 ed.
1693 1142 1778 1180 terra

1051 1190 1095 1218 sic
1122 1189 1200 1217 idem
1210 1202 1221 1223 ,·
1259 1187 1300 1217 Ο.
1332 1186 1438 1216 minus
1475 1186 1594 1225 vitiose,
1629 1193 1712 1218 terra
1737 1189 1780 1218 sit

1051 1241 1130 1269 idem
1137 1254 1148 1274 ,·
1175 1244 1209 1268 Δ.
1225 1245 1339 1269 terram
1354 1240 1399 1269 sic
1415 1240 1494 1270 idem
1505 1254 1515 1276 ;
1540 1238 1559 1269 i.
1575 1249 1603 1269 e.
1628 1241 1711 1270 terr&
1733 1241 1779 1270 sic

1051 1291 1143 1324 idem,-
1172 1298 1217 1322 Ω.
1232 1289 1378 1330 denique,
1400 1296 1497 1321 terras
1511 1293 1555 1322 sic
1571 1293 1660 1322 idem.

1093 1342 1168 1371 Ver.
1184 1344 1255 1373 655.
1278 1344 1378 1373 virus:
1405 1347 1440 1372 A.
1463 1342 1650 1373 z'ncus.——Hi
1671 1348 1778 1374 autem

1050 1402 1165 1430 versus,
1197 1392 1340 1431 pauculis
1363 1393 1494 1429 variatis,
1521 1393 1590 1434 jam
1615 1400 1780 1433 venerunt,

1048 1443 1088 1474 ad
1111 1454 1136 1474 v.
1161 1446 1233 1475 270.
1261 1449 1292 1474 et
1315 1443 1410 1474 lector
1435 1443 1653 1475 admonendus
1676 1450 1723 1475 est
1744 1445 1779 1475 in

1049 1495 1195 1532 transitu,
1223 1496 1375 1526 Oceanum
1391 1494 1464 1525 hinc
1479 1495 1564 1534 apud
1578 1501 1694 1526 veteres
1708 1505 1778 1536 my-

1049 1547 1240 1586 thographos
1267 1545 1420 1576 audivisse
1445 1548 1674 1587 Afympliarum,
1705 1546 1725 1577 i.
1750 1557 1778 1578 e.

1049 1597 1262 1638 lympharum,
1272 1604 1410 1637 patrem:
1428 1596 1499 1627 vide
1510 1597 1623 1629 Catuli.
1638 1597 1777 1630 lxxxviii.

1050 1653 1077 1680 6.
1094 1655 1125 1679 et
1139 1648 1257 1678 multos
1269 1648 1356 1678 alios.

1093 1700 1168 1730 Ver.
1184 1702 1257 1730 657.
1272 1702 1373 1730 redit:
1392 1699 1433 1730 V.
1448 1699 1495 1730 ed.
1510 1701 1626 1737 reddit;
1646 1706 1691 1731 Ω..
1706 1702 1777 1732 red-

1050 1753 1294 1790 del.—-agmine.-
1320 1750 1357 1780 P.
1374 1755 1409 1781 Δ.
1424 1753 1578 1790 augmine.

1093 1803 1169 1832 Ver.
1185 1805 1255 1833 658.
1278 1808 1357 1832 secta
1367 1815 1376 1832 .-
1396 1807 1431 1832 A.
1450 1808 1494 1833 Ω.
1509 1809 1590 1842 septa
1598 1818 1610 1839 ‚·
1625 1801 1680 1833 sed
1694 1802 1776 1833 frus-

1050 1859 1106 1884 tra.
1147 1853 1300 1894 Virgilius
1316 1852 1410 1884 fidem
1425 1853 1529 1892 saciet,
1552 1853 1592 1884 ad
1616 1853 1692 1885 AEn.
1714 1853 1776 1885 viii.

1049 1909 1099 1936 65.

1170 1988 1293 1998 ——
1304 1977 1384 2009 pleno
1396 1977 1592 2008 quemflumine
1603 1979 1688 2004 cernis

1080 2018 1263 2049 stringentem
1275 2017 1353 2048 ripas,
1366 2020 1394 2042 et
1405 2017 1515 2049 pinguia
1526 2017 1600 2042 culta
1609 2021 1742 2043 secantem.

1093 2081 1170 2111 Ver.
1197 2084 1267 2112 659.
1290 2087 1337 2111 ut:
1365 2086 1410 2110 Ω.
1432 2082 1647 2111 et.—AEcnoe:
1672 2081 1712 2112 P.
1734 2079 1773 2112 V.

1050 2132 1096 2162 ed.
1115 2131 1154 2162 Ο.
1173 2138 1217 2162 Ω.
1232 2133 1358 2168 oetlmae,·
1382 2137 1418 2161 ut
1440 2131 1505 2161 fere
1519 2131 1640 2162 codices
1661 2131 1695 2162 in
1717 2132 1776 2163 hac

1049 2182 1290 2220 voce—Porro,
1317 2182 1448 2212 editores
1463 2183 1589 2222 fauceis
1611 2183 1774 2220 exhibent3

1047 2233 1100 2264 sed
1119 2233 1156 2264 V.
1180 2233 1229 2263 ed.
1258 2233 1297 2264 O.
1326 2239 1370 2264 Ω.
1381 2233 1493 2274 fauces
1500 2248 1510 2269 ;
1536 2233 1716 2271 rectissime,
1737 2239 1776 2265 ut

1046 2285 1120 2316 alibi
1136 2286 1325 2316 monuimus.

1092 2337 1171 2368 Ibid.
1189 2349 1246 2377 per
1257 2337 1371 2378 fimces
1393 2340 1502 2369 montis
1526 2340 1638 2369 AElnae
1659 2339 1773 2378 Exspi-

1045 2397 1111 2421 rent
1140 2392 1233 2429 ignes.
1257 2389 1413 2431 Virgilius
1438 2389 1545 2430 paullo
1570 2390 1672 2429 aliter,
1696 2390 1771 2422 AEn.

1046 2441 1108 2471 viii.
1126 2444 1197 2473 786.

1275 2516 1388 2540 AEmaeos
1400 2515 1664 2547 efflantemsaucibus
1673 2514 1748 2548 iguis.

1048 2577 1113 2608 Ubi
1140 2583 1246 2609 tamen
1268 2579 1485 2618 reponendum
1508 2579 1572 2617 δῖος
1596 2589 1636 2610 ne
1657 2579 1697 2609 sit
1717 2579 1771 2609 ob-

1047 2630 1165 2660 scurior
1187 2636 1218 2660 et
1239 2630 1371 2661 alienior
1392 2630 1446 2660 illa
1467 2630 1670 2670 comparatio:
1695 2628 1772 2671 quid

1049 2681 1133 2710 enim
1149 2680 1218 2711 aliis
1232 2681 1362 2722 ignibus
1376 2681 1494 2711 zEtnaei
1509 2679 1642 2712 distant?

1273 2754 1382 2779 AEtnaeis
1393 2753 1657 2785 efflantemfaucibus
1666 2753 1743 2786 ignis:

1045 2827 1206 2856 compares
1220 2817 1315 2848 modo
1330 2827 1403 2848 mox
1419 2816 1559 2852 dicenda,
1569 2815 1609 2847 ad
1622 2826 1682 2847 ver.
1699 2819 1770 2848 702.

1048 2868 1107 2898 Vel
1121 2869 1235 2908 potius,
1259 2875 1294 2899 ut
1310 2874 1452 2908 erumpat
1465 2878 1485 2898 a
1499 2877 1551 2898 me
1566 2877 1636 2898 vera
1651 2878 1725 2899 vox:
