1926 3224
631 241 858 292 LIBER
907 239 1263 298 QUINTUS.
1604 242 1692 281 153

355 376 489 419 Trans
509 376 639 418 maria
658 376 738 417 alta
756 374 908 430 pedum
929 373 1050 414 nixus
1070 380 1116 414 ut
1134 370 1315 426 pandere
1333 375 1481 424 posset,

355 450 411 492 Et
431 450 618 492 manibus
636 457 769 491 totum
789 449 1004 489 circumse
1024 454 1183 486 vortere
1202 444 1362 485 coelum.

355 525 480 574 Nam,
513 524 623 580 quod
643 523 771 563 multa
788 521 900 561 fuere
919 521 963 559 in
982 519 1100 559 terris
1121 517 1276 558 semina
1295 530 1449 566 rerum,

244 603 326 640 915
359 598 565 652 Tempore
585 610 667 650 quo
686 595 865 649 primum
885 592 1000 632 tellus
1021 590 1212 630 animalia
1229 589 1353 638 fudjt;

356 671 472 712 Nihil
490 679 626 711 tamen
647 676 707 708 est
727 666 846 722 signi,
879 665 1028 704 mixtas
1046 662 1226 718 potuisse
1246 662 1375 702 creari

356 744 470 785 Inter
489 757 531 784 se
549 740 740 797 pecudes,
750 767 760 774 -‹
770 745 1052 793 conpactaque
1071 736 1257 778 membra
1275 735 1547 776 animantum:

215 901 278 931 fata
293 905 338 930 est
359 900 417 930 hac
439 899 626 940 conjectura.
670 899 833 940 Virgilius,
857 899 933 929 AEn.

214 951 258 982 ix.
274 954 346 982 526.

406 1030 466 1051 toto
475 1025 596 1058 proflabat
602 1028 698 1058 pectore
707 1032 843 1050 somnum.

219 1090 336 1123 Confer
363 1091 454 1121 Ovid.
479 1096 551 1121 met.
575 1091 626 1121 vii.
652 1095 721 1122 109.
766 1090 841 1121 Alia
865 1095 940 1121 sunt

219 1142 259 1172 ad
294 1152 437 1179 manum,
474 1148 538 1172 tam
574 1142 678 1181 phrasi
706 1142 939 1180 confirmandae,

217 1203 311 1234 quam
326 1193 546 1232 permutationi
561 1192 781 1223 vocabulorum
792 1193 942 1233 exemplis

217 1246 467 1284 comprobandae,
485 1246 699 1283 inservientia3
722 1245 775 1276 sed
790 1255 860 1286 quae
874 1254 940 1275 me-

218 1296 278 1327 lius
292 1299 537 1328 reservabuntur.

262 1349 337 1379 Ver.
363 1353 435 1380 906.
460 1351 577 1392 fingit:
616 1349 655 1379 V.
686 1349 734 1380 ed.
759 1351 943 1392 fingunt.—

221 1399 301 1430 Mox
318 1406 362 1430 Ω.
376 1401 492 1431 Νἱεαει
515 1400 554 1430 de
569 1410 631 1440 quo
645 1400 752 1430 redeas
764 1399 806 1430 ad
819 1400 838 1430 i.
851 1403 942 1431 1055.

222 1456 253 1481 et
267 1450 311 1480 ibi
325 1451 415 1480 dicta.

265 1501 338 1531 Ver.
359 1505 429 1533 908.
451 1502 594 1543 ecfutiat:
627 1501 724 1532 Vind.
749 1501 790 1531 V.
820 1500 867 1531 ed.
899 1508 943 1531 Ω.

222 1553 362 1595 egffucz'at5
387 1554 471 1585 unde
488 1558 521 1584 Σ.
543 1555 666 1594 ςῇἰεὶαε.
711 1552 842 1588 Nonius,
864 1552 944 1582 inii.

223 1609 293 1638 272.
316 1608 401 1637 hunc
415 1616 540 1636 versum
553 1606 755 1644 depravatum
771 1604 901 1634 exhibet.

264 1658 340 1689 Ver.
357 1663 428 1690 909.
451 1665 514 1688 tum
523 1671 533 1688 .·
559 1658 594 1687 P.
612 1657 651 1687 O.
670 1661 704 1687 Δ.
720 1667 798 1687 cum.

266 1711 347 1742 Ibid.
385 1712 490 1741 Aurea
516 1710 657 1750 flumina
693 1709 843 1739 fluxisse.
905 1707 948 1737 Ut

223 1762 361 1793 imitator
376 1762 443 1802 ejus
464 1760 503 1791 de
520 1758 622 1796 Italia,
648 1768 743 1799 quam
768 1756 945 1799 magnifice,

225 1824 292 1856 geo.
307 1814 338 1844 ii.
356 1817 426 1844 166.

483 1890 565 1919 atque
575 1894 638 1913 auro
648 1887 764 1919 plurima
770 1885 864 1917 fluxit.

269 1956 344 1985 Ver.
361 1958 431 1987 910.
455 1955 581 1994 gemmis
595 1955 711 1994 florere
740 1953 880 1982 arbusta:
913 1956 950 1981 ut

227 2016 312 2038 nunc
337 2006 445 2045 utique
459 2004 570 2035 florent
591 2004 720 2039 roribus,
745 2012 887 2043 gemmas
900 2012 948 2032 re-

229 2057 407 2089 ferentibus,
454 2056 567 2086 Noster
581 2054 729 2094 apposite,
746 2054 776 2084 ii.
791 2057 864 2085 519.

423 2131 526 2161 herbae,
538 2132 691 2162 gemmantes
700 2136 754 2153 rore
763 2127 875 2153 recenti.

272 2197 348 2228 Ver.
376 2200 446 2228 911.
475 2202 562 2227 tanto
599 2195 797 2225 membrorum
834 2195 948 2233 inpete:

231 2249 251 2278 i.
263 2258 293 2278 .e.
322 2253 445 2277 tantum
473 2247 610 2286 spatium
638 2255 703 2275 uno
727 2251 842 2275 conatu
867 2243 954 2282 pedis

232 2297 402 2329 valentium
421 2298 505 2328 obire
527 2303 558 2328 et
578 2296 757 2335 complecti3
779 2294 920 2325 conferas
934 2293 952 2324 i.

234 2354 307 2382 200.
328 2356 361 2381 et
388 2349 427 2380 de
453 2351 512 2380 hac
535 2349 618 2379 vocis
642 2351 771 2388 impetus
792 2351 953 2386 potestate,

232 2412 293 2432 ver.
310 2405 382 2432 201.
403 2401 533 2441 hujusce
546 2400 627 2431 libri.

276 2461 352 2491 Ver.
370 2463 440 2492 912.
462 2461 568 2490 m‘oeus:
602 2459 645 2488 ita
662 2465 705 2489 Ω.
720 2458 826 2498 vulgo,
849 2459 953 2493 νήπιε,-

234 2513 276 2544 V.
292 2511 339 2543 ed.
356 2511 396 2542 O.
410 2516 447 2541 Δ.
461 2512 742 2550 visus.·—pandere:
768 2509 788 2539 i.
803 2519 829 2539 e.
853 2511 875 2526 “
886 2519 955 2538 cru-

236 2567 258 2583 “
274 2565 359 2594 ribus
373 2561 469 2592 semel
484 2561 657 2592 divaricatis
678 2559 741 2590 alta
755 2559 852 2590 maria
872 2569 956 2589 com-

237 2617 260 2633 “
276 2613 466 2653 prehendere
473 2612 505 2650 ;’‘
529 2612 577 2642 vel
589 2641 591 2643 ,
597 2611 697 2652 gradu
719 2610 859 2649 simplice
874 2616 957 2640 tran-

236 2667 304 2698 sire.
350 2665 400 2696 Sic
429 2670 536 2695 autem
564 2663 680 2703 legitur
709 2661 959 2692 emendatissime

235 2718 270 2749 in
295 2719 331 2749 P.
357 2718 394 2748 L.
417 2716 548 2747 editores
569 2715 678 2745 inscite
696 2724 808 2754 ponere
830 2712 957 2742 effinxe-

237 2774 311 2799 runt
325 2779 342 2799 e
358 2770 492 2809 pondere
513 2767 665 2797 librorum
680 2764 775 2795 Vind.
790 2764 832 2795 V.
847 2763 894 2793 ed.
910 2763 958 2794 M.

241 2820 280 2850 Ο.
297 2827 338 2851 Π.
353 2825 388 2852 Σ.
406 2827 450 2851 Ω.
494 2818 584 2849 Nihil
606 2817 730 2857 planius
755 2822 809 2846 aut
833 2815 958 2855 elegan-

241 2871 303 2901 tius
327 2871 431 2902 nostra
454 2871 594 2902 lectione.
641 2870 781 2899 Venuste
795 2867 961 2907 Virgilius,

241 2933 309 2963 geo.
323 2923 355 2954 ii.
370 2926 441 2956 258.
463 2923 590 2954 variavit
614 2922 804 2954 locutionem
823 2921 959 2960 pandere

978 899 1067 929 nixus
1090 898 1214 937 pedum,
1243 894 1316 924 hinc
1344 891 1438 932 probe
1462 887 1700 929 intelligendus3

979 958 1054 978 nam
1070 947 1227 987 Heynius,
1250 956 1290 976 ne
1315 955 1370 984 per
1391 942 1539 973 nebulam
1561 939 1701 981 quidem,

979 1000 1042 1030 vim
1058 1000 1234 1035 verborum,
1248 1003 1303 1027 aut
1317 997 1425 1037 figurae
1437 992 1704 1034 pulchritudinem

980 1050 1146 1090 perspexit,
1168 1059 1187 1078 a
1201 1047 1314 1078 natura
1327 1048 1471 1086 serpentis
1486 1044 1635 1084 undique,
1659 1047 1703 1072 at-

981 1112 1041 1142 que
1066 1101 1251 1131 extendentis
1277 1108 1318 1133 se,
1344 1097 1457 1136 plantae
1481 1095 1565 1124 illius
1587 1093 1703 1124 deriva-

983 1157 1063 1181 tam:

1136 1243 1199 1251 —-
1207 1230 1315 1256 hederae
1324 1227 1450 1260 pandunt.
1458 1224 1569 1256 vestigia
1581 1223 1676 1255 nigrae.

987 1311 1074 1341 Hinc
1091 1321 1213 1350 passus,
1233 1308 1283 1339 vel
1303 1316 1432 1338 crurum
1453 1303 1627 1345 explicatio,
1653 1311 1710 1341 pro

982 1364 1109 1402 gradus.

1029 1424 1105 1453 Ver.
1120 1424 1192 1453 915.
1212 1423 1356 1461 Tempore
1367 1430 1424 1459 quo
1434 1419 1582 1458 primum.
1613 1415 1711 1446 Phra-

988 1484 1054 1504 sem
1068 1471 1225 1513 Virgilius
1240 1470 1370 1509 excepit,
1386 1470 1420 1499 in
1435 1479 1503 1509 geo.
1517 1468 1538 1498 i.
1554 1470 1604 1498 61.

1305 1569 1352 1594 quo
1363 1563 1410 1585 lem
1411 1564 1470 1592 pore
1478 1558 1589 1591 primum

1020 1604 1164 1629 Deucalion
1177 1609 1294 1628 vacuum
1306 1601 1405 1633 lapides
1416 1598 1528 1630 jactavit
1540 1598 1567 1621 in
1577 1596 1680 1621 orbem.

1034 1692 1114 1723 Ibid.
1136 1693 1224 1722 tellus
1245 1690 1396 1721 animalia
1416 1687 1527 1728 fudit:
1563 1683 1630 1715 redi
1652 1692 1713 1712 ver.

991 1747 1065 1773 821.

1034 1802 1107 1832 Ver.
1136 1805 1207 1833 916.
1242 1801 1354 1830 Nihil:
1389 1797 1432 1827 sic
1462 1795 1560 1825 Vind.
1595 1793 1635 1823 V.
1668 1792 1717 1822 ed.

992 1854 1108 1894 Vulgo,
1126 1854 1195 1883 Νῑι.

1033 1914 1109 1944 Ver.
1125 1915 1196 1945 917.
1220 1912 1435 1942 animantum.-
1457 1916 1597 1945 ‘nempc,
1618 1907 1717 1937 diver-

992 1978 1102 1998 sorum.

1036 2028 1112 2057 Ver.
1143 2029 1213 2058 920.
1246 2030 1390 2065 possunt:
1429 2021 1562 2052 editores
1591 2018 1720 2060 quidam

994 2085 1101 2110 contra
1114 2078 1218 2113 libros,
1229 2078 1346 2117 possint
1351 2091 1361 2112 ;
1386 2073 1532 2104 audacter
1547 2079 1577 2101 et
1591 2070 1694 2101 stulte.

1037 2140 1112 2169 Ver.
1129 2141 1200 2170 921.
1223 2138 1279 2167 Sed
1303 2137 1346 2166 si:
1379 2130 1646 2174 quemadmodum
1669 2139 1721 2158 ve-

995 2193 1115 2222 rissime
1136 2190 1286 2228 scriptum
1309 2192 1366 2224 est,
1392 2186 1466 2215 licet
1490 2183 1573 2214 ultra
1595 2186 1722 2220 captum

996 2243 1162 2278 editorum,
1188 2241 1222 2269 in
1238 2240 1278 2270 V.
1305 2238 1351 2267 ed.
1379 2237 1416 2266 L.
1441 2236 1488 2265 M.
1512 2239 1547 2264 Δ.
1565 2239 1607 2263 Π.
1624 2237 1658 2263 Σ.
1677 2238 1721 2261 Ω.

997 2294 1101 2333 vulgo,
1131 2294 1191 2322 Res
1216 2291 1276 2325 sic;
1300 2298 1358 2318 nec
1373 2285 1471 2317 Vind.
1494 2283 1595 2314 multo
1620 2282 1722 2318 aliter,

999 2348 1060 2376 Res
1075 2346 1118 2375 sz':
1144 2342 1198 2373 sed
1221 2339 1360 2372 collatori
1374 2349 1439 2368 non
1461 2340 1586 2376 egomet
1607 2339 1724 2363 temere

998 2397 1092 2428 fidem
1107 2396 1258 2425 habeam:
1283 2392 1320 2422 P.
1338 2391 1377 2421 O.
1399 2391 1454 2420 Sed
1469 2385 1656 2419 sic.—Ordo
1670 2389 1724 2420 est,

998 2458 1029 2482 et
1043 2449 1245 2482 constructio:
1279 2450 1301 2466 “
1321 2446 1392 2483 Sed,
1413 2445 1439 2475 si
1464 2444 1498 2485 (i.
1513 2453 1539 2473 e.
1561 2442 1722 2483 quoniam;

1000 2507 1022 2521 “
1037 2502 1106 2532 vide
1128 2510 1196 2538 nos,
1221 2498 1260 2529 ad
1282 2498 1301 2528 i.
1325 2501 1396 2528 869.
1425 2501 1456 2525 et
1477 2493 1566 2533 alibi)
1593 2501 1725 2532 quaeque

1001 2558 1024 2573 ‘⁴
1042 2554 1076 2595 (i.
1092 2564 1117 2584 e.
1138 2553 1241 2588 herba,
1264 2559 1325 2580 ver.
1345 2547 1431 2587 919.)
1455 2556 1512 2576 suo
1533 2546 1596 2575 ritu
1617 2554 1725 2583 proce-

1003 2612 1024 2627 “
1040 2608 1105 2646 det,
1127 2613 1158 2637 et
1172 2615 1282 2636 omnes
1299 2603 1333 2645 (i.
1348 2613 1372 2633 e.
1396 2611 1506 2632 omnes
1519 2602 1612 2630 etiam
1627 2599 1726 2628 lzerbae

1003 2663 1078 2689 “ac
1096 2657 1218 2699 fruges,
1248 2655 1402 2694 omnigeni
1412 2652 1500 2693 fetus
1529 2649 1635 2688 τεν-ηε)
1662 2658 1724 2678 ser-

1004 2715 1026 2730 “
1041 2716 1114 2740 vant
1128 2708 1320 2744 discrimina,
1344 2711 1463 2735 naturae
1478 2708 1562 2733 certo
1577 2699 1723 2731 foedere.”

1004 2764 1274 2802 Supervacaneum
1296 2762 1386 2794 esset,
1410 2755 1647 2793 molestumque,
1671 2761 1724 2781 va—

1003 2824 1058 2844 nas
1072 2812 1251 2843 criticorum
1274 2807 1479 2839 divinationes
1502 2804 1584 2835 male
1609 2803 1723 2833 ferian-

1003 2866 1083 2896 tium
1113 2873 1281 2900 recensere,
1314 2860 1425 2891 melius
1454 2857 1609 2888 oblivione
1637 2863 1723 2893 sepe-

1003 2916 1128 2948 liendas.

940 2977 1002 3007 L2
