1926 3224
556 271 788 320 LIBER
836 269 1192 328 QUINTUS.

1560 278 1620 318 93

274 404 398 453 Quod
419 403 550 445 facere
569 404 681 445 haud
703 403 781 444 ulla
802 412 938 458 posset
958 403 1130 453 ratione,
1153 403 1232 444 nisi
1252 409 1354 444 esset

274 479 463 520 Partibus
484 479 601 519 ae‘riis
622 478 782 527 mundi,
805 477 1003 532 coeloque,
1027 477 1222 518 revincta:

158 557 238 594 555
273 553 381 594 Nam
403 553 674 594 conmunibus
694 552 801 590 inter
821 565 863 590 se
883 550 1087 590 radicibus
1107 551 1282 601 haerent,

273 626 340 668 Ex
360 628 526 666 ineunte
545 639 634 664 aevo
656 624 888 677 conjuncta,
912 631 1034 677 atque
1055 624 1190 663 uniter
1210 632 1340 665 aucta.

332 700 483 740 Nonne
503 697 613 737 vides
633 696 772 745 etiam,
795 709 919 750 quam
940 709 1093 751 magno
1112 696 1296 750 pondere
1315 698 1433 739 nobis

273 773 507 815 substineat
526 786 674 827 corpus
694 770 930 812 tenuissima
950 769 1008 809 vis
1029 770 1201 819 animai}

273 846 513 900 Propterea,
535 846 631 901 quia
650 854 734 886 tarn
756 845 989 899 conjuncta,
1013 852 1134 898 atque
1154 843 1289 885 uniter
1304 852 1414 900 apta,
1437 846 1520 887 est?

159 926 241 962 560
271 920 478 974 Denique,
493 919 581 974 jam
603 920 705 961 saltu
725 919 881 974 pernici
902 917 1043 958 tolleze
1065 932 1213 972 corpus

275 994 380 1043 Quis
399 994 506 1049 potis
526 1002 600 1044 est,
622 994 701 1034 nisi
722 994 780 1034 vis
801 993 966 1042 animae,
989 1006 1081 1047 quae
1102 991 1288 1033 membra
1306 992 1532 1049 gubernat?

134 1173 212 1201 Pius
226 1168 344 1210 utique,
368 1169 482 1209 pietate
496 1175 599 1200 motus
613 1169 647 1200 in
663 1169 768 1201 Delon
784 1179 850 1199 ma-

131 1228 222 1258 trem,
238 1231 292 1251 seu
308 1220 442 1251 natalem
458 1227 584 1258 terram;
603 1228 637 1251 ut
651 1222 768 1261 optime
782 1221 850 1250 Ser-

131 1273 207 1302 vius.
254 1272 346 1302 Viros
360 1272 465 1302 doctos
478 1273 712 1313 frigidissimam
728 1280 758 1303 et
773 1273 850 1303 otio-

131 1334 198 1354 sam
213 1324 394 1362 scripturam
407 1327 497 1364 prius
519 1325 765 1364 exquisitissimae
788 1325 853 1354 voci

131 1375 340 1414 praeferentes,
351 1375 423 1404 satis
434 1375 539 1405 mirari
551 1386 685 1415 nequeo:
704 1383 739 1406 ut
752 1376 783 1405 Η
788 1376 854 1405 ein-

133 1426 214 1455 sium
231 1437 364 1467 quoque,
386 1427 596 1457 infelicissime
618 1433 855 1466 proponentem,

138 1478 241 1517 Gyaro
257 1488 280 1507 e.
327 1478 494 1513 Caeterum,
510 1478 718 1508 venerandam
734 1478 852 1518 rubigi-

134 1539 208 1559 nem
237 1529 439 1570 antiquitatis,
473 1529 630 1560 defaecatis
666 1531 856 1560 membranis

133 1581 280 1616 obsecuti,
311 1581 480 1610 rectissime
514 1581 748 1611 redonavimus:
787 1581 857 1611 vide

134 1641 190 1660 nos
205 1631 295 1666 infra,
312 1631 352 1660 ad
367 1632 407 1660 vi.
425 1634 498 1662 525.
541 1632 707 1667 Arnobius,
723 1642 786 1671 quo
800 1643 855 1662 ne-

132 1691 186 1710 mo
201 1681 368 1711 studiosius
384 1682 545 1720 po'e'tarum
562 1682 748 1711 Latinorum
764 1683 855 1720 phra-

132 1732 192 1761 sim
207 1731 361 1768 delibavit,
385 1731 436 1761 lib.
454 1732 473 1761 i.
490 1742 518 1770 p.
534 1735 584 1761 20.
608 1735 630 1750 “
648 1735 854 1772 Arquitenen-

133 1787 156 1802 “
171 1790 223 1819 tes,
247 1783 354 1813 Diana
375 1789 406 1813 et
422 1783 606 1823 Apollo—.”

133 1845 236 1872 versu,
259 1842 299 1865 Π.
324 1837 410 1872 ZVon,
426 1845 482 1874 pro
499 1837 595 1866 Nam.

649 1784 690 1813 In
713 1791 859 1824 sequente

178 1893 250 1924 Ver.
276 1897 348 1925 556.
370 1896 474 1925 uniter
496 1901 605 1926 aucta:
632 1895 652 1925 i.
669 1906 694 1925 e.
717 1906 855 1925 concres-

133 1945 250 1982 centia3
266 1945 362 1975 simul
377 1952 469 1985 atque
484 1946 643 1986 aequaliter
658 1946 858 1985 pubescentia

133 2003 165 2027 et
199 1996 414 2027 adolescentia.
458 1997 580 2033 Lector,
610 1997 750 2027 attendas
772 1997 858 2028 aliud

132 2047 291 2087 specimen
306 2048 454 2078 orationis
477 2049 611 2086 variatae‚
637 2048 698 2088 qua
719 2050 859 2080 carmina

133 2099 300 2130 Lucretius
314 2099 460 2137 condivit,
485 2100 574 2130 nobis
596 2100 685 2130 toties
710 2100 856 2139 praedica—

131 2157 217 2189 tum3
241 2158 272 2182 et
307 2151 421 2190 pariter
455 2152 700 2183 audacissimum
737 2153 858 2184 facinus

133 2203 300 2241 editorum,
321 2214 359 2233 ex
374 2203 501 2233 arbitrio
523 2215 617 2234 suum
633 2212 716 2244 opta,
741 2205 780 2235 de
795 2215 855 2235 ver.

135 2257 205 2285 558.
228 2255 423 2293 translatum,
440 2256 598 2285 contextui
612 2255 856 2293 inculcantium;

136 2306 220 2345 quod
256 2306 472 2337 inducendum
507 2308 615 2345 habui,
651 2307 859 2338 sincerissima

134 2355 268 2386 lectione
289 2357 416 2387 tandem
437 2358 584 2397 reposita,
604 2358 688 2388 libris
709 2358 860 2388 universis

135 2417 256 2437 morem
271 2407 402 2438 libenter
415 2419 534 2449 gerens.

177 2467 251 2497 Ver.
268 2470 340 2499 559.
363 2471 434 2508 quia
465 2475 545 2499 tam:
573 2469 613 2499 V.
642 2469 690 2500 ed.
719 2473 858 2510 quedam.

134 2521 308 2549 —um'ter.·
360 2525 400 2549 Π.
438 2522 681 2560 intem—apta.-
730 2522 771 2552 V.
811 2523 858 2554 ed.

131 2576 240 2609 rapta;
263 2575 302 2599 Π.
321 2576 432 2609 rupta:
457 2571 584 2601 attracta
599 2572 763 2612 utrobique
777 2574 859 2603 vocis

133 2621 302 2660 praeeuntis
326 2621 425 2652 litera:
461 2622 567 2653 redeas
596 2629 702 2654 autem
728 2624 768 2654 ad
797 2635 857 2656 ver.

136 2675 207 2704 538.

175 2733 249 2763 Ver.
267 2736 338 2765 560.
356 2736 498 2774 pernici:
524 2735 621 2766 Vind.
638 2737 678 2767 V.
698 2736 745 2767 ed.
761 2737 798 2768 B.
812 2737 858 2769 M.

137 2790 178 2814 11.
195 2789 229 2815 Σ.
251 2791 296 2815 Ω.
313 2787 457 2824 pernice;
481 2786 535 2816 sed
560 2797 642 2827 aegre
663 2798 772 2818 verum
793 2799 858 2819 cre-

134 2836 219 2875 dam,
233 2837 277 2867 sic
292 2843 378 2868 extra
389 2849 539 2869 caesuram
554 2840 855 2878 positum—tollere.-

136 2886 176 2916 Ο.
201 2890 335 2919 attollere
341 2905 352 2925 ;
390 2900 447 2920 nec
477 2891 657 2929 sprevissem
687 2902 759 2922 sane
786 2903 860 2922 cum

129 2941 267 2978 pernice,
285 2940 344 2971 nisi
366 2941 522 2973 videretur
536 2943 704 2983 medicina,
725 2945 859 2982 cuidam,

894 1173 1031 1198 metrum
1045 1164 1205 1196 suffulcire
1220 1163 1370 1204 cupienti,
1390 1164 1531 1205 cogitata.
1570 1165 1620 1196 Sic

897 1219 1040 1255 Ovidius,
1054 1224 1126 1247 met.
1142 1217 1192 1246 vii.
1209 1219 1280 1247 847.

1122 1301 1273 1329 corpusque,
1283 1303 1345 1321 meo
1356 1296 1423 1320 mihi
1435 1296 1532 1326 carius,
1542 1296 1611 1321 ulnis

929 1340 1053 1364 sontibus
1063 1337 1190 1362 attollo—.

941 1402 1021 1433 Ibid.
1044 1403 1123 1432 saltu
1139 1403 1240 1431 tollere
1255 1411 1370 1440 corpus.
1408 1398 1520 1430 Paullo
1535 1399 1623 1430 aliter

898 1454 1106 1490 Mantuanus,
1122 1452 1161 1481 ad
1178 1452 1253 1482 AEn.
1270 1451 1321 1481 xii.
1338 1454 1409 1481 287.

961 1525 1101 1550 Infrenant
1112 1524 1154 1548 alii
1165 1530 1267 1552 currus,
1278 1527 1325 1548 aut
1338 1526 1439 1555 corpora
1451 1523 1519 1548 saltu

963 1564 1102 1596 Subjiciurzt
1114 1563 1140 1587 in
1152 1569 1281 1593 equos—2

900 1628 920 1657 i.
943 1637 968 1657 e.
999 1627 1116 1662 cle-sub,
1140 1635 1252 1663 nempe
1281 1624 1321 1654 de
1350 1623 1444 1661 terra,
1472 1626 1624 1655 attollunt.

901 1679 997 1708 Hanc
1013 1684 1118 1708 autem
1134 1683 1316 1716 potestatem
1333 1687 1448 1706 vocum
1471 1676 1514 1706 sic
1539 1686 1625 1706 com-

899 1730 1068 1768 positarum
1086 1729 1331 1767 praestrinximus
1345 1728 1384 1758 ad
1400 1729 1420 1757 i.
1441 1732 1468 1758 8.
1491 1734 1523 1757 et
1543 1728 1626 1758 alibi.

903 1780 976 1810 Hoc
1003 1780 1161 1818 Heynius‚
1185 1779 1224 1808 ad
1250 1778 1270 1808 l.
1285 1789 1310 1808 c.
1334 1779 1489 1815 Maronis,
1514 1779 1627 1808 vocitat

901 1842 1013 1861 morem
1037 1832 1257 1869 Virgilianum,
1282 1830 1370 1869 quasi
1385 1831 1483 1867 po'e'tae
1501 1839 1558 1859 suo
1572 1840 1625 1868 pe-

901 1881 1067 1919 culiarem3
1090 1881 1196 1910 minus
1212 1885 1362 1910 accurate.

945 1934 1017 1964 Ver.
1041 1937 1113 1964 561.
1141 1935 1235 1967 Quis:
1262 1933 1300 1962 B.
1328 1934 1405 1968 Qui‚-
1431 1932 1626 1962 Havercam-

901 1996 972 2024 pus,
1001 1987 1082 2019 Quid
1091 2000 1102 2020 ;
1126 1984 1165 2014 de
1191 1982 1457 2022 importunissima
1482 1984 1574 2013 Fabri
1597 1994 1628 2013 e-

900 2036 1113 2074 mendatione,
1137 2035 1288 2076 Preigero
1310 2044 1473 2074 perperam
1491 2034 1628 2073 probata.

902 2087 967 2117 Res
989 2087 1062 2117 satis
1086 2092 1161 2116 nota
1186 2087 1225 2115 sit
1248 2086 1331 2123 licet,
1352 2085 1518 2115 audiamus
1541 2086 1628 2115 Pris-

902 2138 1041 2175 cianum,
1070 2137 1120 2168 lib.
1144 2137 1208 2167 xiii.
1230 2147 1260 2175 p.
1285 2140 1356 2167 960.
1391 2139 1412 2153 “
1434 2137 1508 2170 Quis
1531 2136 1627 2166 etiam

903 2194 925 2209 ‘⁶
939 2190 1118 2220 communis
1141 2200 1205 2219 esse
1235 2189 1358 2229 generis
1372 2194 1561 2227 putaverunt
1575 2198 1627 2218 ve-

901 2245 924 2260 “
940 2241 1114 2278 tustissimi,
1142 2241 1223 2271 sicut
1250 2240 1335 2278 apud
1367 2240 1493 2269 Graecos
1525 2240 1551 2273 ὃς
1575 2253 1626 2273 τις.

902 2297 926 2312 “
942 2293 1120 2330 Terentius,
1135 2293 1169 2322 in
1183 2293 1353 2329 Eunucho,
1369 2292 1409 2321 iv,
1427 2295 1456 2321 4.
1475 2294 1523 2321 11.

1316 2373 1394 2397 Hunc
1406 2372 1489 2397 oculis
1499 2372 1550 2396 suis

965 2413 984 2426 ‘⁶
997 2413 1153 2436 Nostrarum
1165 2418 1315 2442 numquam
1327 2411 1460 2443 quisquam
1472 2411 1580 2435 vidit—.

904 2505 926 2521 “
943 2502 1130 2532 Nostrarum
1152 2505 1313 2542 quisquam
1341 2501 1430 2539 dixit,
1458 2511 1515 2541 pro
1543 2512 1626 2543 quae-

903 2557 926 2572 ‘⁶
941 2565 1043 2594 quam.
1087 2553 1229 2591 Plautus,
1246 2554 1280 2582 in
1296 2552 1481 2583 Vidularia:

934 2637 954 2650 “
963 2635 1011 2660 Dic
1021 2635 1098 2664 mihi,
1109 2635 1188 2664 sodes,
1205 2634 1261 2667 quis
1271 2641 1302 2659 ea
1313 2638 1363 2665 est,
1384 2642 1467 2666 quam
1479 2635 1518 2659 vis
1529 2635 1628 2659 ducere

1024 2676 1043 2688 ‘⁶
1057 2674 1209 2699 uxorem?’'

906 2748 956 2779 Sic
972 2748 1156 2789 legendum:
1182 2749 1264 2787 libri,
1289 2753 1312 2768 “
1331 2750 1393 2780 Dic
1408 2750 1498 2788 mihi,
1521 2751 1549 2780 si
1569 2760 1627 2779 au-

903 2804 926 2818 “
942 2801 1023 2831 des.''
1069 2801 1112 2830 Et
1129 2801 1276 2831 Donatus
1292 2800 1331 2831 ad
1355 2801 1459 2832 locum
1487 2800 1627 2831 Terentii

902 2851 1017 2890 posuit,
1048 2854 1071 2869 ‘⁴
1089 2852 1231 2892 Antiqua
1262 2852 1379 2883 locutio
1405 2852 1480 2883 est.”
1527 2852 1627 2882 Caete-

903 2913 988 2940 rum,
1016 2903 1094 2942 pede
1116 2914 1182 2934 uno
1206 2903 1411 2941 redundante,
1445 2915 1550 2935 versus
1578 2904 1628 2932 hic

904 2953 1019 2995 legitur
1034 2955 1067 2985 in
1084 2956 1126 2987 V.
1141 2955 1187 2987 ed.
1204 2956 1239 2987 L.
1256 2961 1291 2989 Σ.
1311 2962 1354 2987 Ω..
