1926 3224
261 293 299 335 vi
726 291 818 332 AD
862 288 1249 331 LECTOREM.

272 407 346 450 Isti
366 421 477 458 sane,
499 407 568 462 qui
588 419 650 446 res
670 405 831 459 imperii
850 403 969 444 nobis
993 402 1294 450 administrant,
1324 402 1386 444 vel
1419 404 1557 458 potius
1585 418 1747 460 pessum

270 482 386 531 dant,
417 481 460 521 in
480 479 584 520 bella
603 477 755 534 quaevis
775 476 1064 526 scelestissima,
1095 476 1139 515 in
1169 475 1402 516 servitutem
1425 478 1749 535 propagandam,

270 555 314 596 in
333 554 519 595 homines
539 550 851 594 cumulatissime
870 549 1149 600 trucidandos,
1171 552 1387 606 pecuniam
1407 559 1470 607 ὅλῳ
1490 556 1630 606 &many
1649 552 1753 606 pub-

270 627 391 668 licam
429 627 560 681 parati
591 633 687 667 sunt
715 623 971 678 impendere3
1003 624 1074 665 sed
1102 625 1312 667 literarum
1341 624 1513 675 asseclis,
1555 625 1625 679 qui
1659 623 1754 665 talia

272 700 427 757 flagitia
451 707 729 748 exsecrantur,
766 696 868 737 nihil
895 696 1063 747 habent,
1101 712 1154 739 ne
1173 699 1403 740 teruncium
1423 697 1589 754 quidem
1608 711 1754 747 unum,

272 774 385 830 quod
403 773 542 830 largiri
561 772 700 821 velint,
718 777 869 825 praeter
888 769 1124 811 vilissimum
1142 772 1241 813 illud
1255 773 1498 829 ignavorum
1514 771 1756 822 solatiolum,

274 853 490 901 Θεςμαιινεσθε
508 864 566 884 και
585 845 794 897 χοςτοιζεσθε.
868 843 951 883 His
982 843 1034 884 de
1068 846 1216 886 caussis
1250 846 1504 900 propositum
1537 859 1676 886 meum
1706 844 1759 884 de

277 916 410 958 Statio
429 915 637 970 poliendo,
672 915 783 969 cujus
814 916 1063 957 mentionem
1095 917 1213 958 intuli
1247 918 1290 958 in
1321 919 1429 959 notis
1458 918 1509 959 ad
1528 918 1596 958 lib.
1616 933 1653 958 v.
1675 931 1757 958 ver.

277 991 372 1030 376.
405 989 575 1029 omnino
605 987 923 1042 abjudicandum
957 1003 1118 1040 censeo,
1155 990 1287 1032 donec
1316 991 1419 1032 ordo
1448 1006 1586 1032 rerum
1613 990 1757 1032 melior

275 1068 485 1109 nascatur;
519 1061 679 1115 qualem
708 1061 837 1102 indies
869 1071 1103 1116 exspectare
1129 1077 1212 1104 non
1235 1063 1457 1104 absurdum
1476 1072 1547 1105 est.
1608 1063 1707 1105 Hoc
1728 1064 1760 1105 si

276 1150 342 1175 me
362 1134 454 1175 vivo
475 1133 547 1174 fiat
567 1149 614 1174 ac
635 1134 811 1190 vigente,
844 1135 949 1176 illico
978 1135 1134 1177 vultum
1163 1151 1321 1178 sumam
1348 1137 1476 1178 multa
1495 1136 1702 1178 minantis¹
1720 1144 1761 1178 et

278 1207 495 1262 praeclara3
528 1222 660 1262 neque
690 1208 800 1248 enim
830 1223 881 1248 ex
910 1209 986 1249 illis
1016 1224 1120 1259 sum,
1155 1211 1224 1266 qui
1255 1210 1368 1251 domi
1397 1208 1540 1251 malint
1571 1210 1759 1260 otianteS,

278 1289 400 1336 atque
420 1280 592 1321 aliorum
623 1278 875 1335 diligentiam
905 1281 1081 1338 maligne
1109 1282 1355 1334 vellicantes,
1388 1292 1552 1325 aetatem
1583 1283 1763 1325 desidem

277 1368 533 1402 consumere,
571 1367 623 1392 ne
643 1352 858 1394 videantur
879 1368 964 1395 non
994 1355 1289 1410 impeccabiles,
1326 1372 1449 1412 quam
1482 1357 1526 1413 in
1560 1357 1762 1398 humanos

278 1441 449 1475 errores,
472 1433 511 1466 ct
530 1425 640 1466 intra
661 1426 790 1466 vcniae
811 1441 923 1481 spem
943 1429 1112 1482 positos,
1135 1429 1306 1471 subinde
1327 1430 1483 1471 cadere.
1544 1430 1618 1471 Illa
1637 1431 1759 1472 nimi-

280 1514 372 1540 rum
394 1498 614 1541 Pindarica
634 1498 752 1540 nobis
772 1500 954 1555 impense
974 1501 1150 1555 placent,
1172 1510 1212 1544 et
1232 1502 1471 1557 placuerunt
1492 1517 1662 1557 semper:

830 1707 853 1729 ει
873 1691 904 1730 δε
924 1710 972 1734 τις
993 1693 1072 1731 ενδον
1093 1711 1170 1744 νεμει

707 1766 834 1793 πλετον
853 1766 1023 1807 κξυφοιιον,

706 1830 842 1857 οιλλοισι
863 1818 891 1857 δ’
910 1836 1080 1868 spemn-”tm
1098 1831 1197 1872 γελᾳ·

704 1883 827 1933 ψυχῶν
846 1883 928 1934 οιῖδᾳ
945 1895 1058 1922 τελεων
1077 1903 1113 1922 ov

709 1946 874 1999 φςοιζεταιι
894 1946 988 1994 δυξας
1008 1954 1138 1986 ανευθεν.

343 2147 422 2189 Sed
455 2146 579 2197 enim,
614 2154 659 2188 ut
689 2144 780 2187 haec
812 2148 1013 2198 omittam,
1050 2148 1233 2190 animum
1263 2148 1471 2190 advertere
1499 2158 1554 2199 te,
1590 2148 1760 2190 Lector!

284 2220 418 2270 velim,
449 2235 561 2262 meos
591 2222 918 2271 commentarios,
951 2230 1157 2277 utcunque
1185 2223 1440 2277 prolixiores,
1471 2222 1659 2263 brevitati
1683 2230 1765 2264 stu-

283 2293 507 2334 diosissime
527 2294 772 2335 consuluisse
792 2295 833 2334 in
857 2293 986 2336 MSS.
1018 2295 1292 2351 designandis,
1330 2304 1370 2336 et
1399 2295 1631 2337 auctoribus
1659 2295 1766 2336 indi-

284 2366 442 2416 candis;
474 2374 520 2407 ut
540 2374 741 2421 emptores
771 2367 862 2407 libri
889 2381 1066 2408 mercem
1079 2368 1344 2423 justissimam
1363 2369 1570 2410 haberent.
1635 2368 1768 2410 Index

284 2447 420 2480 autem
440 2440 618 2489 criticus,
651 2440 720 2494 qui
740 2439 862 2496 longe
882 2440 1046 2481 uberior
1075 2441 1128 2482 ad
1158 2443 1331 2496 speciem
1352 2442 1534 2483 exhiberi
1554 2442 1765 2496 potuisset,

283 2513 315 2551 si
336 2513 379 2552 in
401 2513 658 2554 commutatis
678 2513 926 2554 dictionibus
946 2515 1201 2556 recensendis
1222 2516 1436 2557 articulum
1457 2515 1674 2570 utrobique
1693 2529 1768 2570 po-

261 2583 465 2635 ‘suissem,
501 2586 613 2642 quod
643 2586 708 2626 alii
738 2601 823 2627 non
852 2602 1018 2642 prorsus
1048 2589 1243 2630 inutiliter
1272 2589 1473 2639 fecerunt3
1505 2589 1553 2638 is,
1584 2588 1766 2644 inquam,

289 2658 417 2699 multo
446 2666 506 2699 est
535 2660 720 2700 omnium
750 2675 823 2700 suo
854 2675 1003 2716 genere
1033 2676 1110 2715 pro
1140 2662 1328 2703 mensura
1358 2662 1506 2717 operiS,
1538 2675 1638 2716 quos
1659 2661 1771 2717 equi-

282 2731 379 2772 dem
400 2731 598 2781 noverim,
630 2732 957 2787 perfectissimus:
990 2743 1030 2775 et
1050 2735 1092 2774 in
1114 2750 1178 2785 eo,
1201 2736 1278 2776 nisi
1298 2735 1425 2784 fallar,
1446 2734 1573 2774 multa
1593 2734 1771 2776 subsidia

284 2802 338 2843 ad
368 2803 690 2858 corruptelarum
719 2806 1043 2860 propulsationes
1075 2806 1187 2848 docti
1220 2807 1386 2848 lectores
1421 2816 1514 2847 stmt
1545 2808 1767 2861 experturi.

287 2876 433 2916 Artem
454 2891 549 2917 vero
571 2878 767 2928 criticam,
807 2887 1004 2934 quatenus
1024 2880 1067 2919 in
1088 2880 1336 2935 explicandis
1357 2888 1397 2921 et
1417 2880 1682 2921 emendandis
1702 2895 1770 2921 ve-

283 2957 417 2990 terum
437 2950 594 3004 scriptis
615 2951 764 2992 versari
783 2951 899 3001 solet,
938 2951 1123 2993 nondum
1154 2953 1304 2994 habere
1323 2954 1400 2994 nisi
1420 2952 1634 2995 infantiam
1655 2967 1768 2995 suam
