1926 3224
273 215 363 255 112
771 208 834 255 T.
871 204 1247 254 LUCRETII

415 339 645 381 Concussos
664 337 780 386 itere,
811 343 852 376 et
870 334 1087 376 labefactos
1107 335 1200 374 a'e're
1218 334 1366 383 mult0;

413 414 517 463 Aut,
539 412 635 467 quja
655 410 729 451 sub
749 419 877 451 terras
896 423 1059 450 cursum
1079 417 1318 450 convortere
1339 409 1450 465 cogit

412 486 486 527 Vis
504 486 662 535 eadem,
684 498 808 539 supra
826 498 918 540 quae
938 491 1065 524 terras
1084 482 1264 537 pertulit,
1295 482 1449 523 orbem.

270 643 451 681 importuno
464 641 599 682 quodam
614 647 792 672 correctore.
815 640 907 672 Idem
917 650 991 671 mox

271 693 345 725 ibid.
361 703 421 723 ver.
439 696 509 725 291.
525 694 568 723 ita
583 693 775 724 scribendus:

272 778 362 808 ulum,
373 785 421 810 per
431 778 504 802 vicos
513 777 647 809 urbesque,
664 785 711 808 per
720 778 809 802 abdita
821 781 893 802 tecta

272 818 373 847 Perque
383 816 451 841 iteris
459 820 563 846 stratas,
573 823 620 848 per
628 819 705 840 notos
712 823 812 848 perque
820 816 991 847 propinquos,

272 856 418 887 Quaerebat
430 856 571 888 genetrix:

270 929 294 960 i.
311 940 336 960 e.
361 933 383 948 “
399 940 453 969 per
467 930 559 965 vicos,
582 930 684 967 urbeS,
707 929 893 960 rusticorum
909 940 992 960 casas

271 983 295 999 ‘⁴
311 980 392 1022 agris
420 981 551 1018 abditas,
574 987 666 1021 atque
694 980 819 1019 publica
846 980 990 1011 itinera.”

270 1032 389 1074 Vulgo,
411 1036 511 1065 urbis:
538 1040 570 1064 et
584 1033 693 1064 eadem
705 1039 750 1064 est
764 1034 814 1064 hic
831 1034 925 1063 etiam
939 1043 991 1063 va-

269 1084 363 1116 rietas
376 1085 409 1115 in
426 1086 521 1124 libris,
544 1096 580 1116 ac
595 1085 743 1125 superius.
770 1085 890 1116 Rursus
904 1084 990 1115 deni-

270 1147 332 1178 que
344 1137 417 1168 ibid.
433 1138 471 1168 iv.
489 1140 559 1169 770.

284 1206 370 1231 Ecce!
389 1205 458 1231 iteris
468 1206 558 1232 medio
569 1207 654 1232 clarus
666 1214 693 1232 se
704 1207 821 1232 ostendit
833 1208 971 1232 lesus-—.

268 1263 314 1294 Et
329 1265 417 1294 abeat
431 1265 464 1294 in
480 1264 596 1294 malam
612 1275 677 1294 rem
687 1274 759 1294 cum
775 1274 830 1294 suo
845 1265 912 1299 viae,
928 1268 988 1292 ter-

268 1314 350 1345 tium
376 1315 540 1351 inculcato,
562 1315 666 1345 nescio
687 1316 756 1355 quis
780 1313 992 1344 odiosissimus

267 1367 477 1397 ardelionum:
529 1367 615 1406 quasi
646 1366 761 1396 scilicet
785 1366 992 1396 venerandam

270 1417 407 1448 melioris
422 1417 476 1447 aevi
491 1417 669 1457 rubiginem
692 1417 724 1446 hi
746 1416 907 1455 scriptores
929 1426 992 1446 non

270 1469 495 1499 studiosissime
510 1468 575 1497 suis
597 1467 786 1497 carminibus
801 1466 992 1497 inducerent.

271 1519 334 1550 Sed
355 1530 456 1560 genus
475 1518 559 1548 istud
581 1518 666 1548 scioli
692 1528 806 1548 manus
831 1517 993 1558 sacrilegas

269 1571 408 1611 reliquiis
422 1571 567 1601 omnibus
583 1570 776 1611 antiquitatis
791 1569 908 1600 altioris
919 1570 992 1610 inji-

269 1632 338 1653 cere
353 1623 510 1653 temeriter
525 1622 672 1653 solebant.

313 1674 395 1705 Ibid.
416 1675 577 1713 labefactos
598 1677 668 1705 aare
689 1677 799 1705 mullo:
825 1677 848 1693 ‘²
864 1684 919 1713 per
937 1673 995 1704 iter

270 1728 294 1744 “
309 1725 529 1765 longissimum
573 1724 689 1755 scilicet
728 1725 867 1763 pulsibus
903 1724 993 1761 aeris,

269 1779 293 1795 ‘⁴
309 1783 433 1815 propter
461 1775 570 1806 cursus
599 1775 798 1810 celeritatem,
828 1774 994 1804 violentius

270 1828 293 1846 “
309 1826 566 1869 impingentibuS,
589 1831 620 1855 et
641 1835 770 1864 corpora
789 1825 993 1855 everberanti-

270 1881 293 1897 “
309 1877 408 1908 bus:”
431 1877 571 1908 conferas
583 1876 620 1906 iv.
638 1879 708 1908 956.
725 1877 764 1907 vi.
781 1880 871 1908 1026.

313 1938 389 1968 Ver.
416 1940 487 1969 653.
509 1943 698 1968 convortere:
728 1936 770 1967 sic
798 1937 844 1966 M.
870 1936 992 1977 reliqui,

269 2000 326 2030 pro
341 1999 439 2027 more,
453 1989 493 2020 ad
507 1989 714 2019 recentiorum
729 1989 992 2029 orthographiam,

268 2047 446 2072 convertere.

313 2094 394 2124 Ibid.
419 2094 499 2124 Haec
514 2094 607 2124 etiam
621 2100 666 2124 est
681 2103 718 2124 ex
733 2093 905 2124 rationibus
916 2093 992 2133 Epi-

270 2144 338 2175 curi
347 2156 356 2182 ;
371 2144 404 2174 in
420 2145 509 2185 cujus
525 2145 623 2175 verbis
638 2144 722 2184 apud
738 2145 915 2185 Diogenem
930 2145 991 2175 La-

271 2196 395 2233 'c'rtium,
418 2207 446 2226 x.
462 2200 512 2228 92.
534 2203 708 2227 monstrum
723 2203 816 2226 restat
827 2197 894 2237 jam
910 2207 995 2227 nunc

272 2250 363 2280 nobis
378 2248 611 2279 debellandum:
635 2249 708 2279 Κατ’
725 2255 874 2288 εμφαινειαν
885 2262 915 2279 τε
929 2249 997 2291 ὑπερ

275 2315 339 2342 γης,
363 2314 413 2331 και
429 2307 519 2331 ‘taam
537 2305 846 2331 ΕΠῙΠΡΟΣΘΗΣῙΝ
873 2301 994 2337 (obscu-

273 2353 453 2392 rationem),
477 2365 510 2381 το
526 2363 708 2393 προειρημενον
731 2350 834 2381 Buram*
851 2364 885 2381 αν
899 2364 995 2382 συντε-

274 2406 393 2434 λεισθαι·
411 2402 469 2434 εἶεν
485 2416 543 2443 ’γαρ
565 2415 619 2433 ‘rm
643 2411 807 2443 φαινομενων
821 2416 994 2444 αντιμαρτν-

274 2468 319 2498 ρει.
366 2455 405 2484 In
420 2454 507 2484 libris
521 2461 576 2490 est,
600 2457 828 2497 taeaaeposfiwnon.
874 2455 996 2485 Plutar-

274 2507 370 2536 chum
386 2506 418 2535 in
435 2505 545 2536 eadem
562 2516 635 2536 voce
651 2506 765 2536 librarii
780 2512 996 2545 corruperunt,

272 2557 313 2588 de
329 2557 443 2588 consol.
460 2557 500 2588 ad
518 2557 622 2597 Apoll.
645 2568 673 2597 p.
693 2561 761 2588 121.
779 2563 807 2588 Β.
824 2565 897 2588 tom.
913 2558 951 2588 vi.
967 2569 996 2597 p.

273 2612 346 2640 461.
366 2609 497 2639 Reiskii:
526 2615 628 2640 'raum
640 2609 666 2640 δε
683 2621 783 2640 ταντα
801 2614 995 2641 Enlnpoz·

274 2666 400 2692 ΘΗΣῙΣ
425 2674 543 2701 yma-aa,
568 2675 617 2692 και
641 2675 681 2692 ‘roe
697 2663 803 2692 ἓαντων
818 2669 994 2702 apocatasta-

273 2727 315 2744 τοι
331 2727 380 2744 και
397 2728 436 2744 τοι
449 2728 504 2745 των
520 2728 683 2755 κρινομενων.
722 2714 839 2755 Vulgo,
867 2727 994 2756 επιπρος·

272 2767 352 2798 ῥῆσις.
389 2765 532 2795 Reiskius
546 2767 711 2797 infeliciter
725 2767 872 2797 tentabat.
909 2767 994 2797 Ean-

275 2814 348 2845 dem
371 2815 556 2845 medicinam
583 2819 835 2855 praestantissimo
858 2818 995 2857 scriptori

277 2872 385 2906 sponte
406 2865 550 2902 feceram,
573 2867 612 2898 ad
635 2868 656 2898 i.
681 2878 710 2908 p.
736 2872 806 2900 160.
833 2875 865 2901 E.
889 2869 995 2901 rescri-

1034 638 1135 670 bendo
1165 642 1365 681 επιπροςθεντοι
1403 648 1460 678 pro
1489 641 1646 681 ετιπροσθεν
1675 652 1752 676 owroe,

1033 691 1118 730 prius
1131 702 1225 732 quam
1241 691 1460 721 intellexissem
1475 691 1508 721 in
1524 702 1584 722 var.
1606 692 1686 722 lectt.
1710 692 1754 721 ita

1035 742 1180 772 exhiberi.
1225 742 1327 772 Valde
1343 742 1438 772 miror
1456 743 1629 781 Reiskium,
1647 742 1755 772 multae

1034 791 1176 822 lectionis
1190 793 1342 830 criticum,
1358 793 1543 832 haesitavisse
1552 795 1584 824 in
1594 793 1755 830 vocabule,

1035 854 1134 884 quum
1148 844 1221 874 alibi
1245 844 1432 875 Plutarchus
1454 856 1528 876 usus
1552 846 1592 875 sit
1614 846 1686 885 plus
1707 855 1756 875 se-

1035 895 1107 931 mel,
1131 895 1203 926 alibi
1220 895 1380 936 Diogenes
1390 896 1539 932 Laertius,
1563 896 1710 927 Euclides
1721 895 1756 926 in

1035 946 1143 986 optieis
1157 946 1328 986 aliquoties,
1355 947 1538 978 Cleomedes
1552 948 1585 978 in
1600 948 1756 984 memoris,

1036 999 1225 1029 Parthenius
1240 998 1272 1028 in
1288 999 1418 1034 eroticis,
1445 1009 1509 1038 cap.
1528 1002 1575 1029 17.
1590 1000 1758 1038 interprete

1035 1060 1100 1080 non
1122 1049 1310 1086 intellectus3
1337 1049 1490 1079 Arrianus
1514 1049 1546 1079 in
1573 1050 1702 1087 tacticis,
1724 1060 1756 1089 p.

1037 1104 1086 1131 78.
1110 1100 1135 1129 si
1157 1100 1252 1130 modo
1267 1105 1348 1130 caste
1370 1100 1522 1130 scribatur
1537 1099 1576 1130 ad
1591 1101 1675 1130 hunc
1689 1109 1758 1130 mo-

1036 1151 1127 1182 dum:
1156 1157 1199 1181 Ta
1223 1165 1307 1192 κρανη
1322 1151 1349 1182 δε
1373 1165 1482 1188 ταυτα,
1507 1164 1523 1182 8
1546 1154 1623 1182 ‚caea
1645 1164 1697 1194 περ
1718 1164 1760 1182 τι

1035 1215 1069 1236 εις
1084 1216 1190 1243 μαχην
1206 1215 1393 1242 πειτωημενα,
1418 1214 1470 1244 erpo
1492 1216 1543 1237 της
1560 1210 1690 1243 κεφαλῆς
1707 1215 1760 1234 και

1037 1268 1092 1285 *νων
1124 1267 1240 1296 *tapam
1267 1256 1460 1297 προςεέληται
1484 1268 1572 1294 μονον,
1595 1262 1682 1285 αλλα
1709 1268 1760 1286 [σα

1040 1318 1137 1347 παῖτῃ
1154 1319 1210 1339 ‘1'015
1234 1318 1387 1348 ‘tpaoam'mg
1412 1318 1533 1337 volstffoel
1557 1319 1610 1336 ‘PU'
1636 1307 1759 1346 Ifffflw1‚

1036 1369 1186 1396 ανεῳγοτα
1201 1370 1284 1387 κατα
1301 1369 1351 1390 τες
1368 1360 1528 1397 οφθαλμες,
1544 1358 1602 1388 ὅσον
1613 1372 1654 1396 μη
1668 1363 1758 1388 Em·

1039 1412 1243 1437 ΠΡΟΣΘΕῙΝ
1263 1420 1304 1446 τῳ
1327 1409 1388 1447 ὖρᾳν
1411 1421 1574 1447 γιγνομενα,
1600 1413 1666 1438 ΚΑΙ
1693 1421 1760 1439 σκε-

1038 1470 1094 1490 πην
1110 1458 1205 1497 ὅμοιως
1223 1470 1358 1499 παρεχειν
1370 1471 1406 1499 τῃ
1417 1460 1491 1495 οψει.
1516 1458 1610 1494 Libri,
1627 1471 1759 1501 sm‘tpno'-

1037 1510 1088 1546 θεμ,
1111 1510 1226 1538 omisso
1249 1523 1306 1540 και.
1355 1509 1417 1538 His
1447 1509 1542 1539 addas
1568 1509 1760 1541 Heracliden

1037 1560 1217 1599 Ponticum,
1250 1561 1448 1598 Strabonem,
1479 1561 1658 1601 Polybium,
1686 1561 1758 1593 Cle-

1038 1617 1175 1641 mentem
1194 1612 1454 1647 Alexandrinum,
1469 1612 1616 1653 aliosque.

1082 1661 1156 1692 Ver.
1173 1666 1244 1693 654.
1267 1673 1380 1702 supra:
1405 1663 1449 1693 sic
1473 1663 1566 1693 Vind.
1584 1664 1626 1694 V.
1651 1663 1698 1694 ed.
1718 1664 1758 1695 Ο.

1040 1718 1074 1744 Δ.
1093 1719 1137 1744 Ω.
1153 1713 1272 1753 reliqui,
1289 1719 1325 1743 ut
1339 1713 1388 1743 edi
1404 1713 1492 1752 solet,
1507 1725 1628 1754 supera,·
1650 1714 1703 1745 sed
1717 1725 1759 1745 an

1038 1776 1146 1796 omnes
1161 1765 1201 1796 de
1216 1765 1361 1796 codicum
1383 1765 1454 1801 fide,
1481 1767 1678 1797 vehementer
1699 1766 1758 1797 ‹lu-

1036 1817 1113 1847 bito:
1141 1823 1172 1846 et
1196 1817 1330 1846 editores
1350 1827 1438 1847 voces
1452 1817 1585 1847 inversas
1600 1818 1757 1857 exhibent,

1036 1875 1133 1899 terras
1148 1880 1234 1908 quae;
1258 1869 1343 1898 libris
1365 1868 1461 1898 nullis
1475 1869 1548 1899 huic
1571 1870 1758 1909 importunae

1036 1920 1201 1950 temeritati
1217 1920 1467 1960 suffragantibus,
1483 1926 1529 1950 sat
1543 1921 1624 1958 Βοῖος
1645 1927 1758 1952 utcun-

1036 1983 1096 2013 que
1125 1982 1217 2011 super
1245 1972 1435 2002 membranis
1459 1973 1497 2002 B.
1522 1973 1558 2002 L.
1587 1973 1635 2003 M.
1657 1972 1758 2003 altum

1036 2024 1076 2054 sit
1089 2024 1247 2054 silentium
1267 2023 1459 2054 collatorum.

1081 2075 1159 2105 Ibid.
1171 2082 1276 2106 terras.
1293 2076 1396 2113 Forte,
1408 2083 1508 2106 τεν-να».
1533 2077 1757 2107 ΒεΝἸ-ιειυς.

1040 2129 1090 2160 Sic
1112 2129 1174 2164 alii,
1197 2139 1273 2168 quos
1295 2129 1467 2159 Lambinus
1489 2135 1649 2158 memorat.
1695 2129 1758 2159 Cui

1037 2181 1164 2211 tandem
1189 2180 1291 2211 bono?
1324 2180 1476 2221 Virgilius
1498 2179 1582 2211 haud
1609 2180 1697 2210 aliter
1718 2179 1758 2211 de

1038 2233 1109 2270 sole,
1132 2231 1165 2261 in
1180 2241 1247 2272 geo.
1264 2231 1282 2261 i.
1298 2234 1368 2261 442.

1053 2310 1182 2336 Conditus
1192 2311 1218 2334 in
1230 2311 1340 2341 nubem,
1359 2311 1501 2342 medioque
1510 2310 1639 2342 refugerit
1648 2309 1744 2335 orbe—.

1040 2379 1134 2410 Unde
1150 2379 1232 2410 idem
1249 2386 1331 2410 vates
1353 2380 1397 2410 sic
1419 2380 1553 2410 fortassis
1571 2379 1678 2410 leviter
1691 2389 1757 2410 cas-

1040 2430 1189 2471 tigandus
1203 2437 1304 2467 restat,
1326 2431 1366 2460 ad
1382 2431 1456 2461 AEn.
1472 2430 1535 2460 viii.
1552 2433 1601 2462 97.

1071 2510 1112 2534 Sol
1121 2510 1241 2534 medium
1255 2509 1318 2534 coeli
1329 2510 1520 2535 conscenderat
1530 2509 1623 2542 igneus
1632 2508 1700 2533 orbe.-

1040 2576 1146 2616 vulgo,
1169 2578 1275 2607 orbem.
1323 2576 1403 2606 Ibid.
1419 2576 1457 2606 iv.
1477 2579 1544 2606 184.

1101 2652 1185 2676 Nocte
1199 2652 1273 2676 volat
1286 2652 1340 2676 coe11'
1352 2651 1442 2681 medio,
1451 2655 1656 2681 terraeque—-

1040 2716 1114 2746 Non
1137 2717 1328 2748 confidenter
1349 2717 1388 2747 de
1410 2718 1467 2746 hac
1489 2713 1665 2756 conjectura
1686 2724 1756 2754 pro-

1039 2768 1195 2804 nunciem,
1220 2779 1319 2809 neque
1340 2769 1466 2798 verbum
1482 2765 1595 2796 addam
1610 2765 1755 2804 amplius,

1038 2824 1073 2847 ut
1096 2825 1131 2848 nt
1152 2820 1280 2849 arbitrer
1294 2828 1372 2849 verae
1387 2817 1531 2853 similem,
1554 2827 1627 2848 cum
1641 2827 1755 2847 monu-

1039 2879 1092 2902 ero
1110 2869 1188 2900 nihil
1203 2871 1322 2901 obstare
1336 2867 1409 2900 ibid.
1427 2867 1470 2899 iii.
1486 2870 1557 2900 512.

1921 259 1926 297 .-Α
1914 187 1926 250 a*
