1926 3224
288 233 382 276 386

799 227 859 274 T.
897 225 1279 274 LUCRETII

428 358 588 408 Tenue,
610 357 765 399 cavatei
785 356 931 406 oculei,
954 370 1054 398 cava
1073 363 1279 412 tempora3
1311 356 1461 415 frigida
1478 359 1614 415 pellis,

425 431 641 487 Duraque,
662 427 902 472 inhorrebat
921 438 1098 481 tactum3
1130 429 1243 472 fi·0ns
1262 438 1376 473 tenta
1395 433 1571 476 meabat:

427 506 517 548 Nec
536 506 664 546 nimio
684 504 817 562 rigida
837 513 930 560 post
950 513 1062 547 artus
1081 512 1215 546 morte
1226 504 1438 560 jacebant3

288 584 394 622 1195
428 580 670 637 Octavoque
688 579 774 622 fere
794 579 985 622 candenti
1005 578 1159 622 lumine
1178 579 1287 631 solis,

282 756 319 782 ut
343 758 428 791 puto.
472 751 617 783 Editores
638 762 770 794 quoque,
781 753 908 794 fauceis
914 769 925 790 ;
953 753 1008 784 sed

282 803 387 834 invitis
401 804 531 843 scriptis,
549 810 585 834 ut
599 804 681 835 alibi.

327 862 407 893 Ibid.
445 863 541 894 raucd
571 870 658 895 tasse.
712 864 923 904 Thucydides,
951 864 1006 895 ubi

280 924 387 954 supra:
409 920 532 951 Eam-a,
547 916 575 954 εξ
586 929 680 946 ανῆ-ων
692 928 835 957 wer-appan,
848 930 899 946 και
913 920 1007 957 βραγ-

281 979 338 1006 χος
356 977 539 1007 ετεγιγνετο·
556 980 605 997 και
622 980 647 998 εν
663 980 680 998 υ
696 974 801 1008 πολλυχ
811 981 901 1009 χρονῳ
917 981 1007 1000 κατε-

282 1018 370 1049 ξαινεν
385 1030 411 1052 ες
428 1031 468 1049 ‘roe
483 1021 572 1053 ‹rerndn
587 1019 600 1049 ὃ
618 1031 710 1057 τονος,
735 1033 815 1060 μετα
840 1024 936 1060 βηχος
961 1034 1005 1051 ισ-

280 1082 366 1112 χνρῧ.

323 1128 399 1159 Ver.
418 1132 507 1160 1188.
522 1132 644 1161 trahere
657 1137 686 1161 et
697 1137 839 1162 tremere:
859 1131 1003 1170 editores,

279 1180 382 1220 spreta
397 1181 546 1212 librorum
564 1188 703 1213 veterum
721 1184 893 1218 sanctitate,
916 1182 1003 1212 odio-

278 1232 393 1264 sissimi
408 1233 600 1271 mortalium,
616 1244 654 1264 ex
669 1234 798 1274 ingenio
812 1234 1003 1272 rescripsere,

279 1286 397 1315 trahier
419 1290 545 1315 tremere
551 1300 562 1321 ;
586 1284 758 1314 nescientes
784 1293 908 1323 quoque
923 1283 1006 1313 scili-

278 1340 338 1371 cet,
375 1335 558 1365 Lucretium
599 1334 697 1364 verbis
730 1333 869 1364 absolute
902 1333 1007 1373 positis

279 1385 451 1417 abundare:
478 1385 584 1415 redeas
600 1390 749 1415 annotata
763 1384 796 1414 in
814 1385 832 1415 i.
848 1388 920 1416 598.

322 1436 396 1466 Ver.
414 1439 505 1467 1189.
529 1436 561 1466 A
572 1436 716 1475 pedibus:
736 1435 775 1466 0.
790 1442 835 1467 n..
855 1437 906 1467 De
917 1438 1007 1476 pedi-

280 1487 343 1518 bus.

322 1536 396 1568 Ver.
423 1540 513 1570 1190.
536 1548 728 1579 supremum:
766 1537 806 1569 Ο.
835 1549 1004 1575 summum,-

278 1589 364 1619 abest
381 1588 481 1619 Vind.

322 1639 403 1670 Ibid.
429 1641 502 1670 IVon
525 1641 683 1671 dubitabat
693 1639 806 1680 frigus
828 1642 1002 1672 subcedere:

278 1691 298 1721 i.
315 1700 341 1721 e.
365 1690 511 1729 audebat,
533 1698 668 1730 wozpaoe:
695 1691 765 1721 vide
792 1701 851 1721 ver.
869 1695 960 1722 1070.
976 1698 1007 1723 et

276 1742 315 1772 iv.
337 1744 405 1773 189.
821 1742 1004 1774 Lambinus.

278 1801 392 1832 Recte:
418 1801 467 1831 his
481 1800 735 1832 translationibus
750 1803 789 1832 ab
804 1802 950 1832 animatis
964 1802 1004 1833 ad

276 1853 468 1884 inanimatas
478 1863 525 1883 res
534 1853 763 1893 jucundissime
780 1855 925 1893 poemata
939 1855 1004 1885 Lu.

277 1905 391 1936 cretius
420 1905 603 1943 conspersit3
638 1915 733 1945 quem
763 1906 829 1944 pari
859 1916 1004 1937 successu

276 1955 432 1996 *Virgilius
456 1956 489 1985 iu
512 1955 665 1996 georgicis
694 1955 809 1995 passim
837 1957 1003 1988 aemulatus

276 2015 332 2040 est.
379 2009 602 2050 Conjecturam
630 2009 663 2041 J.
693 2011 820 2048 Aurati,
853 2011 1008 2051 ingeniosi

277 2061 418 2102 alioquin
427 2061 497 2099 viri,
508 2061 598 2091 docte
610 2062 822 2102 nugatoriam,
836 2063 1007 2093 Endobica-

277 2113 329 2144 bat
345 2113 507 2148 nimirum,
526 2113 612 2153 piget
627 2123 822 2144 memorasse.

324 2164 405 2195 Ibid.
427 2167 468 2195 ad
494 2175 667 2204 supremum
697 2171 834 2205 tempus.-
862 2166 907 2206 ὑφ’
936 2166 1005 2208 ὧρας

282 2227 426 2257 uxum-ns·
458 2217 478 2247 i.
508 2227 535 2247 e.
567 2218 626 2247 sub
654 2217 870 2248 instantissimi
899 2218 1007 2257 pericli

281 2274 432 2307 tempore,
448 2266 495 2298 vel
511 2268 619 2298 mortis
630 2268 909 2309 appropinquantis
919 2269 1005 2300 hori.

281 2319 400 2350 Catulli
415 2319 683 2359 praestantissimos
703 2330 808 2351 versus
821 2320 1005 2360 admovebo,

279 2380 320 2402 ex
338 2370 409 2402 lxiv.
427 2374 499 2402 151.

313 2466 394 2492 Certe
405 2473 456 2499 ego
467 2470 506 2497 te.
517 2467 544 2492 in
555 2466 635 2492 medio
647 2471 801 2493 vorsantem
813 2467 912 2492 turbine
924 2467 978 2498 leti,

311 2505 414 2538 Eripui5
430 2510 457 2531 et
469 2507 561 2539 potius
571 2513 732 2539 germanum
744 2507 871 2533 amittere
881 2507 965 2537 crevi,

313 2545 402 2576 Quam
413 2545 462 2571 tihi
473 2545 562 2571 fallaci
572 2549 685 2578 mpremo
696 2545 723 2571 in
733 2549 840 2579 tempore
849 2547 978 2573 deessem.

323 2630 399 2662 Ver.
422 2635 514 2664 1191.
539 2634 724 2672 Conpressae:
749 2630 847 2662 Vind.
874 2636 909 2664 Σ.
934 2632 1007 2663 Non

275 2691 400 2720 pressae,¹
420 2683 462 2713 V.
479 2683 527 2713 ed.
544 2685 618 2714 Non
630 2685 894 2723 praeesse.-ozasi.·
912 2681 1010 2713 Vind.

280 2733 323 2763 V.
339 2733 386 2764 ed.
404 2734 443 2765 O.
460 2740 495 2766 Σ.
510 2741 542 2766 et
557 2742 602 2766 n..
617 2737 688 2766 nisi.

326 2792 405 2823 Ibid.
428 2806 517 2826 nares
533 2798 610 2826 nasi.
659 2795 741 2826 Duae
756 2804 846 2826 voces
860 2794 943 2825 idem
954 2804 1005 2825 va-

270 2845 358 2884 lent,
371 2847 431 2877 nisi
446 2849 530 2888 quod
546 2863 579 2880 σο
594 2860 683 2880 nares
699 2859 787 2889 aeque
810 2848 849 2879 de
871 2849 1003 2879 homini-

275 2898 332 2930 hus
361 2908 397 2930 ac
425 2900 522 2931 brulis
550 2901 689 2932 adhiberi
716 2900 868 2939 videatur,
904 2910 997 2932 nasus

1050 758 1157 784 autem
1183 752 1224 784 ad
1252 754 1388 784 homines
1423 751 1622 792 potissimum
1658 751 1776 783 referri.

1050 804 1186 841 Plinius.
1209 810 1272 835 nat.
1298 805 1367 835 hist.
1385 804 1425 835 xi.
1442 807 1492 836 59.
1516 808 1538 823 “
1554 804 1598 835 Et
1614 803 1704 835 altior
1719 806 1774 835 Ιιο-

1051 860 1074 875 “
1089 859 1170 888 mini
1184 862 1318 892 tantum,
1331 866 1425 897 quem
1437 855 1509 886 novi
1524 865 1626 886 mores
1637 854 1777 886 subdolae

1051 911 1073 926 “
1090 907 1224 938 irrisioni
1239 907 1390 945 dicavere,
1417 917 1523 938 nasus:
1549 917 1614 937 non
1639 906 1693 937 alii
1708 905 1777 936 ani-

1051 962 1074 977 “
1088 958 1220 989 malium
1241 969 1331 989 nares
1353 957 1523 988 eminene'
1571 958 1653 988 Sane
1679 957 1778 998 liquet

1049 1010 1145 1040 etiam
1160 1020 1197 1040 ex
1221 1010 1281 1040 hoc
1302 1009 1371 1039 loco
1392 1008 1569 1048 philosophi
1592 1010 1778 1047 πολυμαθεσυ

1049 1073 1140 1098 φατε,
1150 1071 1240 1090 nares
1251 1059 1317 1089 sine
1327 1069 1401 1089 naso
1414 1058 1480 1088 fieri
1492 1068 1587 1096 posse,
1597 1068 1662 1088 non
1671 1064 1779 1089 autem

1048 1110 1182 1140 vicissim
1198 1120 1308 1139 nasum
1330 1108 1397 1138 sine
1421 1108 1778 1147 naribus.-Caeterum,

1047 1161 1151 1191 lucem
1167 1160 1315 1190 Lucretio
1336 1159 1549 1190 commodabit
1573 1160 1656 1191 Celsi
1680 1160 1776 1197 locus,

1048 1211 1087 1242 de
1108 1211 1191 1242 med.
1214 1212 1245 1242 ii.
1268 1216 1297 1243 6.
1321 1214 1344 1230 “
1362 1213 1414 1242 Ad
1436 1213 1579 1243 ultimum
1610 1221 1684 1243 vero
1709 1213 1780 1253 jam

1051 1267 1074 1281 ‘⁶
1090 1270 1220 1294 ventum
1236 1273 1302 1294 esse
1316 1269 1468 1295 testantur
1482 1274 1573 1295 nares
1585 1270 1697 1302 acutae,
1713 1263 1778 1296 col-

1051 1318 1074 1333 “
1090 1315 1176 1354 lapsa
1204 1321 1354 1355 tempora,
1384 1317 1466 1347 oculi
1495 1318 1631 1354 concavi,
1655 1316 1779 1358 frigidae

1052 1370 1074 1386 “
1090 1366 1310 1408 languidaeque
1325 1377 1424 1404 aureS,
1446 1373 1479 1398 et
1492 1367 1564 1398 imis
1578 1368 1718 1407 partibus
1732 1367 1778 1399 le·

1051 1422 1074 1437 “
1090 1419 1171 1450 niter
1193 1429 1302 1456 versae;
1327 1422 1406 1451 cutis
1433 1421 1517 1450 circa
1531 1420 1669 1460 frontem
1694 1421 1777 1451 dura

1051 1474 1073 1489 “
1089 1477 1118 1502 et
1133 1473 1249 1502 intenta
1258 1487 1269 1508 ,-
1285 1471 1370 1502 color
1384 1476 1440 1502 aut
1452 1471 1552 1511 niger,
1564 1476 1620 1502 aut
1634 1470 1779 1511 perpalli·

1051 1525 1074 1541 “
1089 1522 1221 1553 dus—.”

1093 1585 1167 1615 Ver.
1200 1588 1292 1617 1192.
1329 1596 1404 1616 cava
1433 1591 1581 1625 tempora:
1606 1589 1644 1614 ut
1672 1583 1780 1624 Maro,

1053 1636 1127 1666 AEn.
1143 1647 1172 1667 x.
1193 1639 1264 1668 891.

1091 1694 1167 1724 Ver.
1185 1697 1279 1725 1193.
1304 1684 1494 1726 inhorreb'at:
1520 1694 1564 1725 ita
1579 1694 1615 1725 P.
1630 1699 1662 1724 et
1677 1694 1781 1734 placet

1050 1745 1155 1776 nobis:
1181 1745 1278 1776 Vind.
1295 1745 1334 1776 V.
1350 1745 1398 1777 ed.
1414 1747 1450 1776 L.
1468 1746 1515 1777 M.
1531 1748 1667 1777 inhorret
1671 1746 1760 1787 jacet
1765 1761 1779 1785 ‚-

1050 1798 1088 1828 Β.
1104 1799 1237 1828 inhorret
1245 1797 1369 1838 jacent,-
1397 1797 1436 1828 Ο.
1453 1802 1486 1829 Σ.
1503 1799 1536 1828 ἱπ
1555 1809 1605 1829 ore
1609 1798 1697 1838 jacet
1702 1813 1715 1835 ‚-
1740 1797 1781 1834 Q.

1049 1850 1146 1879 inoret
1152 1849 1239 1889 jacet
1245 1864 1254 1884 ,-
1272 1848 1364 1887 prisci
1376 1847 1463 1879 codd.
1477 1848 1584 1886 Pii,in
1599 1848 1782 1889 orejacens5

1050 1907 1083 1932 Δ.
1100 1901 1244 1942 denique,
1268 1902 1472 1941 Duraaeusque
1488 1902 1777 1933 horrea—tactum.-

1047 1954 1105 1983 hoc
1127 1952 1199 1983 dedi
1221 1963 1259 1983 ex
1281 1952 1427 1983 acumine
1450 1953 1586 1992 proprio,
1617 1952 1672 1984 sed
1694 1963 1776 1984 meae

1050 2003 1236 2034 divinationi
1256 2004 1408 2034 auxiliatu
1431 2003 1621 2035 validissimo
1646 2003 1780 2043 patroci-

1052 2061 1168 2085 nantur
1188 2054 1357 2095 Virgiliani
1385 2065 1488 2085 versus
1513 2055 1554 2085 ad
1576 2055 1781 2086 Lucretianu-

1050 2116 1123 2136 rum
1149 2106 1358 2137 imitationem
1382 2106 1558 2146 compositi,
1586 2106 1621 2136 in
1643 2116 1712 2147 geo.
1734 2106 1780 2138 iii.

1051 2160 1123 2188 5052.

1211 2237 1333 2262 demissae
1346 2244 1422 2263 aures
1430 2246 1438 2268 ;
1456 2238 1574 2263 incertus
1587 2238 1687 2264 ibidem

1081 2277 1176 2307 Sudor,
1187 2281 1215 2302 et
1227 2277 1271 2303 ille
1281 2277 1392 2309 quidem
1402 2278 1539 2303 morituris
1548 2277 1661 2310 frigidus
1670 2287 1679 2310 ς
1694 2280 1754 2306 aret

1082 2316 1168 2347 Pellis,
1179 2321 1207 2342 et
1219 2316 1325 2342 adtactu
1336 2318 1465 2342 tractanti
1475 2317 1542 2342 dura
1553 2317 1659 2344 resistit:

1049 2388 1069 2419 i.
1085 2399 1111 2419 e.
1135 2392 1156 2408 *ι
1172 2389 1253 2420 dura
1267 2389 1381 2420 resistit
1395 2389 1492 2420 tactui
1507 2388 1695 2421 tractantis”
1729 2389 1782 2422 Ita

1051 2440 1205 2481 legendus
1220 2447 1267 2471 est
1281 2440 1338 2471 iste
1353 2440 1455 2472 locus:
1478 2451 1582 2482 neque
1599 2441 1688 2471 aliter
1709 2450 1783 2481 pro·

1050 2490 1133 2521 fecto
1165 2491 1345 2522 Macrobius
1374 2492 1509 2529 exhibet,
1540 2491 1602 2522 Sat.
1628 2491 1667 2522 vi.
1690 2495 1719 2522 2.
1751 2496 1784 2523 et

1048 2542 1194 2573 conferas
1210 2543 1284 2574 AEu.
1299 2543 1350 2573 vii.
1365 2546 1438 2574 550.
1462 2542 1583 2584 Vulgo,
1597 2545 1639 2574 ad
1655 2546 1782 2574 tactum.

1051 2594 1127 2625 Jam
1151 2604 1224 2624 vero
1253 2595 1428 2625 inhorrebat
1459 2600 1585 2631 tactum,
1615 2594 1664 2625 vel
1685 2594 1782 2625 etiam

1050 2652 1150 2684 tactu,
1166 2646 1192 2676 si
1207 2645 1310 2684 malis,
1336 2646 1577 2687 exquisitissima
1591 2652 1639 2676 est
1653 2645 1782 2686 phrasi5‚

1052 2707 1110 2737 pro
1124 2699 1264 2735 horrida,
1281 2697 1346 2728 sive
1359 2708 1479 2738 aspera,
1491 2697 1654 2728 videbatur
1667 2697 1778 2727 tactui.-

1053 2759 1117 2789 quo
1132 2749 1211 2779 nihil
1227 2749 1424 2780 commodius
1440 2750 1615 2790 rectiusque
1629 2747 1708 2789 fingi
1721 2757 1778 2787 po-

1050 2805 1139 2830 terat.
1185 2800 1250 2831 Pro
1263 2807 1391 2837 tactum,
1409 2801 1446 2832 P.
1457 2802 1579 2842 facies‚·
1605 2799 1673 2840 ejus
1686 2799 1781 2838 prisci

1050 2851 1182 2889 codices,
1212 2853 1295 2883 rictu
1304 2868 1315 2888 ,-
1339 2853 1438 2883 Vind.
1469 2852 1507 2887 Q.
1533 2856 1567 2882 Δ.
1591 2853 1717 2888 rietum,·
1742 2850 1780 2882 L.

1049 2902 1097 2933 M.
1114 2902 1154 2934 O.
1172 2908 1216 2934 Ω..
1234 2910 1369 2941 rectum,·
1398 2908 1432 2936 Σ.
1461 2913 1546 2940 casm
1562 2912 1621 2934 vox
1635 2901 1722 2934 deest
1731 2901 1777 2934 v.
