1926 3224
312 213 408 253 304

818 205 878 253 T.
929 199 1308 250 LUCRETII

455 337 509 380 In
527 335 685 394 gremio
704 346 860 390 gerere,
891 339 932 373 et
951 331 1102 386 rupeis,
1133 331 1377 387 diruptaque
1396 347 1506 374 saxa:

456 410 672 463 Multaque
692 405 767 446 sub
786 413 904 461 tergo
924 407 1051 445 terra'l'
1068 404 1242 445 flumina
1261 412 1368 446 tecta

342 489 425 526 540
455 483 629 524 Volvere
650 479 690 521 vi
708 479 869 528 fluctus,
891 478 1101 519 submerso
1120 478 1253 533 capite
1270 477 1501 532 putandum
1519 485 1594 520 est:

457 555 652 611 Undique
671 553 782 595 enim
801 552 971 594 sin'iilem
991 566 1075 593 esse
1094 552 1172 603 sui,
1201 566 1264 592 res
1283 551 1460 606 postulat
1478 551 1578 606 ipsa.

514 628 612 670 Hiis
631 628 757 685 igitur
776 627 896 668 rebus
916 625 1153 682 subjunctiS,
1175 625 1484 681 subpositisque,

311 799 453 830 Incubuit;
470 799 525 824 sive
535 804 618 824 omne
627 794 728 823 fretum
741 798 874 830 Neptunia
884 798 971 823 movit

312 848 415 881 Cuspis,
426 851 454 873 et
464 851 600 873 extremas
610 847 716 879 gravius
726 853 800 872 mare
809 847 885 872 torsit
897 847 924 871 in
934 853 1002 872 oras.

354 926 429 957 Ver.
446 929 516 957 555.
537 931 668 956 terram:
696 925 737 955 V.
759 924 807 956 ed.
824 925 860 956 L.
876 925 924 956 M.
941 925 981 955 Ο.
999 929 1034 957 Σ.

310 982 408 1010 terras
413 993 424 1014 ‚·
449 974 502 1007 sed
517 978 640 1007 obstant
662 976 872 1017 sequentia—
885 987 955 1007 ace.-
980 975 1033 1013 sic,

311 1029 429 1069 optime
454 1034 526 1059 ante
549 1028 697 1064 vocalem,
722 1028 758 1058 P.
786 1027 825 1058 Ο.
850 1033 895 1058 n..
920 1026 1034 1066 caeteri,

301 1080 379 1123 facg
402 1079 442 1111 de
456 1089 518 1121 quo
532 1089 589 1110 nos
603 1079 706 1109 videas
720 1078 760 1109 ad
774 1078 806 1108 ii.
821 1081 892 1108 484.
907 1078 950 1109 iii.
965 1081 1035 1108 422.

354 1138 430 1171 Ver.
445 1142 517 1171 556.
539 1145 590 1169 ut:
617 1139 653 1169 P.
669 1139 710 1169 V.
726 1137 773 1168 ed.
788 1145 832 1174 ee,·
857 1147 921 1168 non
946 1138 1037 1168 male.

310 1201 480 1230 -superas
507 1189 550 1219 sic
566 1189 601 1220 P.
616 1189 653 1219 L.
678 1189 726 1219 M.
749 1194 783 1219 Δ.
806 1198 882 1228 quos
904 1197 1034 1227 sequen-

310 1243 368 1275 dos
379 1242 490 1279 habui3
514 1243 576 1272 huc
592 1241 675 1271 enim
705 1254 737 1271 n
762 1251 851 1280 super
877 1239 911 1268 in
926 1239 967 1268 V.
988 1239 1035 1269 ed.

313 1295 353 1327 Ο.
385 1301 430 1326 Ω.
459 1294 539 1324 clare
569 1292 716 1331 pertinet:
747 1290 843 1320 vind.
869 1295 903 1321 Σ.
932 1301 1036 1330 supra.

313 1346 360 1378 Et
373 1345 468 1385 vulgo
484 1343 561 1374 solet
577 1342 640 1373 edi:

461 1420 492 1441 ut
505 1422 598 1447 supera
608 1418 654 1445 eit,
664 1413 752 1439 ventis
762 1417 837 1446 aeque
847 1414 1005 1446 undique-2

311 1499 411 1530 quum
440 1497 512 1518 vero
540 1486 686 1516 omnibus
709 1484 789 1515 desit
810 1491 865 1523 est,
889 1491 920 1515 et
946 1492 1036 1526 atque

310 1551 376 1571 non
391 1544 567 1578 compareat
588 1538 621 1568 in
637 1537 733 1567 vind.
750 1538 790 1567 V.
812 1536 858 1567 ed.
875 1537 910 1567 L.
930 1538 976 1567 M.
1002 1543 1036 1568 Δ.

311 1596 348 1624 Σ.
365 1597 409 1621 Ω..
432 1590 531 1630 sitque
553 1587 638 1618 haud
659 1587 752 1618 dubie
774 1587 936 1618 doctorum
952 1598 1037 1618 com-

311 1643 493 1674 mentitium
523 1641 770 1672 additamentum
795 1647 903 1671 contra
925 1641 1038 1680 scripta

311 1694 515 1733 exemplaria;
545 1703 594 1723 res
615 1693 692 1723 mihi
716 1692 876 1723 videbatur
897 1692 1037 1722 minimae

311 1746 474 1781 violentiae,
504 1751 596 1785 atque
631 1745 776 1774 maximae
804 1743 1039 1782 probabilitatis,

312 1796 498 1827 substituere
519 1797 658 1832 ventosis,
681 1805 736 1834 pro
760 1797 854 1825 veneis
877 1794 1036 1830 librorum,

312 1848 352 1878 de
367 1846 475 1888 regula
497 1846 616 1877 critices
638 1845 746 1876 innixa
764 1845 863 1876 fusius
878 1845 1038 1876 declaratis

313 1897 355 1930 ad
375 1899 407 1928 ii.
433 1900 522 1928 1045.
546 1902 576 1926 et
602 1896 684 1926 alibi.
730 1896 796 1926 Nec
819 1906 936 1933 vereor,
961 1897 1036 1937 quin

314 1949 396 1990 aequi
412 1948 540 1978 lectores
554 1947 632 1977 mihi
655 1947 717 1978 sint
734 1948 924 1985 consensuri,
947 1955 1038 1988 atque

314 2007 463 2032 conatum
479 1999 721 2039 comprobaturi:
741 2009 845 2029 versus
854 1999 938 2029 enim
953 2000 1038 2030 clau-

314 2052 385 2090 dus,
408 2058 439 2082 et
462 2051 595 2082 dimidio
618 2050 704 2089 pedis
724 2050 866 2087 mutilus,
889 2061 954 2082 non
974 2058 1040 2082 erat

314 2100 349 2133 in
364 2108 452 2133 textu
467 2101 699 2142 relinquendus.

357 2163 432 2193 Ver.
448 2165 519 2194 558.
541 2163 676 2201 dirupta.
722 2161 773 2192 Sic
788 2168 897 2201 sponte
916 2163 1038 2194 restitu-

315 2224 402 2245 eram
417 2213 503 2253 prius
518 2224 555 2244 ex
571 2213 712 2254 ingenio,
732 2223 826 2253 quam
842 2213 922 2244 clare
943 2214 1039 2254 scrip-

315 2272 386 2297 tum
401 2265 587 2296 invenissem
609 2265 643 2295 in
660 2265 699 2295 V.
721 2264 768 2295 ed.
788 2270 822 2295 A.
868 2265 1040 2304 Nimirum,

316 2328 428 2348 saxum
445 2320 606 2358 demptum
629 2317 662 2347 id
678 2324 734 2354 est,
756 2317 840 2347 unde
855 2317 957 2357 aliqua
973 2328 1042 2357 pars

316 2371 520 2411 defi-ingan&
553 2369 600 2399 vel
629 2371 818 2400 deminutum
841 2379 966 2400 saxum:
992 2371 1041 2400 di-

316 2428 439 2461 ruptum
457 2431 538 2457 vero,
552 2421 636 2461 quod
656 2421 818 2451 discissum
834 2427 887 2457 est,
903 2427 933 2452 et
943 2423 1041 2463 fissu-

317 2474 363 2503 ris
388 2474 467 2510 hiat,
487 2472 531 2502 ita
556 2478 594 2502 ut
616 2472 700 2502 venti
722 2472 840 2511 possint
865 2478 1037 2511 penetrare:

318 2524 411 2565 quale
427 2534 515 2554 mens
540 2524 638 2563 po‘etoe
661 2524 787 2565 flagitat.
833 2524 932 2556 Haud
952 2535 1040 2556 accu-

318 2583 424 2608 ratum
438 2577 511 2607 satis
526 2587 558 2607 se
578 2577 726 2617 praestitin
749 2578 776 2607 si
790 2577 865 2618 quid
881 2578 945 2617 ipse
961 2578 1042 2608 vale-

319 2639 373 2659 am
401 2628 586 2667 discernere,
618 2628 850 2659 Gronoviorum
878 2629 1044 2668 maximus,

321 2680 362 2711 ad
381 2680 504 2712 Senecae
528 2681 626 2712 Herc.
642 2681 708 2712 OEt.
727 2685 816 2713 1262.

610 2763 688 2789 ecte!
707 2763 812 2795 dirupta
825 2766 898 2794 cute,

414 2810 520 2835 viscera
532 2818 627 2836 manus
637 2811 815 2837 detexit—-

325 2878 384 2911 vir
409 2890 552 2913 summus
582 2883 718 2915 malebat
745 2882 884 2925 ‹Iere1nc55
921 2888 1045 2924 egomet

1076 804 1183 830 contra
1211 797 1425 830 contenderim
1449 803 1603 838 receptam
1632 795 1799 829 lectionem

1077 854 1309 885 anteferendam
1324 865 1395 890 esse,
1414 853 1554 894 quamvis
1568 851 1714 883 utralibet
1728 851 1802 882 ferri

1077 912 1181 946 queat:
1208 916 1282 936 nam
1298 907 1410 936 viscera
1430 905 1497 934 sine
1517 902 1640 943 derepta
1662 909 1729 944 culp
1743 913 1799 942 pa-

1077 961 1141 987 tere
1164 962 1318 996 poterant,
1349 966 1414 985 non
1439 960 1544 985 autem
1570 953 1704 984 vicissim
1732 954 1800 984 sine

1077 1006 1203 1047 diruptd
1234 1013 1313 1037 cute.
1357 1007 1401 1036 Et
1427 1005 1514 1035 haud
1538 1004 1684 1044 ignobilis
1706 1004 1803 1035 fuerit

1080 1058 1254 1099 disquisitio
1282 1067 1348 1087 rem
1383 1067 1438 1095 per
1467 1056 1629 1094 scriptores
1657 1056 1802 1096 antiquos

1079 1109 1207 1138 uberius
1219 1107 1378 1147 prosequi;
1400 1106 1453 1136 sed
1476 1105 1584 1146 iniqua
1600 1106 1699 1145 spatia
1712 1105 1802 1138 latio-

1081 1169 1147 1188 rem
1162 1157 1377 1198 evagationem
1391 1156 1564 1196 prohibent.

1123 1216 1202 1247 Ibid.
1231 1219 1270 1248 In
1300 1218 1414 1256 gremio
1442 1227 1563 1256 gerere.-
1602 1217 1622 1248 ἰ.
1652 1227 1679 1248 ε.
1709 1224 1804 1260 φερειν,

1080 1281 1166 1309 exm-
1190 1274 1225 1299 ut
1239 1274 1342 1298 noster
1357 1267 1397 1299 ad
1419 1267 1461 1298 iii.
1479 1272 1569 1300 1062.
1592 1274 1623 1299 et
1636 1268 1710 1300 alibi
1732 1269 1802 1309 plus

1079 1320 1184 1352 semel.

1123 1379 1203 1410 Ibid.
1225 1381 1329 1419 rupeis
1353 1389 1492 1419 saxaque.
1536 1377 1703 1419 Virgilius,
1726 1380 1801 1411 AEn.

1079 1439 1109 1460 x.
1123 1433 1196 1462 677.

1111 1511 1140 1534 ln
1152 1512 1235 1541 rupa,
1246 1508 1272 1532 in
1283 1514 1361 1538 saxa,
1376 1508 1476 1540 (volens
1487 1514 1534 1533 vos
1544 1509 1654 1534 Turnus
1664 1508 1757 1540 adoro)

1110 1549 1188 1574 Ferte
1198 1552 1355 1573 ratem—.

1122 1622 1197 1652 Ver.
1213 1625 1283 1653 559.
1306 1622 1420 1653 terra'i:
1446 1620 1543 1651 Vind.
1561 1627 1660 1658 term,-
1683 1621 1805 1653 solenni

1079 1682 1190 1703 errore.

1125 1732 1204 1763 Ibid.
1226 1739 1307 1772 tergo
1333 1733 1438 1764 θεν-ναῒ.
1483 1731 1533 1762 Sic
1549 1731 1711 1773 Virgilius,
1734 1744 1803 1774 geo.

1081 1784 1099 1814 i.
1117 1787 1166 1815 97.
1187 1784 1232 1814 iii.
1249 1787 1300 1814 36.
1322 1790 1419 1824 terga,
1437 1793 1494 1822 pro
1508 1793 1614 1823 aequor
1626 1794 1681 1814 seu
1696 1795 1804 1824 super-

1082 1834 1190 1870 ficiem,
1214 1837 1329 1866 telluris
1352 1845 1387 1864 ac
1402 1834 1499 1864 fluvii:
1527 1840 1564 1864 ut
1585 1834 1668 1873 prior
1683 1835 1805 1866 Home-

1080 1896 1134 1916 rus
1150 1900 1224 1916 νωτοι
1240 1888 1410 1923 Sodomam,
1425 1884 1464 1915 ad
1483 1885 1520 1915 Il.
1542 1892 1570 1916 B.
1586 1888 1656 1917 159.
1678 1886 1698 1916 i.
1714 1896 1740 1917 e.
1756 1886 1806 1917 iu-

1081 1943 1213 1977 terprete
1228 1937 1400 1974 scholiasta,
1430 1951 1481 1970 την
1504 1945 1663 1977 επιφανειαν
1679 1951 1730 1973 της
1746 1940 1804 1970 Sa-

1249 1989 1438 2029 Apollonius
1454 1988 1606 2025 Rhodius,
1621 1989 1659 2019 iv.
1677 1992 1770 2022 1246.

1083 1997 1204 2023 λασσης.

1121 2068 1198 2101 Ηεροι,
1210 2076 1255 2092 και
1269 2070 1386 2099 ,aenaim
1399 2066 1505 2092 ΝΩΤΑ
1526 2066 1720 2094 ΧΘΟΝΟΣ-.

1126 2142 1205 2173 Ibid.
1238 2144 1291 2173 sub
1319 2149 1400 2182 tergo
1429 2146 1526 2174 terra'z'
1545 2146 1685 2185 flumina
1717 2150 1806 2176 tecta.

1086 2193 1296 2224 Callimachus
1327 2200 1372 2225 est
1407 2195 1662 2235 appositissimus¹
1700 2196 1807 2236 hymn.

1083 2244 1153 2276 Jov.
1173 2247 1224 2276 27.

1460 2341 1553 2359 utra-ero
1566 2332 1587 2359 δ’
1600 2342 1660 2368 amp

1104 2378 1180 2409 Πεζος
1193 2379 1247 2414 ὑπερ
1261 2379 1348 2414 Κραθιν
1363 2388 1397 2410 τε,
1419 2385 1559 2407 muca-eun
1575 2391 1601 2406 τε
1613 2383 1742 2413 Merum,

1106 2426 1250 2458 Διψαιλεος·
1269 2437 1297 2452 το
1309 2426 1333 2452 δε
1343 2431 1432 2452 cronon
1443 2427 1502 2462 ὕδωρ
1516 2427 1560 2454 ὑπ
1572 2437 1658 2454 mem
1672 2436 1754 2454 εκειπ.

1085 2509 1128 2540 Et
1143 2510 1279 2549 profecto
1294 2511 1453 2551 fingebant
1466 2511 1565 2551 po'etae
1585 2511 1708 2550 fluvios,
1728 2520 1808 2552 quos

1085 2562 1239 2601 videmus,
1269 2563 1354 2602 prius
1379 2565 1436 2594 sub
1462 2563 1542 2594 terra
1561 2563 1636 2601 labi,
1660 2572 1808 2603 quamex

1086 2612 1223 2644 sontibus
1237 2614 1301 2644 suis
1312 2621 1523 2654 erumperent:
1549 2614 1689 2645 conferas
1702 2618 1807 2643 autem

1086 2676 1178 2706 super
1191 2667 1249 2697 hac
1264 2676 1298 2696 re
1314 2666 1402 2707 Virg.
1417 2676 1484 2707 geo.
1499 2667 1537 2696 iv.
1551 2667 1728 2696 363—373.

1129 2726 1204 2757 Ver.
1220 2729 1292 2757 540.
1323 2727 1439 2757 Volvere
1470 2727 1520 2757 vi:
1553 2724 1592 2755 O.
1623 2729 1658 2754 A.
1694 2725 1810 2755 Volvier

1087 2780 1119 2808 in
1126 2794 1136 2815 ,-
1160 2778 1227 2816 ubi,
1251 2777 1333 2808 male
1357 2777 1458 2817 posito
1480 2779 1524 2812 in,
1550 2775 1694 2806 librarius
1707 2775 1809 2806 versui

1087 2828 1126 2859 de
1149 2839 1205 2859 suo
1226 2828 1361 2859 suffulsit
1383 2842 1424 2868 τῳ
1455 2829 1578 2865 Volvier‚
1610 2837 1651 2856 ne
1673 2832 1810 2857 metrum

1086 2880 1222 2912 caderet:
1249 2886 1294 2912 Ω.
1317 2881 1432 2912 Vulnere
1455 2879 1689 2911 in.-submerso
1710 2879 1811 2919 capite
