1926 3224
561 277 793 326 LIBER
847 276 1200 334 QUINTUS.

1558 290 1612 328 31

280 408 511 465 vagituque
529 408 663 450 locum
684 409 846 466 lugubri
867 409 1042 464 conplet,
1065 393 1116 450 ut⁸
1130 423 1294 465 aequum
1313 417 1387 458 est,

279 483 391 531 Quoi
412 491 571 524 tantum
592 484 635 524 in
655 484 737 524 vita
758 492 879 524 restet
899 484 1072 524 transire
1091 483 1305 524 malorum.

278 558 338 598 At
356 558 480 598 variae
499 566 685 598 crescunt
704 557 895 611 pecudes,
917 565 1117 606 armenta,
1139 557 1332 612 feraeque:

136 711 177 741 In
214 709 349 740 secundo
384 719 483 745 versu,
520 709 684 740 Bentleius
719 710 857 749 reposuit

136 763 312 797 Horrendz·,·
334 761 418 801 quod
432 767 488 791 aut
502 771 610 792 verum
626 767 682 800 est,
705 769 759 792 aut
774 772 851 792 non:

133 814 275 844 mihimet
289 813 374 844 haud
396 824 520 852 prorsus
542 815 750 845 necessarium
769 814 853 844 vide-

131 870 190 896 tur.
235 865 277 895 In
292 865 392 900 tertio,
409 864 454 893 vir
469 865 613 904 egregius
627 866 780 905 rescripsit
793 868 854 904 vir,

131 928 188 958 pro
212 929 285 948 nec:
310 917 399 948 valde
422 917 595 954 infeliciter,
626 925 657 949 et
687 919 856 960 elegantias

131 970 266 1000 auctoris
287 969 335 1000 sui
350 980 463 1008 parum
485 971 616 1009 capiens.
661 971 713 1002 Tu
727 981 854 1002 mecum

129 1022 349 1062 interpreteris,
365 1023 472 1053 lector:
491 1025 514 1042 “
526 1023 594 1053 Nec
608 1023 746 1054 minores
760 1034 856 1064 quam

131 1077 155 1092 “
171 1084 227 1114 pro
241 1075 296 1105 tali
311 1075 446 1113 matre;”
468 1075 516 1105 vel
532 1075 638 1116 quales
653 1086 671 1105 a
688 1075 742 1106 tali
757 1081 856 1106 matre

130 1127 376 1166 exspectavisses‚
385 1127 482 1166 ipsam
492 1127 711 1168 magnitudine
720 1127 856 1158 referen-

130 1183 186 1209 tes.
219 1178 344 1214 Quibus
358 1178 438 1208 nihil
453 1179 635 1220 exquisitius
650 1181 730 1216 novi,
746 1190 857 1210 venus·

132 1230 264 1270 tiusque.
308 1230 464 1271 Denique,
497 1232 543 1261 vir
570 1231 796 1272 sagacissimus,
825 1231 858 1261 in

132 1287 242 1322 quarto
257 1292 357 1320 versu,
374 1282 572 1313 scribendum
587 1283 663 1314 dicit
676 1286 787 1320 alvum,
803 1294 860 1323 pro

128 1333 243 1368 altum;
267 1343 337 1373 quae
351 1333 445 1373 longe
459 1334 628 1373 verissima,
652 1345 688 1365 ac
705 1340 792 1365 tanto
807 1346 855 1365 ar-

130 1383 210 1415 tifice
226 1383 335 1424 digna,
351 1385 538 1415 emendatio.

174 1443 249 1473 Ver.
273 1446 344 1474 227.
375 1445 486 1483 Vagilu
512 1446 644 1484 lugubri.
689 1445 856 1484 Apuleius,

131 1500 205 1524 met.
221 1494 260 1524 vi.
281 1504 310 1533 p.
327 1497 401 1525 389.
426 1498 448 1513 “
463 1495 574 1525 —sive
602 1502 638 1526 tu
669 1496 765 1531 Sami,
788 1507 857 1536 quae

132 1548 155 1564 “
171 1546 296 1585 querulo
313 1543 425 1584 parnis
439 1547 556 1585 vagitu,
578 1551 610 1576 et
629 1545 779 1576 alimonia
794 1546 858 1582 tufi,

132 1600 157 1616 “
171 1596 396 1638 gloriatur—.''
443 1597 494 1628 Sic
516 1598 749 1629 rescribendum
764 1604 854 1638 puto:

133 1647 306 1687 perpendas
329 1648 508 1677 varietatem
525 1648 666 1679 lectionis
680 1650 721 1679 ad
740 1650 857 1680 locum.

133 1697 273 1728 Accedat
287 1697 383 1727 etiam
399 1697 535 1736 Plinius,
559 1705 621 1729 nat.
637 1700 706 1729 hist.
721 1700 770 1730 vii.
792 1700 859 1730 init.

131 1751 154 1767 “
172 1748 500 1779 Natura—hominem
521 1755 656 1786 tantum,
678 1753 808 1788 nudum,
829 1757 861 1781 et

131 1803 153 1819 “
168 1800 203 1830 in
217 1799 304 1830 nuda
325 1802 428 1838 Immo,
449 1801 547 1831 natali
562 1801 613 1832 die
627 1802 732 1842 abjicit
753 1802 793 1832 ad
807 1814 859 1833 va·

132 1856 153 1872 “
166 1855 250 1892 gitus
280 1853 397 1891 statim,
424 1859 455 1883 et
479 1854 651 1893 ploratum;
674 1855 861 1897 nullumque

132 1907 154 1922 “
169 1909 217 1934 tot
230 1903 418 1934 animalium
431 1905 518 1934 aliud
529 1905 568 1936 ad
583 1906 745 1946 lacrymas,
760 1913 791 1937 et
805 1907 862 1937 has

132 1958 153 1973 “
170 1955 312 1994 protinus
333 1956 403 1985 vitae
424 1956 618 1996 principio:‘’
648 1968 741 1999 quem
763 1959 859 1989 Lam-

135 2005 230 2036 binus
243 2005 411 2037 advocavit.

177 2065 252 2096 Ver.
277 2069 350 2096 228.
387 2068 466 2102 Quoi
472 2080 482 2098 .-

137 2122 178 2148 Π.
193 2122 304 2148 tamen.

524 2074 568 2099 Ω.
606 2070 839 2104 &ML—tantum
846 2085 856 2101 .-

177 2177 261 2209 Ibid.
282 2184 402 2209 tantum
417 2182 452 2210 z'n
467 2179 529 2211 vitri
544 2186 633 2212 restet
646 2185 780 2214 transire
794 2195 860 2214 ma-

135 2229 242 2260 lorum.
285 2229 537 2261 Pulcher-rimam
562 2233 701 2270 profecto
715 2245 770 2273 per
794 2244 860 2265 me-

136 2280 310 2318 taphoram,
334 2291 354 2311 a
379 2282 558 2313 conditione
576 2285 726 2315 viatorum
742 2285 861 2316 deriva-

137 2336 214 2369 tam,
235 2332 379 2363 mortales
403 2335 637 2375 peregrinantes
665 2343 864 2378 errantesque

137 2381 171 2410 in
187 2381 249 2412 vita
262 2389 366 2414 noster
381 2387 546 2420 omem-mm
569 2391 600 2416 et
614 2393 722 2418 ornate
743 2387 863 2428 signifi-

138 2434 232 2463 cavit:
257 2435 359 2476 οἲζυρες
383 2435 536 2467 nimirum
560 2442 671 2481 βροτες·
695 2441 768 2477 ξενες
794 2446 862 2470 tan-

137 2489 218 2522 tum,
233 2497 284 2514 καιι
299 2498 446 2526 παροικες,
462 2501 512 2518 και
525 2489 733 2531 παρεπιδημες,
750 2504 796 2522 εστι
812 2505 863 2526 της

139 2547 207 2574 yng:
239 2535 287 2565 uti
315 2535 450 2567 dicimur
477 2539 705 2572 homunciones
731 2542 864 2573 oraculis

138 2585 257 2624 salutis,
274 2586 360 2625 epist.
376 2587 416 2618 ad
432 2588 515 2619 Heb.
530 2590 572 2621 xi.
593 2594 640 2622 15.
659 2595 672 2622 l
689 2592 758 2623 Pet.
771 2593 803 2624 ii.
815 2597 863 2625 11.

139 2636 255 2668 Noster
282 2638 470 2679 AEschylum
498 2641 578 2672 forte
602 2652 644 2673 an
669 2645 803 2675 tenuerit
829 2646 863 2676 in

136 2688 255 2726 auimo,
270 2689 311 2720 ad
328 2690 465 2730 Cho'e'ph.
482 2693 556 2723 268.

304 2778 405 2799 κελευων
416 2774 483 2801 τονδε
496 2776 676 2802 ΚΙΝΔΥΝΟΝ
691 2778 812 2823 ΠΕΡΔΙᾸΝ,

141 2849 308 2887 Caeterum,
318 2862 466 2884 versuum
472 2854 732 2887 Lucretianorum
741 2867 864 2890 enarra.

140 2900 186 2930 tio
210 2903 377 2942 quaepiam,
400 2905 557 2936 Lambino
579 2917 704 2948 quoque
726 2918 864 2941 comme-

141 2958 273 2991 morata,
286 2953 321 2984 in
335 2954 414 2986 libro
428 2956 468 2987 de
483 2957 556 2996 opif.
573 2958 649 2996 Dei,
667 2969 733 3000 cap.
747 2963 777 2992 3.
799 2961 864 2994 fac-

899 716 942 747 ta,
972 709 1114 750 quamvis
1138 710 1297 749 prolixior,
1321 716 1357 741 ut
1382 712 1508 752 scriptor
1530 716 1623 746 estin

899 760 1070 799 purissimis
1096 767 1128 791 et
1151 761 1388 800 venustissimis,
1412 763 1517 795 lectori
1537 766 1622 797 lauto

900 823 956 843 nec
969 813 1098 843 taedium
1110 813 1219 853 pariet,
1230 824 1286 844 nec
1299 813 1484 853 displicebit:
1503 821 1522 835 “
1537 818 1622 853 Que-

899 868 918 882 “
935 871 1058 902 runtur‚
1079 864 1241 894 hominem
1264 864 1358 894 nimis
1379 865 1571 898 imbecillum
1594 876 1624 899 et

899 920 917 935 “
934 916 1079 956 fragilem
1105 917 1200 953 nasci,
1224 927 1318 957 quam
1344 924 1455 948 caetera
1477 920 1625 952 animalia

898 971 918 985 ‘⁵
934 972 1119 1005 nascuntur;
1143 978 1222 1008 quae,
1239 974 1274 998 ut
1289 974 1362 998 sunt
1376 969 1459 1000 edita
1474 981 1511 1000 ex
1526 978 1627 1011 utero,

898 1022 918 1037 “
934 1019 1077 1058 protinus
1092 1018 1125 1048 in
1140 1019 1232 1057 pedes
1254 1030 1326 1050 suos
1347 1020 1437 1061 erigi,
1462 1028 1492 1052 et
1512 1024 1625 1063 gestire

900 1074 919 1089 “
935 1070 1142 1108 discursibus;
1177 1070 1343 1111 statimque
1373 1072 1434 1102 a'eri
1464 1074 1626 1106 tolerando

899 1125 920 1140 “
936 1121 1049 1152 idonea
1063 1132 1139 1159 esse,
1160 1121 1245 1162 quod
1267 1122 1300 1151 in
1315 1123 1418 1153 lucem
1435 1126 1627 1157 naturalibus

900 1176 920 1191 “
936 1172 1132 1203 indumentis
1146 1173 1270 1203 munita
1285 1174 1500 1212 processerint:
1527 1177 1629 1207 homi-

902 1227 923 1242 ‘⁴
938 1234 1012 1254 nem
1027 1230 1146 1262 contra,
1166 1226 1297 1262 nudum,
1322 1230 1354 1254 et
1367 1224 1532 1264 inermem,
1559 1233 1628 1258 tan-

902 1278 922 1293 “
938 1286 1029 1315 quam
1045 1286 1080 1305 er
1095 1275 1260 1316 naufragio
1283 1277 1316 1305 z'n
1333 1277 1424 1316 ltzgjus
1447 1279 1517 1308 vitae
1540 1281 1628 1310 mise-

902 1329 922 1344 “
937 1327 1003 1356 rias
1022 1326 1148 1366 projici,
1174 1332 1205 1356 et
1227 1326 1355 1365 expelli3
1378 1327 1432 1367 qui
1447 1339 1548 1369 neque
1562 1339 1629 1360 mo-

899 1380 920 1395 “
936 1387 1008 1407 vere
1023 1387 1055 1407 se
1071 1377 1148 1412 loco,
1164 1377 1219 1408 ubi
1233 1377 1345 1419 effusus
1360 1384 1417 1416 est,
1441 1379 1547 1418 possit,
1572 1391 1629 1412 nec

900 1432 921 1447 “
937 1429 1124 1459 alimentum
1140 1429 1229 1459 lactis
1251 1435 1407 1469 appetere,
1432 1441 1490 1461 nec
1516 1432 1627 1472 injuri-

902 1483 921 1497 “
938 1490 990 1509 am
1019 1480 1166 1519 temporis
1197 1480 1292 1512 ferre:
1329 1481 1433 1522 itaque
1464 1482 1630 1523 Naturam,

901 1533 921 1547 “
937 1540 1002 1559 non
1028 1537 1162 1561 matrem
1186 1541 1251 1561 esse
1274 1532 1406 1561 humani
1420 1534 1555 1573 generis,
1577 1536 1632 1566 sed

902 1584 922 1599 ‘⁶
938 1590 1119 1618 novercam;
1142 1591 1211 1621 quae
1232 1592 1305 1612 cum
1328 1583 1425 1612 mutis
1440 1589 1504 1614 tam
1519 1585 1630 1616 libera-

901 1634 921 1649 “
938 1631 1008 1661 liter
1023 1642 1054 1662 se
1069 1632 1206 1672 gesserit,
1233 1632 1396 1662 hominem
1411 1644 1483 1664 vero
1498 1635 1541 1665 sic
1555 1636 1631 1677 effu-

901 1686 921 1700 “
937 1685 1030 1720 derit,
1059 1690 1095 1713 ut
1118 1684 1217 1722 inops,
1249 1690 1281 1714 et
1305 1685 1459 1724 infirmus,
1490 1693 1521 1717 et
1547 1691 1631 1719 omni

903 1736 923 1751 “
939 1735 1055 1763 auxilio
1098 1736 1250 1773 indigens,
1289 1735 1368 1765 nihil
1403 1737 1490 1767 aliud
1526 1739 1632 1777 possit,

903 1788 923 1803 “
938 1795 1034 1824 quam
1049 1784 1227 1825 fragilitatis
1253 1796 1318 1815 suae
1337 1787 1548 1818 conditionem
1563 1790 1630 1828 plo·

903 1839 923 1854 ‘⁶
940 1841 1011 1865 ratu
1026 1846 1062 1866 ac
1077 1835 1200 1866 fletibus
1215 1836 1280 1866 suis
1295 1837 1442 1867 ominari:
1470 1839 1587 1869 scilicet

921 1919 941 1931 “
953 1917 1004 1941 Cui
1014 1919 1123 1941 tantum
1136 1917 1163 1940 in
1175 1916 1231 1941 viti
1243 1921 1326 1943 restet
1335 1919 1447 1944 transire
1458 1919 1622 1945 malorum.”

906 1988 1016 2024 Porro,
1041 1988 1107 2018 vice
1128 1990 1274 2026 transire,
1298 1989 1335 2019 L.
1353 1990 1400 2020 M.
1424 1994 1556 2022 transire
1571 1999 1630 2029 est,-

903 2039 987 2080 quod
1003 2039 1027 2069 si
1043 2039 1176 2070 fideliter
1190 2039 1326 2070 relatum
1345 2041 1393 2077 sit,
1417 2042 1492 2081 quid
1507 2042 1564 2073 sibi
1579 2053 1630 2073 ve-

903 2092 941 2122 lit
966 2091 1147 2132 neutiquam
1174 2091 1326 2133 intelligo.
1370 2093 1413 2122 Et
1427 2104 1501 2124 mox
1518 2101 1558 2125 Π.
1576 2096 1631 2133 Et,

904 2153 960 2183 pro
974 2144 1029 2174 Ac.

948 2197 1024 2227 Ver.
1040 2200 1111 2228 229.
1133 2199 1228 2228 varz'ae
1240 2199 1379 2237 pecudes.
1423 2197 1524 2238 Lego:

966 2279 1002 2303 At
1013 2276 1114 2302 valide
1124 2281 1248 2303 crescunt
1258 2278 1444 2309 pecudes—.

1407 2319 1456 2348 ΒΕ
1463 2328 1484 2349 N
1491 2328 1512 2349 τ
1518 2329 1536 2349 L
1541 2329 1558 2350 Ε
1563 2329 1574 2350 1
1580 2330 1599 2350 υ
1606 2330 1631 2351 s·

909 2399 971 2431 Seu
986 2399 1088 2439 potius
1102 2399 1246 2430 forsitan:

961 2482 997 2506 At
1008 2481 1090 2506 variae
1102 2484 1226 2506 crescunt
1235 2480 1365 2510 volucres,
1374 2484 1571 2507 armenta—:

906 2552 1047 2583 conferas
1062 2552 1147 2582 enim
1163 2551 1196 2582 ii.
1212 2555 1282 2581 144.
1305 2551 1343 2581 iv.
1361 2554 1452 2583 1191.
1475 2552 1530 2583 sed
1549 2554 1631 2593 peri-

907 2605 1051 2636 culosum
1071 2612 1117 2636 est
1138 2605 1247 2635 subitis
1261 2605 1450 2645 quibuslibet
1471 2606 1631 2648 cogitatio-

907 2657 1000 2686 nibus
1015 2658 1235 2696 obtemperare.

950 2709 1026 2739 Ver.
1041 2712 1113 2739 250.
1138 2711 1206 2739 lVec
1230 2710 1445 2748 crepitacillis:
1471 2710 1515 2740 sic
1541 2709 1634 2739 veris-

907 2759 985 2789 sime
1001 2760 1140 2790 scribunt
1155 2759 1207 2790 Pii
1229 2759 1356 2800 quidam
1378 2760 1507 2797 codices,
1530 2761 1568 2791 L.
1584 2761 1635 2791 M.

909 2815 943 2840 Δ.
974 2820 1047 2840 cum
1076 2810 1264 2841 editionibus
1288 2811 1423 2842 Juntina
1452 2817 1483 2842 et
1512 2810 1634 2842 Aldina

909 2862 1090 2901 posteriore3
1121 2862 1218 2893 Vind.
1250 2864 1318 2894 Mc
1346 2865 1560 2904 receptaculis,-
1592 2864 1634 2893 V.

909 2913 956 2944 ed.
984 2914 1022 2944 Β.
1050 2916 1102 2945 Ne
1128 2916 1340 2954 crepitaczdis;
1366 2915 1406 2946 Ο.
1430 2918 1482 2947 Ne
1507 2917 1637 2955 crepitat

908 2967 1049 3003 ancillis‚·
1075 2972 1115 2998 11.
1138 2968 1206 2998 Nec
1219 2969 1424 3007 reputaculis,·
1449 2972 1485 3001 Σ.
1504 2968 1572 2999 Nec
1587 2977 1634 2998 re-
