1926 3224
612 236 846 286 LIBER
898 234 1203 286 SEXTUS.
1561 248 1660 290 315

363 371 488 412 Nunc
508 369 613 412 ratio
633 369 863 421 reddunda,
889 383 1068 426 augmen
1089 383 1196 425 quur
1214 368 1369 411 nesciat
1386 383 1543 427 aequor.

309 445 536 501 Principio,
557 459 671 486 mare
690 445 894 486 mirantur
912 458 1001 497 non·
1020 443 1193 485 reddere
1213 444 1344 500 majus

309 519 528 570 Naturam,
551 533 634 575 quo
654 519 705 558 sit
724 526 861 559 tantus
881 517 1077 558 decursus
1097 532 1314 573 aquarum,

192 599 274 635 610
307 593 462 635 Omnia
481 607 564 648 quo
583 592 749 632 veniant
767 605 821 631 ex
840 591 953 631 omni
974 590 1147 631 flumina
1164 601 1294 646 parte.

307 667 430 709 Adde
450 681 573 723 vagos
593 665 773 714 imbreis,
801 673 1142 720 tempestatesque
1160 664 1375 716 volanteis3

305 741 458 782 Omnia
478 753 571 795 quae
591 740 734 789 maria,
757 755 805 781 ac
826 748 969 790 terras,
993 747 1272 797 sparguntque
1292 741 1525 798 rigantque:

303 813 426 855 Adde
446 828 538 854 suos
559 812 724 855 funteis:
756 823 895 856 tamen
916 815 970 856 ad
992 815 1116 856 maris
1137 816 1277 857 omnia
1297 830 1500 858 summam

156 970 403 1003 aben-rationibus
431 971 540 1001 raritas
573 972 716 1002 vocabuli
752 974 886 1012 praebuit

155 1023 320 1064 originem.
365 1023 546 1064 Antiquum
559 1023 762 1064 glossarium:
783 1028 805 1043 “
819 1031 885 1056 Ενε-

156 1078 180 1093 “
195 1076 335 1117 χυριαζω,
357 1074 510 1106 „eubalum”
557 1075 638 1110 Quae
653 1081 838 1115 repetuntur
852 1076 886 1107 in

157 1127 281 1158 Latinis
295 1126 422 1157 ibidem.

201 1177 282 1209 Ibid.
300 1179 441 1209 Subdicat
457 1179 623 1209 stimulum.
650 1179 701 1209 Ab
716 1180 887 1218 aurigariis

157 1231 298 1261 moribus
318 1229 467 1260 translata
490 1236 537 1260 est
563 1231 629 1260 haec
653 1229 776 1260 dicendi
797 1230 887 1262 ratio.

157 1281 282 1312 Pariter
303 1281 435 1312 luscinia
460 1281 684 1318 Sulmonensis,
704 1282 782 1313 trist.
807 1293 834 1313 v.
859 1286 886 1313 1.

159 1337 208 1365 76.

247 1424 363 1457 Ingenio
374 1424 488 1450 stimulos
498 1424 601 1450 subdere
612 1425 694 1449 Fama
705 1425 782 1450 solet.

197 1504 274 1535 Ver.
292 1508 366 1536 604.
389 1506 571 1536 substracta:
590 1505 634 1535 ita
650 1510 686 1536 Σ.
704 1505 832 1543 rectius3
848 1504 884 1535 P.

156 1555 252 1586 Vind.
269 1556 309 1586 V.
325 1555 372 1586 ed.
398 1555 437 1586 O.
461 1562 496 1586 Δ.
521 1562 566 1587 Ω.
592 1557 760 1592 subtracta,·
783 1556 820 1586 L.
838 1557 885 1587 M.

156 1609 345 1639 substructa:
370 1608 458 1638 unde
480 1608 617 1649 cogitare
641 1608 732 1638 liceat
755 1608 794 1638 de
815 1609 884 1639 sub-

153 1661 264 1696 ductam
288 1665 319 1689 et
333 1659 511 1689 committas
526 1659 618 1689 velim
641 1659 661 1689 i.
685 1663 777 1690 1099.
822 1659 885 1689 Sed

151 1710 232 1741 nihil
252 1710 484 1741 demutandum
500 1709 559 1740 est(
599 1710 668 1740 Nec
686 1716 793 1740 tamen
808 1710 885 1741 alias

153 1762 204 1793 vel
231 1762 311 1793 illud
339 1764 509 1794 substructa
546 1761 654 1792 leviter
684 1761 880 1802 abjecissem:

155 1817 177 1833 ‘⁶
194 1814 246 1844 Ne
260 1820 341 1844 terra
352 1814 478 1849 scilicet,
494 1823 577 1854 quae,
590 1812 792 1845 fundamenti
804 1813 884 1852 loco,

155 1868 177 1884 “
194 1866 305 1896 nostris
327 1866 458 1906 pedibus
484 1866 622 1906 subjecta
643 1871 697 1902 est,
720 1865 832 1905 raptim
847 1866 883 1895 in

158 1921 180 1937 ‘⁴
195 1919 378 1949 barathrum
393 1918 545 1949 feratur.’'
569 1918 708 1958 Recepta
722 1928 795 1948 vero
810 1924 884 1948 sunt

151 1969 361 2011 undequaque
387 1972 480 2008 bona,
509 1969 577 2000 sine
606 1969 672 2000 ulla
702 1969 883 2009 exceptione

151 2021 199 2051 vel
229 2023 407 2059 verborum,
430 2021 480 2052 vel
512 2022 768 2060 constructionis;
794 2022 880 2053 ideo-

149 2084 211 2115 que
221 2074 304 2104 sanis
315 2073 444 2114 judiciis
454 2073 586 2104 minime
595 2073 785 2104 solicitanda.
811 2075 880 2105 Cae-

149 2132 262 2163 terum,
285 2132 459 2156 memorata
472 2126 605 2156 val-Ietas
629 2126 663 2156 in
685 2126 806 2157 ultimae
829 2138 878 2157 ve-

150 2177 274 2208 tustatis
287 2178 478 2207 membranis
493 2183 524 2207 et
539 2177 607 2216 ipsa
627 2178 787 2217 scripturae
809 2188 880 2208 nos-

151 2234 207 2259 trae
222 2228 418 2269 suffragatur.
455 2229 576 2259 Glossae
591 2239 716 2270 quoque
731 2229 880 2260 Philoxe-

151 2281 202 2311 ni:
228 2284 250 2299 “
267 2282 440 2317 Substralzo,
457 2281 622 2322 oemcvpm.'’

194 2340 274 2372 Ibid.
297 2342 385 2372 tellus
400 2342 582 2372 substracta.
627 2341 732 2380 Maro,
756 2341 833 2373 AEn.
852 2351 879 2372 v,

151 2395 223 2424 199.

244 2474 460 2506 subtrahiturque
470 2474 621 2501 solum—.

195 2555 268 2586 Ver.
283 2560 355 2588 605.
379 2558 578 2588 barathrum:
605 2557 645 2588 O.
662 2562 697 2589 Δ.
715 2562 749 2589 Σ.
768 2565 811 2590 Ω.
826 2561 880 2589 ba-

150 2613 462 2639 rutrum—summa:
483 2613 517 2640 Σ.
534 2619 589 2647 pro
603 2619 666 2639 var.
687 2609 879 2651 lect-firma.

151 2658 325 2697 Nimirum,
352 2660 553 2690 vetustissimi
574 2660 788 2692 indifferenter
809 2669 877 2693 ute-

149 2710 263 2740 bantur
279 2722 295 2741 ο
311 2717 342 2741 et
358 2722 390 2748 u,
413 2719 449 2742 ut
463 2713 496 2742 iu
512 2715 621 2750 consol,
633 2713 755 2753 fantes,
779 2725 814 2744 ac
835 2716 876 2745 si-

150 2762 290 2800 milibus,
312 2773 383 2803 quoe
406 2771 583 2794 memorant
607 2765 818 2805 grammatici3
848 2773 879 2797 et

151 2816 364 2855 notissimum,
377 2817 518 2849 librarios
529 2818 700 2857 saepissime
708 2820 878 2859 peccavisse

152 2866 186 2895 in
201 2866 299 2897 literis
304 2868 335 2908 s
342 2875 372 2898 et
383 2869 421 2909 f.-
444 2870 529 2900 unde
551 2869 640 2900 nullo
662 2871 789 2912 negotio
810 2882 879 2912 per.

151 2918 268 2949 mutari
283 2926 427 2958 poterant
435 2919 538 2961 soffia,
556 2921 701 2962 etfo'ma.

849 2981 917 3011 X5

973 980 1046 1010 Ver.
1063 984 1134 1011 605.
1157 992 1260 1012 rerum
1277 992 1405 1012 summa.
1439 981 1555 1013 Paullo
1569 981 1657 1014 aliter

931 1031 1130 1062 Mantuanus
1145 1032 1268 1068 extulit,
1291 1032 1331 1062 ad
1344 1033 1420 1063 AEn.
1436 1033 1467 1064 ii.
1483 1036 1555 1065 522.

1023 1123 1085 1155 Quo
1097 1129 1136 1147 res
1147 1129 1247 1147 summu
1258 1122 1330 1153 loco,
1339 1123 1460 1148 Panthu?

933 1212 1066 1244 Ovidius
1088 1219 1208 1253 autem,
1229 1219 1266 1244 ut
1287 1219 1406 1252 noster,
1430 1219 1506 1245 met.
1530 1214 1562 1246 ii.
1584 1218 1655 1247 500.

931 1264 1083 1295 exhibuit:

1216 1360 1244 1382 et
1256 1364 1339 1381 rerum
1351 1358 1460 1384 consule
1470 1364 1589 1385 summae:

934 1439 989 1470 ubi
1005 1439 1112 1471 doctos
1127 1441 1261 1471 editores
1274 1441 1386 1473 videas.

973 1501 1048 1531 Ver.
1064 1505 1137 1532 606.
1154 1502 1273 1532 Versus
1289 1503 1340 1532 hie
1354 1502 1389 1533 in
1404 1503 1446 1534 V.
1462 1503 1509 1534 ed.
1525 1504 1658 1535 omissus

929 1558 982 1582 est.

972 1610 1048 1642 Ver.
1063 1614 1135 1642 607.
1160 1611 1201 1642 In
1217 1612 1286 1643 edd.
1300 1613 1322 1644 J
1325 1620 1392 1644 unt.
1409 1620 1440 1644 et
1458 1613 1531 1645 Ald.
1552 1625 1658 1652 versus

928 1661 979 1691 hic
994 1663 1189 1701 conspicitur,
1215 1663 1270 1694 sed
1285 1665 1405 1695 exsulat
1420 1665 1488 1695 aliis
1499 1667 1657 1706 omnibus,

928 1714 1115 1753 quibuscum
1131 1716 1220 1745 nobis
1241 1726 1290 1746 res
1305 1723 1363 1755 est,
1390 1717 1452 1757 qua
1475 1718 1571 1748 MSS.
1594 1718 1658 1760 quai

928 1763 1085 1803 impressis
1107 1776 1175 1796 aere.
1223 1767 1315 1797 Certe
1344 1767 1406 1798 tale
1430 1768 1584 1808 quiddam
1609 1774 1656 1799 te-

929 1815 998 1844 nori
1022 1822 1116 1856 atque
1146 1817 1317 1858 integritati
1349 1819 1497 1848 carminis
1526 1820 1657 1851 omnino

928 1867 1140 1896 necessarium
1155 1874 1219 1905 est;
1243 1879 1318 1898 nam
1333 1869 1385 1898 vix
1401 1870 1508 1900 credas
1522 1881 1560 1900 eo
1580 1871 1656 1901 titu-

925 1917 969 1955 lo,
992 1917 1046 1958 qui
1070 1926 1231 1958 comparet
1251 1920 1288 1949 in
1312 1920 1478 1956 codicibus5
1509 1924 1532 1940 ‘⁶
1550 1922 1657 1958 Quare

928 1971 950 1987 ‘⁵
965 1979 1053 1999 mare
1072 1970 1175 2011 majus
1196 1981 1261 2000 non
1276 1971 1364 2009 fiat‚'’
1387 1973 1511 2011 po'e'tam
1526 1979 1656 2003 conten—

924 2026 995 2050 tum
1006 2021 1111 2053 fuisse.
1136 2024 1306 2061 Caeterum,
1316 2023 1356 2054 de
1367 2025 1548 2064 quaestione,
1560 2036 1657 2065 quam

925 2072 985 2102 sibi
999 2073 1095 2103 sumit
1111 2074 1277 2104 Lucretius
1291 2075 1516 2114 ventilandam,
1538 2082 1570 2105 et
1583 2086 1655 2115 pro-

925 2123 1006 2154 fecto
1031 2135 1104 2154 cum
1131 2125 1264 2161 solertia,
1290 2126 1420 2156 homine
1445 2127 1537 2158 docto
1563 2134 1656 2169 atque

925 2175 1122 2215 intelligente
1159 2176 1267 2216 digna,
1303 2183 1425 2216 tractat,
1461 2188 1520 2208 nos
1558 2178 1656 2210 mittit

925 2229 1103 2260 Lambinus
1130 2231 1171 2261 ad
1198 2231 1377 2261 Aristotelis
1405 2237 1534 2263 meteor.
1565 2233 1597 2263 ii.
1625 2237 1653 2264 2.

925 2282 1073 2323 Perlegas
1087 2282 1183 2313 etiam
1204 2290 1391 2324 argumenta
1412 2284 1552 2315 Lucretii
1567 2295 1653 2315 sum-

923 2334 1034 2363 matim
1056 2340 1088 2364 et
1109 2334 1268 2375 eleganter
1291 2335 1447 2366 declarata
1476 2335 1511 2365 in
1538 2336 1653 2367 Isidori

923 2385 1021 2426 origg.
1038 2386 1103 2416 xiii.
1122 2389 1172 2417 14.

963 2446 1038 2476 Ver.
1055 2450 1126 2478 609.
1151 2448 1328 2478 A'aturam:
1354 2446 1451 2477 Vind.
1474 2447 1516 2477 V.
1539 2447 1586 2478 ed.
1612 2448 1653 2480 Ο.

924 2503 959 2528 Δ.
976 2503 1010 2529 Σ.
1028 2504 1075 2528 Ω.
1100 2499 1249 2536 Natura,-
1274 2499 1360 2530 unde
1381 2499 1461 2529 mihi
1482 2500 1652 2531 vehemens

923 2550 1032 2579 oborta
1047 2555 1093 2580 est
1107 2550 1254 2589 suspicio,
1277 2560 1342 2581 non
1356 2550 1446 2580 aliter
1460 2561 1651 2590 comparere,

923 2601 949 2630 si
971 2600 1066 2632 modo
1088 2611 1196 2632 verum
1218 2602 1380 2633 collatores
1402 2602 1590 2639 retulissent,
1615 2603 1652 2634 in

923 2653 1115 2682 membranis
1129 2653 1342 2684 vetustissimis
1363 2654 1400 2684 L.
1425 2654 1472 2684 M.
1494 2654 1652 2694 Piumque

921 2713 959 2733 ex
975 2703 1103 2743 ingenio
1119 2706 1279 2735 λἀιηναηι
1298 2711 1406 2735 contra
1416 2704 1511 2735 libros
1521 2704 1651 2744 scriptos

922 2755 1082 2793 intulisse;
1106 2756 1191 2796 quod
1205 2767 1286 2796 saepe
1301 2757 1377 2787 alias
1395 2756 1526 2795 factum,
1548 2762 1595 2787 est
1616 2757 1651 2788 iu

922 2814 1047 2838 tantum
1064 2818 1127 2838 non
1143 2809 1328 2840 certissimis.
1374 2809 1432 2840 Me
1455 2808 1566 2839 saltem
1579 2818 1649 2848 per-

923 2861 1140 2892 suasissimum
1165 2864 1276 2902 habeo,
1301 2863 1406 2895 locum
1432 2864 1477 2894 sic
1502 2862 1648 2903 primitus

923 2915 1096 2946 exhibitum
1112 2908 1220 2947 fuisse:
