<?xml version="1.0" encoding="UTF-8"?>
<!DOCTYPE html PUBLIC "-//W3C//DTD XHTML 1.0 Transitional//EN"
    "http://www.w3.org/TR/xhtml1/DTD/xhtml1-transitional.dtd">
<html xmlns="http://www.w3.org/1999/xhtml" xml:lang="en" lang="en">
 <head>
  <title>
</title>
<meta http-equiv="Content-Type" content="text/html;charset=utf-8" />
  <meta name='ocr-system' content='tesseract 3.04.00' />
  <meta name='ocr-capabilities' content='ocr_page ocr_carea ocr_par ocr_line ocrx_word'/>
</head>
<body>
  <div class='ocr_page' id='page_1' title='image "./tlucretiicarider03lucruoft_0110.png"; bbox 0 0 1926 3224; ppageno 0'>
   <div class='ocr_carea' id='block_1_1' title="bbox 328 271 392 313">
    <p class='ocr_par' dir='ltr' id='par_1_1' title="bbox 328 271 392 313">
     <span class='ocr_line' id='line_1_1' title="bbox 328 271 392 313; baseline 0.016 -1"><span class='ocrx_word' id='word_1_1' title='bbox 328 271 392 313; x_wconf 87' lang='lat'>90</span> 
     </span>
    </p>
   </div>
   <div class='ocr_carea' id='block_1_2' title="bbox 823 265 1313 313">
    <p class='ocr_par' dir='ltr' id='par_1_2' title="bbox 823 265 1313 313">
     <span class='ocr_line' id='line_1_2' title="bbox 823 265 1313 313; baseline -0.002 0"><span class='ocrx_word' id='word_1_2' title='bbox 823 266 884 313; x_wconf 94' lang='lat' dir='ltr'>T.</span> <span class='ocrx_word' id='word_1_3' title='bbox 937 265 1313 313; x_wconf 89' lang='lat' dir='ltr'>LUCRETII</span> 
     </span>
    </p>
   </div>
   <div class='ocr_carea' id='block_1_3' title="bbox 469 394 1621 666">
    <p class='ocr_par' dir='ltr' id='par_1_3' title="bbox 469 394 1621 597">
     <span class='ocr_line' id='line_1_3' title="bbox 472 394 1561 449; baseline -0.001 -12"><span class='ocrx_word' id='word_1_4' title='bbox 472 396 679 437; x_wconf 81' lang='lat' dir='ltr'>Flammea</span> <span class='ocrx_word' id='word_1_5' title='bbox 700 408 775 449; x_wconf 88' lang='lat' dir='ltr'>per</span> <span class='ocrx_word' id='word_1_6' title='bbox 794 394 943 434; x_wconf 91' lang='lat' dir='ltr'>coelum</span> <span class='ocrx_word' id='word_1_7' title='bbox 961 394 1186 447; x_wconf 88' lang='lat' dir='ltr'>pascenteis</span> <span class='ocrx_word' id='word_1_8' title='bbox 1205 408 1380 449; x_wconf 87' lang='lat' dir='ltr'>corpora</span> <span class='ocrx_word' id='word_1_9' title='bbox 1397 395 1561 449; x_wconf 85' lang='lat' dir='ltr'>passim.</span> 
     </span>
     <span class='ocr_line' id='line_1_4' title="bbox 470 465 1621 522; baseline 0 -12"><span class='ocrx_word' id='word_1_10' title='bbox 470 467 582 510; x_wconf 84' lang='lat' dir='ltr'>Nam</span> <span class='ocrx_word' id='word_1_11' title='bbox 601 466 697 522; x_wconf 90' lang='lat' dir='ltr'>quid</span> <span class='ocrx_word' id='word_1_12' title='bbox 719 466 765 507; x_wconf 92' lang='lat' dir='ltr'>in</span> <span class='ocrx_word' id='word_1_13' title='bbox 783 465 863 508; x_wconf 89' lang='lat' dir='ltr'>hoc</span> <span class='ocrx_word' id='word_1_14' title='bbox 881 466 1039 507; x_wconf 90' lang='lat' dir='ltr'>mundo</span> <span class='ocrx_word' id='word_1_15' title='bbox 1059 466 1111 508; x_wconf 89' lang='lat' dir='ltr'>sit</span> <span class='ocrx_word' id='word_1_16' title='bbox 1129 481 1272 508; x_wconf 89' lang='lat' dir='ltr'>eorum</span> <span class='ocrx_word' id='word_1_17' title='bbox 1291 481 1446 522; x_wconf 88' lang='lat' dir='ltr'>ponere</span> <span class='ocrx_word' id='word_1_18' title='bbox 1465 476 1621 510; x_wconf 88' lang='lat' dir='ltr'>certum</span> 
     </span>
     <span class='ocr_line' id='line_1_5' title="bbox 469 539 1538 597; baseline 0 -14"><span class='ocrx_word' id='word_1_19' title='bbox 469 540 649 583; x_wconf 80' lang='lat' dir='ltr'>Difficile</span> <span class='ocrx_word' id='word_1_20' title='bbox 668 547 743 581; x_wconf 88' lang='lat' dir='ltr'>est:</span> <span class='ocrx_word' id='word_1_21' title='bbox 773 539 860 590; x_wconf 81' lang='lat' dir='ltr'>sed,</span> <span class='ocrx_word' id='word_1_22' title='bbox 883 540 982 596; x_wconf 92' lang='lat' dir='ltr'>quid</span> <span class='ocrx_word' id='word_1_23' title='bbox 1002 541 1130 596; x_wconf 88' lang='lat' dir='ltr'><strong>possit</strong></span> <span class='ocrx_word' id='word_1_24' title='bbox 1149 540 1302 597; x_wconf 81' lang='lat' dir='ltr'>fiatque</span> <span class='ocrx_word' id='word_1_25' title='bbox 1320 556 1396 596; x_wconf 88' lang='lat' dir='ltr'>per</span> <span class='ocrx_word' id='word_1_26' title='bbox 1415 556 1538 583; x_wconf 88' lang='lat' dir='ltr'>omne</span> 
     </span>
    </p>

    <p class='ocr_par' dir='ltr' id='par_1_4' title="bbox 471 614 1366 666">
     <span class='ocr_line' id='line_1_6' title="bbox 471 614 1366 666; baseline 0 -10"><span class='ocrx_word' id='word_1_27' title='bbox 471 615 522 656; x_wconf 93' lang='lat' dir='ltr'>In</span> <span class='ocrx_word' id='word_1_28' title='bbox 545 614 665 657; x_wconf 84' lang='lat' dir='ltr'>variis</span> <span class='ocrx_word' id='word_1_29' title='bbox 683 614 864 665; x_wconf 89' lang='lat' dir='ltr'>mundis,</span> <span class='ocrx_word' id='word_1_30' title='bbox 895 614 1008 656; x_wconf 69' lang='lat' dir='ltr'>varia</span> <span class='ocrx_word' id='word_1_31' title='bbox 1027 615 1186 663; x_wconf 80' lang='lat' dir='ltr'>ratione</span> <span class='ocrx_word' id='word_1_32' title='bbox 1206 615 1366 666; x_wconf 84' lang='lat' dir='ltr'>creatis,</span> 
     </span>
    </p>
   </div>
   <div class='ocr_carea' id='block_1_4' title="bbox 359 689 1540 746">
    <p class='ocr_par' dir='ltr' id='par_1_5' title="bbox 359 689 1540 746">
     <span class='ocr_line' id='line_1_7' title="bbox 359 689 1540 746; baseline 0.001 -16"><span class='ocrx_word' id='word_1_33' title='bbox 359 694 441 730; x_wconf 79' lang='lat'>530</span> <span class='ocrx_word' id='word_1_34' title='bbox 473 689 524 730; x_wconf 90' lang='lat' dir='ltr'>Id</span> <span class='ocrx_word' id='word_1_35' title='bbox 544 689 673 730; x_wconf 89' lang='lat' dir='ltr'>doceo</span> <span class='ocrx_word' id='word_1_36' title='bbox 680 706 693 738; x_wconf 90' lang='lat'>;</span> <span class='ocrx_word' id='word_1_37' title='bbox 724 689 956 744; x_wconf 88' lang='lat' dir='ltr'>plureisque</span> <span class='ocrx_word' id='word_1_38' title='bbox 976 704 1123 746; x_wconf 89' lang='lat' dir='ltr'>sequor</span> <span class='ocrx_word' id='word_1_39' title='bbox 1144 690 1361 745; x_wconf 85' lang='lat' dir='ltr'><strong>disponere</strong></span> <span class='ocrx_word' id='word_1_40' title='bbox 1382 705 1540 731; x_wconf 82' lang='lat' dir='ltr'>caussas</span> 
     </span>
    </p>
   </div>
   <div class='ocr_carea' id='block_1_5' title="bbox 471 762 1560 820">
    <p class='ocr_par' dir='ltr' id='par_1_6' title="bbox 471 762 1560 820">
     <span class='ocr_line' id='line_1_8' title="bbox 471 762 1560 820; baseline 0.001 -15"><span class='ocrx_word' id='word_1_41' title='bbox 471 762 660 805; x_wconf 85' lang='lat' dir='ltr'>Motibus</span> <span class='ocrx_word' id='word_1_42' title='bbox 679 770 897 813; x_wconf 85' lang='lat' dir='ltr'><strong>astrorum,</strong></span> <span class='ocrx_word' id='word_1_43' title='bbox 928 779 1022 819; x_wconf 87' lang='lat' dir='ltr'>quae</span> <span class='ocrx_word' id='word_1_44' title='bbox 1041 765 1199 819; x_wconf 83' lang='lat' dir='ltr'>possint</span> <span class='ocrx_word' id='word_1_45' title='bbox 1218 779 1302 806; x_wconf 88' lang='lat' dir='ltr'>esse</span> <span class='ocrx_word' id='word_1_46' title='bbox 1320 779 1395 820; x_wconf 88' lang='lat' dir='ltr'>per</span> <span class='ocrx_word' id='word_1_47' title='bbox 1414 779 1560 806; x_wconf 87' lang='lat' dir='ltr'>omne:</span> 
     </span>
    </p>
   </div>
   <div class='ocr_carea' id='block_1_6' title="bbox 471 836 1795 1042">
    <p class='ocr_par' dir='ltr' id='par_1_7' title="bbox 471 836 1795 1042">
     <span class='ocr_line' id='line_1_9' title="bbox 471 836 1795 895; baseline 0.002 -18"><span class='ocrx_word' id='word_1_48' title='bbox 471 836 511 877; x_wconf 89' lang='lat' dir='ltr'><strong>E</strong></span> <span class='ocrx_word' id='word_1_49' title='bbox 531 836 678 891; x_wconf 90' lang='lat' dir='ltr'>quibus</span> <span class='ocrx_word' id='word_1_50' title='bbox 699 851 782 878; x_wconf 86' lang='lat' dir='ltr'>una</span> <span class='ocrx_word' id='word_1_51' title='bbox 802 845 939 878; x_wconf 88' lang='lat' dir='ltr'>tamen</span> <span class='ocrx_word' id='word_1_52' title='bbox 960 838 1011 879; x_wconf 87' lang='lat' dir='ltr'>sit</span> <span class='ocrx_word' id='word_1_53' title='bbox 1031 845 1071 879; x_wconf 86' lang='lat' dir='ltr'>et</span> <span class='ocrx_word' id='word_1_54' title='bbox 1089 838 1181 880; x_wconf 86' lang='lat' dir='ltr'>haec</span> <span class='ocrx_word' id='word_1_55' title='bbox 1199 854 1361 895; x_wconf 91' lang='lat' dir='ltr'>quoque</span> <span class='ocrx_word' id='word_1_56' title='bbox 1381 853 1522 889; x_wconf 85' lang='lat' dir='ltr'>caussa</span> <span class='ocrx_word' id='word_1_57' title='bbox 1540 852 1702 880; x_wconf 87' lang='lat' dir='ltr'>necesse</span> <span class='ocrx_word' id='word_1_58' title='bbox 1721 846 1795 887; x_wconf 88' lang='lat' dir='ltr'>est,</span> 
     </span>
     <span class='ocr_line' id='line_1_10' title="bbox 472 908 1568 968; baseline 0.005 -20"><span class='ocrx_word' id='word_1_59' title='bbox 472 908 581 957; x_wconf 84' lang='lat' dir='ltr'>Quae</span> <span class='ocrx_word' id='word_1_60' title='bbox 601 916 745 965; x_wconf 81' lang='lat' dir='ltr'>vegeat</span> <span class='ocrx_word' id='word_1_61' title='bbox 764 917 923 951; x_wconf 90' lang='lat' dir='ltr'>motum</span> <span class='ocrx_word' id='word_1_62' title='bbox 942 911 1084 968; x_wconf 88' lang='lat' dir='ltr'>signis;</span> <span class='ocrx_word' id='word_1_63' title='bbox 1118 912 1203 963; x_wconf 87' lang='lat' dir='ltr'>sed,</span> <span class='ocrx_word' id='word_1_64' title='bbox 1226 927 1320 968; x_wconf 90' lang='lat' dir='ltr'>quae</span> <span class='ocrx_word' id='word_1_65' title='bbox 1342 913 1392 953; x_wconf 88' lang='lat' dir='ltr'>sit</span> <span class='ocrx_word' id='word_1_66' title='bbox 1412 926 1568 962; x_wconf 85' lang='lat' dir='ltr'>earum,</span> 
     </span>
     <span class='ocr_line' id='line_1_11' title="bbox 473 981 1740 1042; baseline 0.003 -20"><span class='ocrx_word' id='word_1_67' title='bbox 473 981 706 1038; x_wconf 78' lang='lat' dir='ltr'>Praecipere</span> <span class='ocrx_word' id='word_1_68' title='bbox 725 982 838 1025; x_wconf 87' lang='lat' dir='ltr'>haud</span> <span class='ocrx_word' id='word_1_69' title='bbox 858 984 1063 1041; x_wconf 68' lang='lat' dir='ltr'>quaquam</span> <span class='ocrx_word' id='word_1_70' title='bbox 1083 994 1142 1028; x_wconf 87' lang='lat' dir='ltr'>est</span> <span class='ocrx_word' id='word_1_71' title='bbox 1161 986 1410 1041; x_wconf 85' lang='lat' dir='ltr'>pedetentim</span> <span class='ocrx_word' id='word_1_72' title='bbox 1429 984 1740 1042; x_wconf 87' lang='lat' dir='ltr'>progredientis.</span> 
     </span>
    </p>
   </div>
   <div class='ocr_carea' id='block_1_7' title="bbox 359 1135 990 1207">
    <p class='ocr_par' dir='ltr' id='par_1_8' title="bbox 359 1135 990 1207">
     <span class='ocr_line' id='line_1_12' title="bbox 359 1135 990 1172; baseline 0.008 -12"><span class='ocrx_word' id='word_1_73' title='bbox 359 1138 448 1168; x_wconf 81' lang='lat' dir='ltr'>Saepe,</span> <span class='ocrx_word' id='word_1_74' title='bbox 464 1135 610 1161; x_wconf 82' lang='lat' dir='ltr'>volutabris</span> <span class='ocrx_word' id='word_1_75' title='bbox 617 1136 705 1168; x_wconf 77' lang='lat' dir='ltr'>pulsos</span> <span class='ocrx_word' id='word_1_76' title='bbox 715 1137 896 1170; x_wconf 82' lang='lat' dir='ltr'>sylvestribus,</span> <span class='ocrx_word' id='word_1_77' title='bbox 912 1146 990 1172; x_wconf 79' lang='lat' dir='ltr'>apros</span> 
     </span>
     <span class='ocr_line' id='line_1_13' title="bbox 360 1174 690 1207; baseline 0.003 -7"><span class='ocrx_word' id='word_1_78' title='bbox 360 1176 472 1200; x_wconf 81' lang='lat' dir='ltr'>Latratu</span> <span class='ocrx_word' id='word_1_79' title='bbox 482 1174 594 1200; x_wconf 74' lang='lat' dir='ltr'>turbabir</span> <span class='ocrx_word' id='word_1_80' title='bbox 602 1183 690 1207; x_wconf 74' lang='lat' dir='ltr'>agenr.-</span> 
     </span>
    </p>
   </div>
   <div class='ocr_carea' id='block_1_8' title="bbox 329 1243 1051 1383">
    <p class='ocr_par' dir='ltr' id='par_1_9' title="bbox 329 1243 1051 1383">
     <span class='ocr_line' id='line_1_14' title="bbox 329 1243 1051 1287; baseline 0.007 -14"><span class='ocrx_word' id='word_1_81' title='bbox 329 1243 387 1274; x_wconf 89' lang='lat' dir='ltr'>ubi</span> <span class='ocrx_word' id='word_1_82' title='bbox 401 1244 583 1274; x_wconf 81' lang='lat' dir='ltr'>varietatem</span> <span class='ocrx_word' id='word_1_83' title='bbox 600 1245 735 1276; x_wconf 85' lang='lat' dir='ltr'>Medicei</span> <span class='ocrx_word' id='word_1_84' title='bbox 748 1246 870 1283; x_wconf 85' lang='lat' dir='ltr'>codicis,</span> <span class='ocrx_word' id='word_1_85' title='bbox 885 1258 974 1287; x_wconf 81' lang='lat' dir='ltr'>agros</span> <span class='ocrx_word' id='word_1_86' title='bbox 985 1247 1051 1278; x_wconf 92' lang='lat' dir='ltr'>vice</span> 
     </span>
     <span class='ocr_line' id='line_1_15' title="bbox 330 1296 1051 1336; baseline 0.007 -10"><span class='ocrx_word' id='word_1_87' title='bbox 330 1306 434 1336; x_wconf 82' lang='lat' dir='ltr'>agens,</span> <span class='ocrx_word' id='word_1_88' title='bbox 449 1296 561 1327; x_wconf 84' lang='lat' dir='ltr'>merito</span> <span class='ocrx_word' id='word_1_89' title='bbox 569 1296 709 1327; x_wconf 85' lang='lat' dir='ltr'>vilissimi</span> <span class='ocrx_word' id='word_1_90' title='bbox 724 1299 880 1329; x_wconf 76' lang='lat' dir='ltr'>aestimant</span> <span class='ocrx_word' id='word_1_91' title='bbox 893 1300 950 1330; x_wconf 85' lang='lat' dir='ltr'>viri</span> <span class='ocrx_word' id='word_1_92' title='bbox 960 1300 1051 1331; x_wconf 83' lang='lat' dir='ltr'>docti.</span> 
     </span>
     <span class='ocr_line' id='line_1_16' title="bbox 330 1346 923 1383; baseline 0.005 -6"><span class='ocrx_word' id='word_1_93' title='bbox 330 1346 425 1377; x_wconf 88' lang='lat' dir='ltr'>Idem</span> <span class='ocrx_word' id='word_1_94' title='bbox 441 1347 646 1383; x_wconf 86' lang='lat' dir='ltr'>Mantuanus,</span> <span class='ocrx_word' id='word_1_95' title='bbox 670 1348 709 1378; x_wconf 85' lang='lat' dir='ltr'>ad</span> <span class='ocrx_word' id='word_1_96' title='bbox 724 1349 800 1379; x_wconf 86' lang='lat' dir='ltr'>AEn.</span> <span class='ocrx_word' id='word_1_97' title='bbox 815 1350 835 1379; x_wconf 91' lang='lat' dir='ltr'>i.</span> <span class='ocrx_word' id='word_1_98' title='bbox 852 1353 923 1381; x_wconf 91' lang='lat'>191.</span> 
     </span>
    </p>
   </div>
   <div class='ocr_carea' id='block_1_9' title="bbox 331 1438 516 1446">
    <p class='ocr_par' dir='ltr' id='par_1_10' title="bbox 331 1438 516 1446">
     <span class='ocr_line' id='line_1_17' title="bbox 331 1438 516 1446; baseline 0 0"><span class='ocrx_word' id='word_1_99' title='bbox 331 1438 516 1446; x_wconf 95' lang='lat' dir='ltr'> </span> 
     </span>
    </p>
   </div>
   <div class='ocr_carea' id='block_1_10' title="bbox 517 1436 604 1445">
    <p class='ocr_par' dir='ltr' id='par_1_11' title="bbox 517 1436 604 1445">
     <span class='ocr_line' id='line_1_18' title="bbox 517 1436 604 1445; baseline 0 1779"><span class='ocrx_word' id='word_1_100' title='bbox 517 1436 604 1445; x_wconf 95' lang='lat' dir='ltr'> </span> 
     </span>
    </p>
   </div>
   <div class='ocr_carea' id='block_1_11' title="bbox 607 1438 700 1446">
    <p class='ocr_par' dir='ltr' id='par_1_12' title="bbox 607 1438 700 1446">
     <span class='ocr_line' id='line_1_19' title="bbox 607 1438 700 1446; baseline 0 0"><span class='ocrx_word' id='word_1_101' title='bbox 607 1438 700 1446; x_wconf 95' lang='lat' dir='ltr'> </span> 
     </span>
    </p>
   </div>
   <div class='ocr_carea' id='block_1_12' title="bbox 332 1427 1054 1498">
    <p class='ocr_par' dir='ltr' id='par_1_13' title="bbox 332 1427 1054 1498">
     <span class='ocr_line' id='line_1_20' title="bbox 712 1427 1054 1459; baseline 0.012 -10"><span class='ocrx_word' id='word_1_102' title='bbox 712 1429 772 1450; x_wconf 89' lang='lat' dir='ltr'>tum</span> <span class='ocrx_word' id='word_1_103' title='bbox 783 1427 892 1459; x_wconf 80' lang='lat' dir='ltr'>volgus;</span> <span class='ocrx_word' id='word_1_104' title='bbox 905 1431 933 1453; x_wconf 88' lang='lat' dir='ltr'>et</span> <span class='ocrx_word' id='word_1_105' title='bbox 943 1434 1054 1453; x_wconf 84' lang='lat' dir='ltr'>omnem</span> 
     </span>
     <span class='ocr_line' id='line_1_21' title="bbox 332 1464 1032 1498; baseline 0.003 -9"><span class='ocrx_word' id='word_1_106' title='bbox 332 1464 421 1490; x_wconf 61' lang='grc' dir='ltr'>Ματρί</span> <span class='ocrx_word' id='word_1_107' title='bbox 431 1472 506 1498; x_wconf 75' lang='lat' dir='ltr'>agens</span> <span class='ocrx_word' id='word_1_108' title='bbox 518 1465 576 1489; x_wconf 84' lang='lat' dir='ltr'>telis</span> <span class='ocrx_word' id='word_1_109' title='bbox 588 1470 699 1489; x_wconf 84' lang='lat' dir='ltr'>nemora</span> <span class='ocrx_word' id='word_1_110' title='bbox 710 1465 781 1490; x_wconf 84' lang='lat' dir='ltr'>inter</span> <span class='ocrx_word' id='word_1_111' title='bbox 790 1465 903 1491; x_wconf 78' lang='lat' dir='ltr'>frondea</span> <span class='ocrx_word' id='word_1_112' title='bbox 913 1467 1032 1491; x_wconf 85' lang='lat' dir='ltr'>turbam.</span> 
     </span>
    </p>
   </div>
   <div class='ocr_carea' id='block_1_13' title="bbox 326 1542 1056 1785">
    <p class='ocr_par' dir='ltr' id='par_1_14' title="bbox 326 1542 1056 1785">
     <span class='ocr_line' id='line_1_22' title="bbox 375 1542 1053 1583; baseline 0.003 -11"><span class='ocrx_word' id='word_1_113' title='bbox 375 1542 455 1573; x_wconf 91' lang='lat' dir='ltr'>Ibid.</span> <span class='ocrx_word' id='word_1_114' title='bbox 477 1553 611 1582; x_wconf 84' lang='lat' dir='ltr'>serpere:</span> <span class='ocrx_word' id='word_1_115' title='bbox 629 1543 649 1573; x_wconf 87' lang='lat' dir='ltr'>i.</span> <span class='ocrx_word' id='word_1_116' title='bbox 665 1553 691 1573; x_wconf 88' lang='lat' dir='ltr'>e.</span> <span class='ocrx_word' id='word_1_117' title='bbox 706 1543 902 1583; x_wconf 82' lang='lat' dir='ltr'>generaliter,</span> <span class='ocrx_word' id='word_1_118' title='bbox 918 1544 974 1582; x_wconf 87' lang='lat' dir='ltr'>ire,</span> <span class='ocrx_word' id='word_1_119' title='bbox 986 1554 1053 1574; x_wconf 91' lang='lat' dir='ltr'>mo-</span> 
     </span>
     <span class='ocr_line' id='line_1_23' title="bbox 331 1594 1056 1635; baseline 0.006 -13"><span class='ocrx_word' id='word_1_120' title='bbox 331 1594 410 1631; x_wconf 78' lang='lat' dir='ltr'>veri;</span> <span class='ocrx_word' id='word_1_121' title='bbox 448 1599 485 1624; x_wconf 86' lang='lat' dir='ltr'>ut</span> <span class='ocrx_word' id='word_1_122' title='bbox 508 1594 623 1633; x_wconf 73' lang='lat' dir='ltr'>passim</span> <span class='ocrx_word' id='word_1_123' title='bbox 648 1606 767 1635; x_wconf 81' lang='lat' dir='ltr'>repere:</span> <span class='ocrx_word' id='word_1_124' title='bbox 799 1595 839 1625; x_wconf 89' lang='lat' dir='ltr'>ad</span> <span class='ocrx_word' id='word_1_125' title='bbox 872 1596 1056 1627; x_wconf 84' lang='lat' dir='ltr'>Graecorum</span> 
     </span>
     <span class='ocr_line' id='line_1_24' title="bbox 331 1645 1053 1689; baseline 0.003 -13"><span class='ocrx_word' id='word_1_126' title='bbox 331 1645 590 1676; x_wconf 86' lang='lat' dir='ltr'>consuetudinem</span> <span class='ocrx_word' id='word_1_127' title='bbox 606 1646 650 1677; x_wconf 89' lang='lat' dir='ltr'>sic</span> <span class='ocrx_word' id='word_1_128' title='bbox 665 1646 881 1678; x_wconf 78' lang='lat' dir='ltr'>adhibentium</span> <span class='ocrx_word' id='word_1_129' title='bbox 893 1648 976 1689; x_wconf 66' lang='lat' dir='ltr'>ipa-u,</span> <span class='ocrx_word' id='word_1_130' title='bbox 991 1659 1053 1678; x_wconf 81' lang='lat' dir='ltr'>ser-</span> 
     </span>
     <span class='ocr_line' id='line_1_25' title="bbox 326 1698 1050 1739; baseline 0.003 -12"><span class='ocrx_word' id='word_1_131' title='bbox 326 1707 381 1736; x_wconf 81' lang='lat' dir='ltr'>po,</span> <span class='ocrx_word' id='word_1_132' title='bbox 407 1702 438 1727; x_wconf 85' lang='lat' dir='ltr'>et</span> <span class='ocrx_word' id='word_1_133' title='bbox 460 1699 545 1739; x_wconf 64' lang='grc' dir='ltr'><strong><em>ῥετω,</em></strong></span> <span class='ocrx_word' id='word_1_134' title='bbox 567 1709 651 1738; x_wconf 85' lang='lat' dir='ltr'>repo,</span> <span class='ocrx_word' id='word_1_135' title='bbox 673 1708 731 1737; x_wconf 85' lang='lat' dir='ltr'>pro</span> <span class='ocrx_word' id='word_1_136' title='bbox 755 1698 891 1737; x_wconf 75' lang='grc' dir='ltr'><strong><em>βαδιζειν,</em></strong></span> <span class='ocrx_word' id='word_1_137' title='bbox 915 1701 1050 1730; x_wconf 70' lang='grc' dir='ltr'>κινεισθαι.</span> 
     </span>
     <span class='ocr_line' id='line_1_26' title="bbox 335 1747 809 1785; baseline 0.004 -7"><span class='ocrx_word' id='word_1_138' title='bbox 335 1747 446 1778; x_wconf 90' lang='lat' dir='ltr'>Cicero</span> <span class='ocrx_word' id='word_1_139' title='bbox 459 1748 494 1778; x_wconf 90' lang='lat' dir='ltr'>in</span> <span class='ocrx_word' id='word_1_140' title='bbox 511 1748 645 1785; x_wconf 81' lang='lat' dir='ltr'>Arateis,</span> <span class='ocrx_word' id='word_1_141' title='bbox 661 1759 723 1779; x_wconf 85' lang='lat' dir='ltr'>ver.</span> <span class='ocrx_word' id='word_1_142' title='bbox 740 1752 809 1780; x_wconf 82' lang='lat'>114.</span> 
     </span>
    </p>
   </div>
   <div class='ocr_carea' id='block_1_14' title="bbox 333 1826 1050 1898">
    <p class='ocr_par' dir='ltr' id='par_1_15' title="bbox 333 1826 1050 1898">
     <span class='ocr_line' id='line_1_27' title="bbox 333 1826 991 1859; baseline 0.003 -9"><span class='ocrx_word' id='word_1_143' title='bbox 333 1827 455 1856; x_wconf 73' lang='lat' dir='ltr'>Namque</span> <span class='ocrx_word' id='word_1_144' title='bbox 466 1830 504 1852; x_wconf 83' lang='lat' dir='ltr'>est</span> <span class='ocrx_word' id='word_1_145' title='bbox 515 1827 567 1852; x_wconf 66' lang='lat' dir='ltr'>ales</span> <span class='ocrx_word' id='word_1_146' title='bbox 577 1827 651 1856; x_wconf 80' lang='lat' dir='ltr'>avis,</span> <span class='ocrx_word' id='word_1_147' title='bbox 668 1826 722 1852; x_wconf 80' lang='lat' dir='ltr'>lato</span> <span class='ocrx_word' id='word_1_148' title='bbox 733 1828 781 1851; x_wconf 85' lang='lat' dir='ltr'>sub</span> <span class='ocrx_word' id='word_1_149' title='bbox 796 1828 917 1859; x_wconf 82' lang='lat' dir='ltr'>tegmine</span> <span class='ocrx_word' id='word_1_150' title='bbox 928 1828 991 1853; x_wconf 86' lang='lat' dir='ltr'>coeli</span> 
     </span>
     <span class='ocr_line' id='line_1_28' title="bbox 333 1865 1050 1898; baseline 0.003 -9"><span class='ocrx_word' id='word_1_151' title='bbox 333 1866 404 1896; x_wconf 79' lang='lat' dir='ltr'>Quae</span> <span class='ocrx_word' id='word_1_152' title='bbox 416 1865 500 1895; x_wconf 80' lang='lat' dir='ltr'>volat,</span> <span class='ocrx_word' id='word_1_153' title='bbox 519 1872 547 1890; x_wconf 84' lang='lat' dir='ltr'>et</span> <span class='ocrx_word' id='word_1_154' title='bbox 558 1869 656 1897; x_wconf 75' lang='lat' dir='ltr'>serpens</span> <span class='ocrx_word' id='word_1_155' title='bbox 667 1866 781 1898; x_wconf 80' lang='lat' dir='ltr'>geminis</span> <span class='ocrx_word' id='word_1_156' title='bbox 792 1871 863 1891; x_wconf 85' lang='lat' dir='ltr'>secat</span> <span class='ocrx_word' id='word_1_157' title='bbox 875 1867 937 1891; x_wconf 60' lang='lat' dir='ltr'>acra</span> <span class='ocrx_word' id='word_1_158' title='bbox 948 1867 1050 1898; x_wconf 81' lang='lat' dir='ltr'>pennis.</span> 
     </span>
    </p>
   </div>
   <div class='ocr_carea' id='block_1_15' title="bbox 331 1933 1058 2494">
    <p class='ocr_par' dir='ltr' id='par_1_16' title="bbox 331 1933 1053 2076">
     <span class='ocr_line' id='line_1_29' title="bbox 334 1933 1053 1976; baseline 0.004 -13"><span class='ocrx_word' id='word_1_159' title='bbox 334 1934 415 1964; x_wconf 81' lang='lat' dir='ltr'>Haec</span> <span class='ocrx_word' id='word_1_160' title='bbox 429 1933 538 1964; x_wconf 75' lang='lat' dir='ltr'>sedulo</span> <span class='ocrx_word' id='word_1_161' title='bbox 553 1934 689 1964; x_wconf 82' lang='lat' dir='ltr'>notanda</span> <span class='ocrx_word' id='word_1_162' title='bbox 703 1941 783 1965; x_wconf 87' lang='lat' dir='ltr'>sunt.</span> <span class='ocrx_word' id='word_1_163' title='bbox 806 1935 849 1965; x_wconf 86' lang='lat' dir='ltr'>Et</span> <span class='ocrx_word' id='word_1_164' title='bbox 864 1946 937 1967; x_wconf 89' lang='lat' dir='ltr'>cum</span> <span class='ocrx_word' id='word_1_165' title='bbox 952 1937 1053 1976; x_wconf 88' lang='lat' dir='ltr'>priore</span> 
     </span>
     <span class='ocr_line' id='line_1_30' title="bbox 333 1985 1052 2026; baseline 0.004 -12"><span class='ocrx_word' id='word_1_166' title='bbox 333 1995 422 2014; x_wconf 79' lang='lat' dir='ltr'>versu</span> <span class='ocrx_word' id='word_1_167' title='bbox 438 1985 614 2015; x_wconf 74' lang='lat' dir='ltr'>committas</span> <span class='ocrx_word' id='word_1_168' title='bbox 627 1992 768 2016; x_wconf 82' lang='lat' dir='ltr'>nostrum</span> <span class='ocrx_word' id='word_1_169' title='bbox 785 1997 889 2026; x_wconf 84' lang='lat' dir='ltr'>supra,</span> <span class='ocrx_word' id='word_1_170' title='bbox 905 1997 965 2017; x_wconf 84' lang='lat' dir='ltr'>ver.</span> <span class='ocrx_word' id='word_1_171' title='bbox 980 1991 1052 2018; x_wconf 73' lang='lat'>5201.</span> 
     </span>
     <span class='ocr_line' id='line_1_31' title="bbox 331 2036 554 2076; baseline 0 -10"><span class='ocrx_word' id='word_1_172' title='bbox 331 2037 461 2076; x_wconf 84' lang='lat' dir='ltr'>hujusce</span> <span class='ocrx_word' id='word_1_173' title='bbox 476 2036 554 2067; x_wconf 86' lang='lat' dir='ltr'>libri.</span> 
     </span>
    </p>

    <p class='ocr_par' dir='ltr' id='par_1_17' title="bbox 332 2096 1058 2494">
     <span class='ocr_line' id='line_1_32' title="bbox 375 2096 1054 2137; baseline 0.007 -13"><span class='ocrx_word' id='word_1_174' title='bbox 375 2096 449 2125; x_wconf 69' lang='lat' dir='ltr'>Ver.</span> <span class='ocrx_word' id='word_1_175' title='bbox 474 2099 547 2127; x_wconf 77' lang='lat'>525.</span> <span class='ocrx_word' id='word_1_176' title='bbox 578 2105 697 2128; x_wconf 77' lang='lat' dir='ltr'>euntes:</span> <span class='ocrx_word' id='word_1_177' title='bbox 734 2097 777 2128; x_wconf 90' lang='lat' dir='ltr'>sic</span> <span class='ocrx_word' id='word_1_178' title='bbox 799 2099 916 2137; x_wconf 84' lang='lat' dir='ltr'>optime</span> <span class='ocrx_word' id='word_1_179' title='bbox 941 2099 981 2129; x_wconf 83' lang='lat' dir='ltr'>V.</span> <span class='ocrx_word' id='word_1_180' title='bbox 1007 2099 1054 2129; x_wconf 89' lang='lat' dir='ltr'>ed.</span> 
     </span>
     <span class='ocr_line' id='line_1_33' title="bbox 334 2146 1054 2188; baseline 0.004 -12"><span class='ocrx_word' id='word_1_181' title='bbox 334 2146 399 2176; x_wconf 83' lang='lat' dir='ltr'>sola</span> <span class='ocrx_word' id='word_1_182' title='bbox 405 2162 415 2182; x_wconf 90' lang='lat'><em>;</em></span> <span class='ocrx_word' id='word_1_183' title='bbox 439 2146 550 2186; x_wconf 86' lang='lat' dir='ltr'>reliqui</span> <span class='ocrx_word' id='word_1_184' title='bbox 565 2146 647 2185; x_wconf 87' lang='lat' dir='ltr'>libri,</span> <span class='ocrx_word' id='word_1_185' title='bbox 671 2153 735 2177; x_wconf 78' lang='lat' dir='ltr'>tam</span> <span class='ocrx_word' id='word_1_186' title='bbox 750 2147 834 2184; x_wconf 81' lang='lat' dir='ltr'>editi,</span> <span class='ocrx_word' id='word_1_187' title='bbox 851 2158 945 2188; x_wconf 90' lang='lat' dir='ltr'>quam</span> <span class='ocrx_word' id='word_1_188' title='bbox 961 2149 1054 2188; x_wconf 89' lang='lat' dir='ltr'>scrip-</span> 
     </span>
     <span class='ocr_line' id='line_1_34' title="bbox 332 2198 1056 2240; baseline 0.004 -13"><span class='ocrx_word' id='word_1_189' title='bbox 332 2198 368 2233; x_wconf 88' lang='lat' dir='ltr'>ti,</span> <span class='ocrx_word' id='word_1_190' title='bbox 389 2200 499 2234; x_wconf 78' lang='lat' dir='ltr'>euntis,</span> <span class='ocrx_word' id='word_1_191' title='bbox 516 2198 564 2228; x_wconf 85' lang='lat' dir='ltr'>vel</span> <span class='ocrx_word' id='word_1_192' title='bbox 578 2201 706 2236; x_wconf 76' lang='lat' dir='ltr'>eunteis;</span> <span class='ocrx_word' id='word_1_193' title='bbox 735 2199 819 2240; x_wconf 87' lang='lat' dir='ltr'>quod</span> <span class='ocrx_word' id='word_1_194' title='bbox 835 2199 916 2230; x_wconf 84' lang='lat' dir='ltr'>ultro</span> <span class='ocrx_word' id='word_1_195' title='bbox 930 2199 1056 2230; x_wconf 82' lang='lat' dir='ltr'>falsissi-</span> 
     </span>
     <span class='ocr_line' id='line_1_35' title="bbox 332 2249 1055 2292; baseline 0.007 -15"><span class='ocrx_word' id='word_1_196' title='bbox 332 2258 422 2278; x_wconf 88' lang='lat' dir='ltr'>mum</span> <span class='ocrx_word' id='word_1_197' title='bbox 445 2259 510 2279; x_wconf 86' lang='lat' dir='ltr'>esse</span> <span class='ocrx_word' id='word_1_198' title='bbox 532 2249 810 2289; x_wconf 81' lang='lat' dir='ltr'>deprehenderam,</span> <span class='ocrx_word' id='word_1_199' title='bbox 835 2261 933 2292; x_wconf 91' lang='lat' dir='ltr'>quum</span> <span class='ocrx_word' id='word_1_200' title='bbox 951 2253 1055 2282; x_wconf 85' lang='lat' dir='ltr'>verbo-</span> 
     </span>
     <span class='ocr_line' id='line_1_36' title="bbox 333 2301 1056 2342; baseline 0.007 -13"><span class='ocrx_word' id='word_1_201' title='bbox 333 2309 403 2330; x_wconf 92' lang='lat' dir='ltr'>rum</span> <span class='ocrx_word' id='word_1_202' title='bbox 419 2301 609 2331; x_wconf 77' lang='lat' dir='ltr'>constructio</span> <span class='ocrx_word' id='word_1_203' title='bbox 623 2302 826 2342; x_wconf 79' lang='lat' dir='ltr'>grammatica</span> <span class='ocrx_word' id='word_1_204' title='bbox 837 2302 878 2332; x_wconf 86' lang='lat' dir='ltr'>ad</span> <span class='ocrx_word' id='word_1_205' title='bbox 890 2303 974 2333; x_wconf 87' lang='lat' dir='ltr'>hunc</span> <span class='ocrx_word' id='word_1_206' title='bbox 988 2313 1056 2334; x_wconf 89' lang='lat' dir='ltr'>mo-</span> 
     </span>
     <span class='ocr_line' id='line_1_37' title="bbox 332 2350 1058 2395; baseline 0.008 -15"><span class='ocrx_word' id='word_1_207' title='bbox 332 2350 410 2380; x_wconf 89' lang='lat' dir='ltr'>dum</span> <span class='ocrx_word' id='word_1_208' title='bbox 435 2350 596 2390; x_wconf 85' lang='lat' dir='ltr'>procedat:</span> <span class='ocrx_word' id='word_1_209' title='bbox 622 2355 644 2370; x_wconf 86' lang='lat'><strong>“</strong></span> <span class='ocrx_word' id='word_1_210' title='bbox 664 2353 734 2383; x_wconf 84' lang='lat' dir='ltr'>Sive</span> <span class='ocrx_word' id='word_1_211' title='bbox 760 2353 828 2392; x_wconf 87' lang='lat' dir='ltr'>ipsi,</span> <span class='ocrx_word' id='word_1_212' title='bbox 859 2360 968 2385; x_wconf 88' lang='lat' dir='ltr'>euntes</span> <span class='ocrx_word' id='word_1_213' title='bbox 996 2365 1058 2395; x_wconf 92' lang='lat' dir='ltr'>quo</span> 
     </span>
     <span class='ocr_line' id='line_1_38' title="bbox 334 2402 1055 2446; baseline 0.007 -14"><span class='ocrx_word' id='word_1_214' title='bbox 334 2406 356 2420; x_wconf 89' lang='lat'>“</span> <span class='ocrx_word' id='word_1_215' title='bbox 373 2402 460 2433; x_wconf 89' lang='lat' dir='ltr'>cibus</span> <span class='ocrx_word' id='word_1_216' title='bbox 475 2409 564 2433; x_wconf 80' lang='lat' dir='ltr'>vocat</span> <span class='ocrx_word' id='word_1_217' title='bbox 577 2414 624 2434; x_wconf 86' lang='lat' dir='ltr'>eos</span> <span class='ocrx_word' id='word_1_218' title='bbox 646 2410 806 2444; x_wconf 84' lang='lat' dir='ltr'>pascentes</span> <span class='ocrx_word' id='word_1_219' title='bbox 821 2415 960 2445; x_wconf 84' lang='lat' dir='ltr'>corpora,</span> <span class='ocrx_word' id='word_1_220' title='bbox 985 2417 1055 2446; x_wconf 88' lang='lat' dir='ltr'>pos-</span> 
     </span>
     <span class='ocr_line' id='line_1_39' title="bbox 335 2455 611 2494; baseline 0.004 -10"><span class='ocrx_word' id='word_1_221' title='bbox 335 2457 356 2472; x_wconf 90' lang='lat'>“</span> <span class='ocrx_word' id='word_1_222' title='bbox 373 2461 446 2485; x_wconf 87' lang='lat' dir='ltr'>sunt</span> <span class='ocrx_word' id='word_1_223' title='bbox 460 2455 611 2494; x_wconf 85' lang='lat' dir='ltr'>serpere.&#39;’</span> 
     </span>
    </p>
   </div>
   <div class='ocr_carea' id='block_1_16' title="bbox 330 2515 1059 2916">
    <p class='ocr_par' dir='ltr' id='par_1_18' title="bbox 330 2515 1059 2916">
     <span class='ocr_line' id='line_1_40' title="bbox 377 2515 1051 2559; baseline 0.009 -15"><span class='ocrx_word' id='word_1_224' title='bbox 377 2515 449 2546; x_wconf 68' lang='lat' dir='ltr'>Ver.</span> <span class='ocrx_word' id='word_1_225' title='bbox 466 2519 537 2547; x_wconf 72' lang='lat'>596.</span> <span class='ocrx_word' id='word_1_226' title='bbox 550 2520 720 2556; x_wconf 77' lang='lat' dir='ltr'>pascenteis</span> <span class='ocrx_word' id='word_1_227' title='bbox 735 2529 869 2559; x_wconf 76' lang='lat' dir='ltr'>corpora.</span> <span class='ocrx_word' id='word_1_228' title='bbox 894 2519 981 2549; x_wconf 88' lang='lat' dir='ltr'>Ordo</span> <span class='ocrx_word' id='word_1_229' title='bbox 993 2526 1051 2550; x_wconf 81' lang='lat' dir='ltr'>est:</span> 
     </span>
     <span class='ocr_line' id='line_1_41' title="bbox 334 2567 1053 2609; baseline 0.007 -12"><span class='ocrx_word' id='word_1_230' title='bbox 334 2571 356 2585; x_wconf 76' lang='lat'>‘⁶</span> <span class='ocrx_word' id='word_1_231' title='bbox 373 2567 555 2598; x_wconf 83' lang='lat' dir='ltr'>Pascenteis</span> <span class='ocrx_word' id='word_1_232' title='bbox 569 2570 627 2600; x_wconf 76' lang='lat' dir='ltr'>sibi</span> <span class='ocrx_word' id='word_1_233' title='bbox 642 2579 769 2609; x_wconf 87' lang='lat' dir='ltr'>corpora</span> <span class='ocrx_word' id='word_1_234' title='bbox 791 2582 845 2602; x_wconf 76' lang='lat' dir='ltr'>sua</span> <span class='ocrx_word' id='word_1_235' title='bbox 869 2570 1053 2609; x_wconf 80' lang='lat' dir='ltr'>flammea;&#39;¹</span> 
     </span>
     <span class='ocr_line' id='line_1_42' title="bbox 334 2618 1057 2661; baseline 0.007 -13"><span class='ocrx_word' id='word_1_236' title='bbox 334 2618 352 2647; x_wconf 86' lang='lat' dir='ltr'>i.</span> <span class='ocrx_word' id='word_1_237' title='bbox 369 2628 395 2648; x_wconf 80' lang='lat' dir='ltr'>e.</span> <span class='ocrx_word' id='word_1_238' title='bbox 418 2618 546 2656; x_wconf 85' lang='lat' dir='ltr'>alentes,</span> <span class='ocrx_word' id='word_1_239' title='bbox 569 2627 747 2659; x_wconf 84' lang='lat' dir='ltr'>reparantes</span> <span class='ocrx_word' id='word_1_240' title='bbox 761 2622 900 2661; x_wconf 87' lang='lat' dir='ltr'>proprias</span> <span class='ocrx_word' id='word_1_241' title='bbox 915 2621 1057 2652; x_wconf 83' lang='lat' dir='ltr'>flammas</span> 
     </span>
     <span class='ocr_line' id='line_1_43' title="bbox 334 2670 1059 2714; baseline 0.007 -15"><span class='ocrx_word' id='word_1_242' title='bbox 334 2670 448 2708; x_wconf 77' lang='lat' dir='ltr'>pabulo</span> <span class='ocrx_word' id='word_1_243' title='bbox 469 2670 597 2701; x_wconf 83' lang='lat' dir='ltr'>illarum</span> <span class='ocrx_word' id='word_1_244' title='bbox 620 2671 829 2711; x_wconf 82' lang='lat' dir='ltr'>flammarum,</span> <span class='ocrx_word' id='word_1_245' title='bbox 851 2684 920 2714; x_wconf 81' lang='lat' dir='ltr'>quae</span> <span class='ocrx_word' id='word_1_246' title='bbox 942 2674 1059 2713; x_wconf 89' lang='lat' dir='ltr'>passim</span> 
     </span>
     <span class='ocr_line' id='line_1_44' title="bbox 334 2722 1058 2763; baseline 0.01 -13"><span class='ocrx_word' id='word_1_247' title='bbox 334 2731 389 2759; x_wconf 87' lang='lat' dir='ltr'>per</span> <span class='ocrx_word' id='word_1_248' title='bbox 403 2722 469 2752; x_wconf 88' lang='lat' dir='ltr'>coeli</span> <span class='ocrx_word' id='word_1_249' title='bbox 485 2723 627 2763; x_wconf 62' lang='lat' dir='ltr'>regiones</span> <span class='ocrx_word' id='word_1_250' title='bbox 641 2725 848 2756; x_wconf 84' lang='lat' dir='ltr'>obversantur.</span> <span class='ocrx_word' id='word_1_251' title='bbox 887 2726 961 2756; x_wconf 89' lang='lat' dir='ltr'>Hoc</span> <span class='ocrx_word' id='word_1_252' title='bbox 979 2736 1058 2757; x_wconf 90' lang='lat' dir='ltr'>non-</span> 
     </span>
     <span class='ocr_line' id='line_1_45' title="bbox 335 2772 1056 2813; baseline 0.011 -12"><span class='ocrx_word' id='word_1_253' title='bbox 335 2772 439 2802; x_wconf 89' lang='lat' dir='ltr'>nullos</span> <span class='ocrx_word' id='word_1_254' title='bbox 461 2774 565 2813; x_wconf 85' lang='lat' dir='ltr'>latuit;</span> <span class='ocrx_word' id='word_1_255' title='bbox 597 2776 704 2807; x_wconf 86' lang='lat' dir='ltr'>redeas</span> <span class='ocrx_word' id='word_1_256' title='bbox 729 2778 768 2808; x_wconf 87' lang='lat' dir='ltr'>ad</span> <span class='ocrx_word' id='word_1_257' title='bbox 794 2785 941 2808; x_wconf 79' lang='lat' dir='ltr'>annotata</span> <span class='ocrx_word' id='word_1_258' title='bbox 966 2779 998 2808; x_wconf 91' lang='lat' dir='ltr'>in</span> <span class='ocrx_word' id='word_1_259' title='bbox 1025 2778 1056 2808; x_wconf 90' lang='lat' dir='ltr'>ii.</span> 
     </span>
     <span class='ocr_line' id='line_1_46' title="bbox 335 2824 1057 2871; baseline 0.01 -18"><span class='ocrx_word' id='word_1_260' title='bbox 335 2827 407 2854; x_wconf 89' lang='lat'><strong>995.</strong></span> <span class='ocrx_word' id='word_1_261' title='bbox 423 2824 442 2854; x_wconf 91' lang='lat' dir='ltr'>i.</span> <span class='ocrx_word' id='word_1_262' title='bbox 457 2828 529 2855; x_wconf 75' lang='lat'>232.</span> <span class='ocrx_word' id='word_1_263' title='bbox 552 2827 678 2866; x_wconf 86' lang='lat' dir='ltr'>ignaros</span> <span class='ocrx_word' id='word_1_264' title='bbox 701 2829 818 2870; x_wconf 83' lang='lat' dir='ltr'>utique,</span> <span class='ocrx_word' id='word_1_265' title='bbox 844 2829 919 2871; x_wconf 88' lang='lat' dir='ltr'>quid</span> <span class='ocrx_word' id='word_1_266' title='bbox 943 2829 1057 2860; x_wconf 87' lang='lat' dir='ltr'>distent</span> 
     </span>
     <span class='ocr_line' id='line_1_47' title="bbox 330 2879 610 2916; baseline 0.014 -12"><span class='ocrx_word' id='word_1_267' title='bbox 330 2884 456 2914; x_wconf 83' lang='lat' dir='ltr'>pascere</span> <span class='ocrx_word' id='word_1_268' title='bbox 471 2881 501 2905; x_wconf 92' lang='lat' dir='ltr'>et</span> <span class='ocrx_word' id='word_1_269' title='bbox 512 2879 610 2916; x_wconf 75' lang='lat' dir='ltr'>pasci.</span> 
     </span>
    </p>
   </div>
   <div class='ocr_carea' id='block_1_17' title="bbox 379 2932 1058 2971">
    <p class='ocr_par' dir='ltr' id='par_1_19' title="bbox 379 2932 1058 2971">
     <span class='ocr_line' id='line_1_48' title="bbox 379 2932 1058 2971; baseline 0.015 -9"><span class='ocrx_word' id='word_1_270' title='bbox 379 2932 452 2963; x_wconf 69' lang='lat' dir='ltr'>ver.</span> <span class='ocrx_word' id='word_1_271' title='bbox 469 2937 538 2965; x_wconf 75' lang='lat'>527.</span> <span class='ocrx_word' id='word_1_272' title='bbox 550 2934 623 2965; x_wconf 84' lang='lat' dir='ltr'>Hoc</span> <span class='ocrx_word' id='word_1_273' title='bbox 633 2935 705 2967; x_wconf 84' lang='lat' dir='ltr'>dicit</span> <span class='ocrx_word' id='word_1_274' title='bbox 716 2937 892 2971; x_wconf 71' lang='lat' dir='ltr'>Lucretius:</span> <span class='ocrx_word' id='word_1_275' title='bbox 914 2944 936 2959; x_wconf 74' lang='lat'>‘⁴</span> <span class='ocrx_word' id='word_1_276' title='bbox 955 2940 1058 2971; x_wconf 88' lang='lat' dir='ltr'>Gene-</span> 
     </span>
    </p>
   </div>
   <div class='ocr_carea' id='block_1_18' title="bbox 1094 1138 1823 2831">
    <p class='ocr_par' dir='ltr' id='par_1_20' title="bbox 1095 1138 1823 1632">
     <span class='ocr_line' id='line_1_49' title="bbox 1097 1138 1818 1181; baseline -0.004 -9"><span class='ocrx_word' id='word_1_277' title='bbox 1097 1145 1119 1160; x_wconf 85' lang='lat'><strong>“</strong></span> <span class='ocrx_word' id='word_1_278' title='bbox 1136 1141 1214 1172; x_wconf 86' lang='lat' dir='ltr'>rales</span> <span class='ocrx_word' id='word_1_279' title='bbox 1227 1141 1296 1171; x_wconf 84' lang='lat' dir='ltr'>illas</span> <span class='ocrx_word' id='word_1_280' title='bbox 1310 1141 1406 1181; x_wconf 83' lang='lat' dir='ltr'>leges,</span> <span class='ocrx_word' id='word_1_281' title='bbox 1423 1140 1536 1180; x_wconf 88' lang='lat' dir='ltr'>quibus</span> <span class='ocrx_word' id='word_1_282' title='bbox 1549 1149 1672 1170; x_wconf 64' lang='lat' dir='ltr'>necesse</span> <span class='ocrx_word' id='word_1_283' title='bbox 1686 1143 1733 1169; x_wconf 88' lang='lat' dir='ltr'>est</span> <span class='ocrx_word' id='word_1_284' title='bbox 1746 1138 1818 1170; x_wconf 85' lang='lat' dir='ltr'>uni-</span> 
     </span>
     <span class='ocr_line' id='line_1_50' title="bbox 1095 1190 1820 1232; baseline -0.001 -10"><span class='ocrx_word' id='word_1_285' title='bbox 1095 1195 1119 1211; x_wconf 88' lang='lat'><strong><em>“</em></strong></span> <span class='ocrx_word' id='word_1_286' title='bbox 1134 1202 1220 1222; x_wconf 88' lang='lat' dir='ltr'>versa</span> <span class='ocrx_word' id='word_1_287' title='bbox 1233 1191 1410 1232; x_wconf 85' lang='lat' dir='ltr'>gubernari,</span> <span class='ocrx_word' id='word_1_288' title='bbox 1433 1197 1464 1221; x_wconf 90' lang='lat' dir='ltr'>et</span> <span class='ocrx_word' id='word_1_289' title='bbox 1485 1201 1522 1221; x_wconf 83' lang='lat' dir='ltr'>ex</span> <span class='ocrx_word' id='word_1_290' title='bbox 1544 1191 1656 1231; x_wconf 89' lang='lat' dir='ltr'>quibus</span> <span class='ocrx_word' id='word_1_291' title='bbox 1675 1190 1820 1221; x_wconf 86' lang='lat' dir='ltr'>omnium</span> 
     </span>
     <span class='ocr_line' id='line_1_51' title="bbox 1096 1241 1820 1282; baseline -0.001 -9"><span class='ocrx_word' id='word_1_292' title='bbox 1096 1246 1120 1262; x_wconf 89' lang='lat'>“</span> <span class='ocrx_word' id='word_1_293' title='bbox 1134 1243 1364 1282; x_wconf 68' lang='lat' dir='ltr'>phaenomenon</span> <span class='ocrx_word' id='word_1_294' title='bbox 1387 1252 1503 1272; x_wconf 85' lang='lat' dir='ltr'>caussae</span> <span class='ocrx_word' id='word_1_295' title='bbox 1524 1241 1721 1272; x_wconf 60' lang='lat' dir='ltr'>dominantes</span> <span class='ocrx_word' id='word_1_296' title='bbox 1742 1251 1820 1282; x_wconf 85' lang='lat' dir='ltr'>pen-</span> 
     </span>
     <span class='ocr_line' id='line_1_52' title="bbox 1095 1292 1819 1333; baseline -0.001 -9"><span class='ocrx_word' id='word_1_297' title='bbox 1095 1297 1117 1312; x_wconf 92' lang='lat'><strong>“</strong></span> <span class='ocrx_word' id='word_1_298' title='bbox 1133 1293 1220 1332; x_wconf 89' lang='lat' dir='ltr'>dent,</span> <span class='ocrx_word' id='word_1_299' title='bbox 1234 1293 1436 1333; x_wconf 87' lang='lat' dir='ltr'>philosophus</span> <span class='ocrx_word' id='word_1_300' title='bbox 1455 1303 1608 1332; x_wconf 86' lang='lat' dir='ltr'>exponere</span> <span class='ocrx_word' id='word_1_301' title='bbox 1623 1292 1749 1331; x_wconf 84' lang='lat' dir='ltr'>valebit,</span> <span class='ocrx_word' id='word_1_302' title='bbox 1772 1298 1819 1323; x_wconf 81' lang='lat' dir='ltr'>at-</span> 
     </span>
     <span class='ocr_line' id='line_1_53' title="bbox 1095 1343 1820 1386; baseline -0.003 -10"><span class='ocrx_word' id='word_1_303' title='bbox 1095 1349 1118 1364; x_wconf 89' lang='lat'><strong>“</strong></span> <span class='ocrx_word' id='word_1_304' title='bbox 1134 1356 1194 1386; x_wconf 88' lang='lat' dir='ltr'>que</span> <span class='ocrx_word' id='word_1_305' title='bbox 1209 1345 1248 1376; x_wconf 87' lang='lat' dir='ltr'>ad</span> <span class='ocrx_word' id='word_1_306' title='bbox 1262 1345 1419 1386; x_wconf 87' lang='lat' dir='ltr'>liquidum</span> <span class='ocrx_word' id='word_1_307' title='bbox 1433 1344 1616 1384; x_wconf 86' lang='lat' dir='ltr'>perducere;</span> <span class='ocrx_word' id='word_1_308' title='bbox 1641 1344 1696 1375; x_wconf 81' lang='lat' dir='ltr'>sed</span> <span class='ocrx_word' id='word_1_309' title='bbox 1717 1343 1820 1384; x_wconf 88' lang='lat' dir='ltr'>speci-</span> 
     </span>
     <span class='ocr_line' id='line_1_54' title="bbox 1099 1392 1822 1438; baseline -0.001 -11"><span class='ocrx_word' id='word_1_310' title='bbox 1099 1399 1121 1415; x_wconf 92' lang='lat'><strong>“</strong></span> <span class='ocrx_word' id='word_1_311' title='bbox 1137 1397 1200 1427; x_wconf 67' lang='lat' dir='ltr'>ales</span> <span class='ocrx_word' id='word_1_312' title='bbox 1214 1397 1276 1427; x_wconf 81' lang='lat' dir='ltr'>illae</span> <span class='ocrx_word' id='word_1_313' title='bbox 1297 1397 1392 1438; x_wconf 89' lang='lat' dir='ltr'>leges,</span> <span class='ocrx_word' id='word_1_314' title='bbox 1409 1392 1487 1438; x_wconf 32' lang='lat' dir='ltr'>*quae</span> <span class='ocrx_word' id='word_1_315' title='bbox 1509 1396 1666 1426; x_wconf 88' lang='lat' dir='ltr'>mundum</span> <span class='ocrx_word' id='word_1_316' title='bbox 1688 1395 1822 1437; x_wconf 87' lang='lat' dir='ltr'>quemli-</span> 
     </span>
     <span class='ocr_line' id='line_1_55' title="bbox 1099 1447 1822 1487; baseline 0.001 -11"><span class='ocrx_word' id='word_1_317' title='bbox 1099 1449 1122 1465; x_wconf 84' lang='lat'><strong>“</strong></span> <span class='ocrx_word' id='word_1_318' title='bbox 1137 1448 1189 1476; x_wconf 91' lang='lat' dir='ltr'>bet</span> <span class='ocrx_word' id='word_1_319' title='bbox 1218 1447 1411 1487; x_wconf 85' lang='lat' dir='ltr'>singularem</span> <span class='ocrx_word' id='word_1_320' title='bbox 1438 1447 1618 1486; x_wconf 65' lang='lat' dir='ltr'>respiciunt,</span> <span class='ocrx_word' id='word_1_321' title='bbox 1654 1457 1720 1477; x_wconf 89' lang='lat' dir='ltr'>non</span> <span class='ocrx_word' id='word_1_322' title='bbox 1748 1452 1822 1478; x_wconf 90' lang='lat' dir='ltr'>sunt</span> 
     </span>
     <span class='ocr_line' id='line_1_56' title="bbox 1101 1497 1823 1540; baseline 0.001 -12"><span class='ocrx_word' id='word_1_323' title='bbox 1101 1500 1123 1516; x_wconf 90' lang='lat'><strong>“</strong></span> <span class='ocrx_word' id='word_1_324' title='bbox 1139 1499 1229 1529; x_wconf 87' lang='lat' dir='ltr'>certis</span> <span class='ocrx_word' id='word_1_325' title='bbox 1259 1499 1452 1540; x_wconf 85' lang='lat' dir='ltr'>argumentis</span> <span class='ocrx_word' id='word_1_326' title='bbox 1479 1499 1584 1529; x_wconf 78' lang='lat' dir='ltr'>statim</span> <span class='ocrx_word' id='word_1_327' title='bbox 1607 1497 1823 1529; x_wconf 78' lang='lat' dir='ltr'>definiendae.&#39;’</span> 
     </span>
     <span class='ocr_line' id='line_1_57' title="bbox 1099 1549 1822 1590; baseline 0.003 -10"><span class='ocrx_word' id='word_1_328' title='bbox 1099 1549 1163 1580; x_wconf 87' lang='lat' dir='ltr'>His</span> <span class='ocrx_word' id='word_1_329' title='bbox 1184 1550 1290 1581; x_wconf 87' lang='lat' dir='ltr'>lucem</span> <span class='ocrx_word' id='word_1_330' title='bbox 1314 1549 1401 1581; x_wconf 84' lang='lat' dir='ltr'>dabit</span> <span class='ocrx_word' id='word_1_331' title='bbox 1425 1556 1530 1581; x_wconf 82' lang='lat' dir='ltr'>noster</span> <span class='ocrx_word' id='word_1_332' title='bbox 1555 1549 1697 1590; x_wconf 83' lang='lat' dir='ltr'>collatus,</span> <span class='ocrx_word' id='word_1_333' title='bbox 1719 1550 1760 1582; x_wconf 80' lang='lat' dir='ltr'>ad</span> <span class='ocrx_word' id='word_1_334' title='bbox 1782 1549 1822 1581; x_wconf 82' lang='lat' dir='ltr'>vi.</span> 
     </span>
     <span class='ocr_line' id='line_1_58' title="bbox 1099 1604 1278 1632; baseline 0 0"><span class='ocrx_word' id='word_1_335' title='bbox 1099 1604 1278 1632; x_wconf 74' lang='lat'>703-712.</span> 
     </span>
    </p>

    <p class='ocr_par' dir='ltr' id='par_1_21' title="bbox 1094 1651 1823 2767">
     <span class='ocr_line' id='line_1_59' title="bbox 1140 1651 1820 1684; baseline 0.001 -3"><span class='ocrx_word' id='word_1_336' title='bbox 1140 1651 1212 1682; x_wconf 90' lang='lat' dir='ltr'>Ver.</span> <span class='ocrx_word' id='word_1_337' title='bbox 1225 1655 1297 1684; x_wconf 83' lang='lat'>529.</span> <span class='ocrx_word' id='word_1_338' title='bbox 1312 1654 1436 1683; x_wconf 83' lang='lat' dir='ltr'>mundis</span> <span class='ocrx_word' id='word_1_339' title='bbox 1446 1666 1456 1682; x_wconf 93' lang='lat'>.·</span> <span class='ocrx_word' id='word_1_340' title='bbox 1475 1652 1512 1682; x_wconf 93' lang='lat' dir='ltr'>P.</span> <span class='ocrx_word' id='word_1_341' title='bbox 1529 1651 1568 1682; x_wconf 92' lang='lat' dir='ltr'>V.</span> <span class='ocrx_word' id='word_1_342' title='bbox 1586 1651 1634 1682; x_wconf 88' lang='lat' dir='ltr'>ed.</span> <span class='ocrx_word' id='word_1_343' title='bbox 1649 1651 1687 1682; x_wconf 92' lang='lat' dir='ltr'>L.</span> <span class='ocrx_word' id='word_1_344' title='bbox 1702 1653 1820 1683; x_wconf 82' lang='lat' dir='ltr'>mundi.</span> 
     </span>
     <span class='ocr_line' id='line_1_60' title="bbox 1095 1701 1822 1738; baseline -0.001 -5"><span class='ocrx_word' id='word_1_345' title='bbox 1095 1704 1268 1733; x_wconf 78' lang='lat' dir='ltr'>—creaeis.·</span> <span class='ocrx_word' id='word_1_346' title='bbox 1294 1702 1337 1732; x_wconf 89' lang='lat' dir='ltr'>sic</span> <span class='ocrx_word' id='word_1_347' title='bbox 1353 1709 1399 1735; x_wconf 78' lang='grc' dir='ltr'>Ω..</span> <span class='ocrx_word' id='word_1_348' title='bbox 1416 1702 1510 1738; x_wconf 80' lang='lat' dir='ltr'>soluS‚</span> <span class='ocrx_word' id='word_1_349' title='bbox 1532 1712 1608 1733; x_wconf 90' lang='lat' dir='ltr'>cum</span> <span class='ocrx_word' id='word_1_350' title='bbox 1631 1701 1768 1734; x_wconf 67' lang='lat' dir='ltr'>Juntina</span> <span class='ocrx_word' id='word_1_351' title='bbox 1789 1709 1822 1732; x_wconf 87' lang='lat' dir='ltr'>et</span> 
     </span>
     <span class='ocr_line' id='line_1_61' title="bbox 1098 1753 1822 1795; baseline 0 -12"><span class='ocrx_word' id='word_1_352' title='bbox 1098 1753 1226 1790; x_wconf 71' lang='lat' dir='ltr'>Aldina,</span> <span class='ocrx_word' id='word_1_353' title='bbox 1249 1756 1360 1784; x_wconf 71' lang='lat' dir='ltr'>munde·</span> <span class='ocrx_word' id='word_1_354' title='bbox 1374 1764 1498 1795; x_wconf 90' lang='lat' dir='ltr'>quoque</span> <span class='ocrx_word' id='word_1_355' title='bbox 1513 1754 1580 1784; x_wconf 89' lang='lat' dir='ltr'>sine</span> <span class='ocrx_word' id='word_1_356' title='bbox 1595 1754 1661 1785; x_wconf 66' lang='lat' dir='ltr'>ulla</span> <span class='ocrx_word' id='word_1_357' title='bbox 1674 1754 1822 1785; x_wconf 86' lang='lat' dir='ltr'>varietate</span> 
     </span>
     <span class='ocr_line' id='line_1_62' title="bbox 1095 1805 1820 1846; baseline 0.001 -11"><span class='ocrx_word' id='word_1_358' title='bbox 1095 1805 1323 1836; x_wconf 82' lang='lat' dir='ltr'>exhibentibus:</span> <span class='ocrx_word' id='word_1_359' title='bbox 1345 1805 1452 1836; x_wconf 88' lang='lat' dir='ltr'>omnia</span> <span class='ocrx_word' id='word_1_360' title='bbox 1465 1811 1571 1836; x_wconf 84' lang='lat' dir='ltr'>tamen</span> <span class='ocrx_word' id='word_1_361' title='bbox 1586 1805 1707 1846; x_wconf 82' lang='lat' dir='ltr'>reliqua</span> <span class='ocrx_word' id='word_1_362' title='bbox 1715 1815 1820 1837; x_wconf 85' lang='lat' dir='ltr'>exem-</span> 
     </span>
     <span class='ocr_line' id='line_1_63' title="bbox 1094 1857 1822 1897; baseline 0.003 -11"><span class='ocrx_word' id='word_1_363' title='bbox 1094 1857 1200 1896; x_wconf 76' lang='lat' dir='ltr'>plaria,</span> <span class='ocrx_word' id='word_1_364' title='bbox 1224 1859 1332 1895; x_wconf 80' lang='lat' dir='ltr'>creati,</span> <span class='ocrx_word' id='word_1_365' title='bbox 1355 1864 1482 1896; x_wconf 82' lang='lat' dir='ltr'>excepto</span> <span class='ocrx_word' id='word_1_366' title='bbox 1507 1863 1541 1888; x_wconf 82' lang='lat' dir='ltr'>A.</span> <span class='ocrx_word' id='word_1_367' title='bbox 1557 1857 1611 1897; x_wconf 90' lang='lat' dir='ltr'>qui</span> <span class='ocrx_word' id='word_1_368' title='bbox 1635 1857 1689 1888; x_wconf 88' lang='lat' dir='ltr'>dat</span> <span class='ocrx_word' id='word_1_369' title='bbox 1710 1859 1822 1888; x_wconf 79' lang='lat' dir='ltr'>creari.</span> 
     </span>
     <span class='ocr_line' id='line_1_64' title="bbox 1098 1908 1822 1948; baseline 0.001 -10"><span class='ocrx_word' id='word_1_370' title='bbox 1098 1909 1179 1939; x_wconf 85' lang='lat' dir='ltr'>Sane</span> <span class='ocrx_word' id='word_1_371' title='bbox 1193 1908 1384 1947; x_wconf 87' lang='lat' dir='ltr'>suspiciones</span> <span class='ocrx_word' id='word_1_372' title='bbox 1404 1908 1444 1938; x_wconf 92' lang='lat' dir='ltr'>de</span> <span class='ocrx_word' id='word_1_373' title='bbox 1465 1908 1624 1948; x_wconf 88' lang='lat' dir='ltr'>scripturae</span> <span class='ocrx_word' id='word_1_374' title='bbox 1646 1908 1822 1940; x_wconf 79' lang='lat' dir='ltr'>sinceritate</span> 
     </span>
     <span class='ocr_line' id='line_1_65' title="bbox 1096 1959 1822 1999; baseline 0 -9"><span class='ocrx_word' id='word_1_375' title='bbox 1096 1960 1144 1990; x_wconf 90' lang='lat' dir='ltr'>his</span> <span class='ocrx_word' id='word_1_376' title='bbox 1166 1959 1378 1999; x_wconf 85' lang='lat' dir='ltr'>discrepantiis</span> <span class='ocrx_word' id='word_1_377' title='bbox 1399 1960 1539 1997; x_wconf 90' lang='lat' dir='ltr'>cientur;</span> <span class='ocrx_word' id='word_1_378' title='bbox 1558 1959 1614 1990; x_wconf 87' lang='lat' dir='ltr'>sed</span> <span class='ocrx_word' id='word_1_379' title='bbox 1635 1959 1669 1989; x_wconf 91' lang='lat' dir='ltr'>in</span> <span class='ocrx_word' id='word_1_380' title='bbox 1691 1960 1822 1999; x_wconf 81' lang='lat' dir='ltr'>receptis</span> 
     </span>
     <span class='ocr_line' id='line_1_66' title="bbox 1097 2010 1821 2050; baseline 0 -10"><span class='ocrx_word' id='word_1_381' title='bbox 1097 2011 1178 2041; x_wconf 87' lang='lat' dir='ltr'>nihil</span> <span class='ocrx_word' id='word_1_382' title='bbox 1205 2011 1368 2046; x_wconf 68' lang='lat' dir='ltr'>desideres,</span> <span class='ocrx_word' id='word_1_383' title='bbox 1392 2011 1454 2040; x_wconf 88' lang='lat' dir='ltr'>sive</span> <span class='ocrx_word' id='word_1_384' title='bbox 1476 2016 1593 2050; x_wconf 63' lang='lat' dir='ltr'>spectes</span> <span class='ocrx_word' id='word_1_385' title='bbox 1614 2010 1750 2040; x_wconf 78' lang='lat' dir='ltr'>colorem</span> <span class='ocrx_word' id='word_1_386' title='bbox 1771 2020 1821 2040; x_wconf 89' lang='lat' dir='ltr'>ar-</span> 
     </span>
     <span class='ocr_line' id='line_1_67' title="bbox 1097 2061 1822 2102; baseline -0.001 -10"><span class='ocrx_word' id='word_1_387' title='bbox 1097 2063 1252 2102; x_wconf 88' lang='lat' dir='ltr'>gumenti,</span> <span class='ocrx_word' id='word_1_388' title='bbox 1275 2062 1339 2091; x_wconf 83' lang='lat' dir='ltr'>sive</span> <span class='ocrx_word' id='word_1_389' title='bbox 1354 2062 1556 2100; x_wconf 87' lang='lat' dir='ltr'>pbilosophiae</span> <span class='ocrx_word' id='word_1_390' title='bbox 1569 2061 1733 2100; x_wconf 81' lang='lat' dir='ltr'>Epicureae</span> <span class='ocrx_word' id='word_1_391' title='bbox 1746 2061 1822 2091; x_wconf 84' lang='lat' dir='ltr'>rati-</span> 
     </span>
     <span class='ocr_line' id='line_1_68' title="bbox 1098 2111 1820 2151; baseline 0 -9"><span class='ocrx_word' id='word_1_392' title='bbox 1098 2123 1180 2142; x_wconf 89' lang='lat' dir='ltr'>ones.</span> <span class='ocrx_word' id='word_1_393' title='bbox 1227 2112 1308 2143; x_wconf 87' lang='lat' dir='ltr'>Vide</span> <span class='ocrx_word' id='word_1_394' title='bbox 1331 2112 1362 2142; x_wconf 91' lang='lat' dir='ltr'>ii.</span> <span class='ocrx_word' id='word_1_395' title='bbox 1395 2115 1485 2143; x_wconf 83' lang='lat'>1055.</span> <span class='ocrx_word' id='word_1_396' title='bbox 1517 2112 1716 2149; x_wconf 88' lang='lat' dir='ltr'>Plutarchus,</span> <span class='ocrx_word' id='word_1_397' title='bbox 1742 2111 1820 2151; x_wconf 64' lang='lat' dir='ltr'>plac,</span> 
     </span>
     <span class='ocr_line' id='line_1_69' title="bbox 1098 2163 1822 2204; baseline 0.003 -12"><span class='ocrx_word' id='word_1_398' title='bbox 1098 2163 1172 2202; x_wconf 86' lang='lat' dir='ltr'>phil.</span> <span class='ocrx_word' id='word_1_399' title='bbox 1198 2163 1227 2193; x_wconf 78' lang='lat' dir='ltr'>ii.</span> <span class='ocrx_word' id='word_1_400' title='bbox 1257 2167 1283 2194; x_wconf 84' lang='lat' dir='ltr'>l.</span> <span class='ocrx_word' id='word_1_401' title='bbox 1311 2170 1498 2204; x_wconf 69' lang='grc' dir='ltr'>Δημακμτος,</span> <span class='ocrx_word' id='word_1_402' title='bbox 1523 2177 1573 2194; x_wconf 73' lang='grc' dir='ltr'>και</span> <span class='ocrx_word' id='word_1_403' title='bbox 1598 2168 1747 2204; x_wconf 69' lang='grc' dir='ltr'><strong><em>Ετικυρος,</em></strong></span> <span class='ocrx_word' id='word_1_404' title='bbox 1772 2177 1822 2194; x_wconf 72' lang='grc' dir='ltr'>και</span> 
     </span>
     <span class='ocr_line' id='line_1_70' title="bbox 1101 2215 1823 2257; baseline 0 -11"><span class='ocrx_word' id='word_1_405' title='bbox 1101 2216 1222 2246; x_wconf 63' lang='lat' dir='ltr'>tis-army</span> <span class='ocrx_word' id='word_1_406' title='bbox 1236 2218 1379 2255; x_wconf 65' lang='grc' dir='ltr'>μαθητῆς,</span> <span class='ocrx_word' id='word_1_407' title='bbox 1404 2215 1591 2257; x_wconf 68' lang='grc' dir='ltr'>Μητροῧωρος,</span> <span class='ocrx_word' id='word_1_408' title='bbox 1617 2227 1730 2256; x_wconf 68' lang='grc' dir='ltr'>ατειρθς</span> <span class='ocrx_word' id='word_1_409' title='bbox 1754 2227 1823 2246; x_wconf 74' lang='grc' dir='ltr'>κοσ-</span> 
     </span>
     <span class='ocr_line' id='line_1_71' title="bbox 1099 2278 1823 2308; baseline 0.001 -12"><span class='ocrx_word' id='word_1_410' title='bbox 1099 2279 1154 2305; x_wconf 68' lang='grc' dir='ltr'>μες</span> <span class='ocrx_word' id='word_1_411' title='bbox 1179 2279 1204 2297; x_wconf 82' lang='grc' dir='ltr'>εν</span> <span class='ocrx_word' id='word_1_412' title='bbox 1228 2280 1269 2306; x_wconf 70' lang='grc' dir='ltr'>τῳ</span> <span class='ocrx_word' id='word_1_413' title='bbox 1293 2279 1396 2308; x_wconf 68' lang='grc' dir='ltr'><em>απεφῳ</em></span> <span class='ocrx_word' id='word_1_414' title='bbox 1422 2280 1506 2297; x_wconf 67' lang='grc' dir='ltr'>κατα</span> <span class='ocrx_word' id='word_1_415' title='bbox 1531 2279 1629 2297; x_wconf 65' lang='grc' dir='ltr'><strong><em>τασαν</em></strong></span> <span class='ocrx_word' id='word_1_416' title='bbox 1652 2278 1823 2308; x_wconf 54' lang='lat' dir='ltr'>qepun-uen-</span> 
     </span>
     <span class='ocr_line' id='line_1_72' title="bbox 1101 2315 1823 2356; baseline -0.001 -9"><span class='ocrx_word' id='word_1_417' title='bbox 1101 2317 1176 2347; x_wconf 89' lang='lat' dir='ltr'>Hoc</span> <span class='ocrx_word' id='word_1_418' title='bbox 1191 2317 1285 2347; x_wconf 83' lang='lat' dir='ltr'>etiam</span> <span class='ocrx_word' id='word_1_419' title='bbox 1299 2327 1318 2347; x_wconf 94' lang='lat' dir='ltr'>a</span> <span class='ocrx_word' id='word_1_420' title='bbox 1332 2317 1440 2347; x_wconf 87' lang='lat' dir='ltr'>multis</span> <span class='ocrx_word' id='word_1_421' title='bbox 1461 2316 1531 2346; x_wconf 91' lang='lat' dir='ltr'>aliis</span> <span class='ocrx_word' id='word_1_422' title='bbox 1552 2316 1742 2356; x_wconf 80' lang='lat' dir='ltr'>accepimus:</span> <span class='ocrx_word' id='word_1_423' title='bbox 1771 2315 1823 2346; x_wconf 83' lang='lat' dir='ltr'>adi</span> 
     </span>
     <span class='ocr_line' id='line_1_73' title="bbox 1101 2367 1822 2408; baseline -0.001 -10"><span class='ocrx_word' id='word_1_424' title='bbox 1101 2367 1196 2408; x_wconf 91' lang='lat' dir='ltr'>Diog.</span> <span class='ocrx_word' id='word_1_425' title='bbox 1219 2367 1321 2398; x_wconf 77' lang='lat' dir='ltr'>La&#39;ert.</span> <span class='ocrx_word' id='word_1_426' title='bbox 1344 2368 1385 2398; x_wconf 87' lang='lat' dir='ltr'>ix.</span> <span class='ocrx_word' id='word_1_427' title='bbox 1401 2371 1450 2398; x_wconf 87' lang='lat'>44.</span> <span class='ocrx_word' id='word_1_428' title='bbox 1467 2378 1494 2397; x_wconf 83' lang='lat' dir='ltr'>x.</span> <span class='ocrx_word' id='word_1_429' title='bbox 1511 2371 1560 2398; x_wconf 78' lang='lat'>42.</span> <span class='ocrx_word' id='word_1_430' title='bbox 1585 2367 1730 2397; x_wconf 81' lang='lat' dir='ltr'>Hermiae</span> <span class='ocrx_word' id='word_1_431' title='bbox 1744 2367 1822 2397; x_wconf 76' lang='lat' dir='ltr'>irris-</span> 
     </span>
     <span class='ocr_line' id='line_1_74' title="bbox 1101 2417 1822 2458; baseline 0 -10"><span class='ocrx_word' id='word_1_432' title='bbox 1101 2418 1208 2458; x_wconf 85' lang='lat' dir='ltr'>gentil.</span> <span class='ocrx_word' id='word_1_433' title='bbox 1225 2418 1333 2458; x_wconf 87' lang='lat' dir='ltr'>philos.</span> <span class='ocrx_word' id='word_1_434' title='bbox 1351 2424 1422 2448; x_wconf 85' lang='lat' dir='ltr'>sect.</span> <span class='ocrx_word' id='word_1_435' title='bbox 1441 2421 1488 2448; x_wconf 90' lang='lat'>18.</span> <span class='ocrx_word' id='word_1_436' title='bbox 1505 2418 1668 2449; x_wconf 80' lang='lat' dir='ltr'>Ammian.</span> <span class='ocrx_word' id='word_1_437' title='bbox 1682 2417 1822 2448; x_wconf 80' lang='lat' dir='ltr'>Marcell.</span> 
     </span>
     <span class='ocr_line' id='line_1_75' title="bbox 1100 2467 1820 2509; baseline 0.001 -11"><span class='ocrx_word' id='word_1_438' title='bbox 1100 2479 1148 2499; x_wconf 82' lang='lat' dir='ltr'>xv.</span> <span class='ocrx_word' id='word_1_439' title='bbox 1167 2472 1195 2499; x_wconf 87' lang='lat'>1.</span> <span class='ocrx_word' id='word_1_440' title='bbox 1210 2475 1241 2499; x_wconf 88' lang='lat' dir='ltr'>et</span> <span class='ocrx_word' id='word_1_441' title='bbox 1255 2469 1298 2499; x_wconf 91' lang='lat' dir='ltr'>ibi</span> <span class='ocrx_word' id='word_1_442' title='bbox 1314 2469 1602 2509; x_wconf 82' lang='lat' dir='ltr'>Lindenbrogium3</span> <span class='ocrx_word' id='word_1_443' title='bbox 1626 2469 1743 2499; x_wconf 85' lang='lat' dir='ltr'>Arnob.</span> <span class='ocrx_word' id='word_1_444' title='bbox 1766 2467 1820 2498; x_wconf 87' lang='lat' dir='ltr'>lib.</span> 
     </span>
     <span class='ocr_line' id='line_1_76' title="bbox 1102 2518 1822 2559; baseline -0.003 -9"><span class='ocrx_word' id='word_1_445' title='bbox 1102 2520 1132 2550; x_wconf 94' lang='lat' dir='ltr'>ii.</span> <span class='ocrx_word' id='word_1_446' title='bbox 1149 2530 1177 2559; x_wconf 90' lang='lat' dir='ltr'>p.</span> <span class='ocrx_word' id='word_1_447' title='bbox 1195 2523 1244 2550; x_wconf 80' lang='lat'>48.</span> <span class='ocrx_word' id='word_1_448' title='bbox 1264 2520 1458 2550; x_wconf 83' lang='lat' dir='ltr'>Hilariorem</span> <span class='ocrx_word' id='word_1_449' title='bbox 1473 2519 1639 2551; x_wconf 89' lang='lat' dir='ltr'>Claudiani</span> <span class='ocrx_word' id='word_1_450' title='bbox 1647 2518 1822 2557; x_wconf 81' lang='lat' dir='ltr'>materiam,</span> 
     </span>
     <span class='ocr_line' id='line_1_77' title="bbox 1100 2569 1822 2613; baseline -0.004 -11"><span class='ocrx_word' id='word_1_451' title='bbox 1100 2573 1167 2602; x_wconf 82' lang='lat' dir='ltr'>haec</span> <span class='ocrx_word' id='word_1_452' title='bbox 1182 2572 1400 2612; x_wconf 81' lang='lat' dir='ltr'>attingentem,</span> <span class='ocrx_word' id='word_1_453' title='bbox 1416 2582 1481 2602; x_wconf 89' lang='lat' dir='ltr'>non</span> <span class='ocrx_word' id='word_1_454' title='bbox 1495 2571 1695 2613; x_wconf 81' lang='lat' dir='ltr'>gravabimur</span> <span class='ocrx_word' id='word_1_455' title='bbox 1707 2569 1822 2600; x_wconf 81' lang='lat' dir='ltr'>adscri-</span> 
     </span>
     <span class='ocr_line' id='line_1_78' title="bbox 1101 2622 1822 2663; baseline -0.003 -9"><span class='ocrx_word' id='word_1_456' title='bbox 1101 2626 1184 2663; x_wconf 85' lang='lat' dir='ltr'>bere,</span> <span class='ocrx_word' id='word_1_457' title='bbox 1221 2625 1263 2655; x_wconf 92' lang='lat' dir='ltr'>sic</span> <span class='ocrx_word' id='word_1_458' title='bbox 1296 2625 1490 2655; x_wconf 87' lang='lat' dir='ltr'>concinentis</span> <span class='ocrx_word' id='word_1_459' title='bbox 1517 2625 1552 2655; x_wconf 89' lang='lat' dir='ltr'>in</span> <span class='ocrx_word' id='word_1_460' title='bbox 1581 2622 1670 2654; x_wconf 82' lang='lat' dir='ltr'>Mau.</span> <span class='ocrx_word' id='word_1_461' title='bbox 1701 2622 1822 2653; x_wconf 89' lang='lat' dir='ltr'>Theod.</span> 
     </span>
     <span class='ocr_line' id='line_1_79' title="bbox 1100 2673 1822 2714; baseline -0.004 -8"><span class='ocrx_word' id='word_1_462' title='bbox 1100 2685 1183 2706; x_wconf 77' lang='lat' dir='ltr'>conS.</span> <span class='ocrx_word' id='word_1_463' title='bbox 1201 2679 1251 2708; x_wconf 82' lang='lat'>79.</span> <span class='ocrx_word' id='word_1_464' title='bbox 1270 2682 1302 2706; x_wconf 87' lang='lat' dir='ltr'>et</span> <span class='ocrx_word' id='word_1_465' title='bbox 1316 2676 1543 2711; x_wconf 83' lang='lat' dir='ltr'>Democritum,</span> <span class='ocrx_word' id='word_1_466' title='bbox 1565 2674 1694 2714; x_wconf 86' lang='lat' dir='ltr'>hujusce</span> <span class='ocrx_word' id='word_1_467' title='bbox 1709 2673 1822 2704; x_wconf 80' lang='lat' dir='ltr'>scholae</span> 
     </span>
     <span class='ocr_line' id='line_1_80' title="bbox 1101 2725 1576 2767; baseline -0.004 -10"><span class='ocrx_word' id='word_1_468' title='bbox 1101 2727 1283 2767; x_wconf 81' lang='lat' dir='ltr'>principem,</span> <span class='ocrx_word' id='word_1_469' title='bbox 1306 2728 1388 2758; x_wconf 83' lang='lat' dir='ltr'>clare</span> <span class='ocrx_word' id='word_1_470' title='bbox 1402 2725 1576 2757; x_wconf 85' lang='lat' dir='ltr'>innuentis:</span> 
     </span>
    </p>

    <p class='ocr_par' dir='ltr' id='par_1_22' title="bbox 1117 2796 1750 2831">
     <span class='ocr_line' id='line_1_81' title="bbox 1117 2796 1750 2831; baseline -0.005 -8"><span class='ocrx_word' id='word_1_471' title='bbox 1117 2800 1163 2825; x_wconf 83' lang='lat' dir='ltr'>llle</span> <span class='ocrx_word' id='word_1_472' title='bbox 1173 2800 1264 2830; x_wconf 80' lang='lat' dir='ltr'>ferox,</span> <span class='ocrx_word' id='word_1_473' title='bbox 1275 2807 1383 2831; x_wconf 87' lang='lat' dir='ltr'>unoque</span> <span class='ocrx_word' id='word_1_474' title='bbox 1392 2799 1448 2830; x_wconf 82' lang='lat' dir='ltr'>tegi</span> <span class='ocrx_word' id='word_1_475' title='bbox 1458 2805 1512 2823; x_wconf 90' lang='lat' dir='ltr'>non</span> <span class='ocrx_word' id='word_1_476' title='bbox 1523 2804 1612 2829; x_wconf 83' lang='lat' dir='ltr'>passus</span> <span class='ocrx_word' id='word_1_477' title='bbox 1621 2796 1750 2829; x_wconf 81' lang='lat' dir='ltr'>Olympo,</span> 
     </span>
    </p>
   </div>
   <div class='ocr_carea' id='block_1_19' title="bbox 1115 2836 1811 2909">
    <p class='ocr_par' dir='ltr' id='par_1_23' title="bbox 1115 2836 1811 2909">
     <span class='ocr_line' id='line_1_82' title="bbox 1115 2836 1811 2871; baseline -0.006 -7"><span class='ocrx_word' id='word_1_478' title='bbox 1115 2840 1283 2864; x_wconf 81' lang='lat' dir='ltr'>Irmnensum</span> <span class='ocrx_word' id='word_1_479' title='bbox 1294 2846 1341 2871; x_wconf 86' lang='lat' dir='ltr'>per</span> <span class='ocrx_word' id='word_1_480' title='bbox 1351 2838 1431 2863; x_wconf 81' lang='lat' dir='ltr'>inane</span> <span class='ocrx_word' id='word_1_481' title='bbox 1441 2837 1528 2868; x_wconf 85' lang='lat' dir='ltr'>volat;</span> <span class='ocrx_word' id='word_1_482' title='bbox 1546 2836 1684 2868; x_wconf 84' lang='lat' dir='ltr'>finemque</span> <span class='ocrx_word' id='word_1_483' title='bbox 1693 2842 1811 2868; x_wconf 83' lang='lat' dir='ltr'>perosus,</span> 
     </span>
     <span class='ocr_line' id='line_1_83' title="bbox 1117 2876 1774 2909; baseline -0.005 -6"><span class='ocrx_word' id='word_1_484' title='bbox 1117 2879 1232 2903; x_wconf 83' lang='lat' dir='ltr'>Parturit</span> <span class='ocrx_word' id='word_1_485' title='bbox 1243 2879 1396 2903; x_wconf 75' lang='lat' dir='ltr'>Innumeros</span> <span class='ocrx_word' id='word_1_486' title='bbox 1406 2881 1520 2909; x_wconf 83' lang='lat' dir='ltr'>angusto</span> <span class='ocrx_word' id='word_1_487' title='bbox 1530 2880 1639 2908; x_wconf 82' lang='lat' dir='ltr'>pectore</span> <span class='ocrx_word' id='word_1_488' title='bbox 1650 2876 1774 2901; x_wconf 84' lang='lat' dir='ltr'>mundos.</span> 
     </span>
    </p>
   </div>
   <div class='ocr_carea' id='block_1_20' title="bbox 1145 2941 1824 2981">
    <p class='ocr_par' dir='ltr' id='par_1_24' title="bbox 1145 2941 1824 2981">
     <span class='ocr_line' id='line_1_84' title="bbox 1145 2941 1824 2981; baseline -0.004 -9"><span class='ocrx_word' id='word_1_489' title='bbox 1145 2941 1221 2972; x_wconf 76' lang='lat' dir='ltr'>Ven.</span> <span class='ocrx_word' id='word_1_490' title='bbox 1243 2944 1314 2972; x_wconf 78' lang='lat'>530.</span> <span class='ocrx_word' id='word_1_491' title='bbox 1337 2951 1442 2981; x_wconf 73' lang='lat' dir='ltr'>sequor</span> <span class='ocrx_word' id='word_1_492' title='bbox 1468 2942 1633 2980; x_wconf 79' lang='lat' dir='ltr'>disponere,</span> <span class='ocrx_word' id='word_1_493' title='bbox 1655 2949 1712 2980; x_wconf 89' lang='lat' dir='ltr'>pro</span> <span class='ocrx_word' id='word_1_494' title='bbox 1728 2949 1824 2980; x_wconf 81' lang='lat' dir='ltr'>pergo</span> 
     </span>
    </p>
   </div>
  </div>
 </body>
</html>
