1926 3224
280 252 309 297 ¹7
316 255 342 294 8

759 251 818 299 Τ.
867 251 1240 300 LUCRETII

419 379 527 429 Quae
546 394 677 434 neque
697 387 805 419 terra
823 379 899 419 sibi
919 379 1103 430 adscivit,
1124 393 1201 422 nec
1219 370 1437 423 maiumus
1455 383 1603 435 aether3

306 454 386 494 475
418 453 543 502 Quod
564 467 695 508 neque
714 460 799 493 tam
821 453 972 494 fuerint
991 454 1146 510 gravia,
1167 461 1214 495 ut
1233 454 1424 510 depressa
1441 456 1642 508 sederent,

418 527 506 568 Nec
527 526 642 577 levia,
665 534 711 568 ut
730 535 895 582 possent
913 542 988 582 per
1007 542 1185 570 summas
1204 528 1331 571 labier
1350 544 1461 580 oras;

417 601 473 641 Et
492 608 630 642 tamen
649 601 756 642 inter
775 609 967 658 utrasque
985 603 1043 645 ita
1063 610 1171 652 sunt,
1193 611 1239 644 ut
1259 618 1433 657 corpora
1451 604 1544 646 viva

417 674 609 726 Vorsent‚
631 683 671 716 et
689 683 825 730 partes
844 683 890 717 ut
908 676 1053 718 mundi
1073 676 1197 718 totius
1217 683 1397 720 exstent:

272 828 410 871 generali
436 829 564 860 nomine
589 829 779 868 complexus,
805 829 844 860 ad
861 830 937 860 AEn.
953 831 994 861 vi.

273 882 344 912 725.

285 954 490 983 Lucentemque
501 952 611 984 globum
622 953 706 984 lunae,
718 953 872 986 Titaniaque
882 958 961 980 astra.

312 1022 388 1053 Ver.
413 1025 487 1053 475.
515 1029 678 1064 utrasque:
713 1024 752 1055 P.
779 1035 872 1065 quem
897 1026 993 1056 editio

268 1073 403 1104 Juntina
431 1079 535 1104 secuta
564 1080 610 1104 est
638 1076 797 1113 hactenus,
835 1083 989 1117 utrosque;

267 1133 306 1153 ex
333 1123 443 1155 audaci
476 1123 571 1155 nimis
592 1125 693 1156 insciti
715 1126 923 1158 emendatoris
946 1133 991 1158 te-

268 1175 419 1206 meritate.
464 1175 637 1213 Nimirum,
662 1191 695 1208 ·το
717 1184 860 1218 utrasque
874 1179 922 1209 vel
937 1189 990 1219 ge-

267 1225 402 1256 neralius
431 1237 547 1257 nomen
581 1227 703 1267 respicit
731 1229 804 1259 solis
835 1235 866 1259 et
896 1230 992 1268 lunae,

265 1279 366 1308 stellas
381 1277 506 1314 scilicet,
532 1278 572 1309 de
587 1278 649 1319 quii
665 1279 801 1310 formula
821 1290 880 1311 nos
895 1281 991 1320 inspi-

265 1328 329 1358 cias
343 1328 383 1358 ad
405 1328 426 1359 i.
440 1332 512 1360 555.
535 1329 569 1359 ii.
589 1332 658 1360 174.
683 1330 738 1366 vel,
764 1341 802 1360 ex
826 1337 991 1362 consuetu-

265 1379 340 1410 dine
354 1379 504 1417 Lucretii‚
528 1379 568 1410 ad
585 1389 686 1420 genus
700 1381 874 1419 posterioris
889 1382 992 1412 nomi·

264 1433 325 1471 nis,
349 1435 433 1465 lunae
455 1434 536 1472 dico,
564 1435 761 1474 componitur
787 1435 987 1475 adjectivum:

264 1484 331 1515 redi
346 1484 388 1515 ad
401 1490 550 1516 annotata
567 1485 601 1515 in
616 1485 658 1516 iii.
670 1488 747 1517 507.
769 1492 862 1526 atque
876 1497 989 1527 agnos-

262 1545 315 1565 ces
331 1535 466 1567 aliorum
491 1535 612 1567 facinus
633 1536 831 1574 scelerosum,
855 1537 989 1568 aliorum

264 1597 336 1617 vero
350 1587 569 1626 insulsitatem,
597 1595 629 1619 et
642 1589 823 1620 Lucretiani
838 1591 988 1621 sermonis

262 1638 490 1678 ignorantiam:
526 1639 660 1670 editores
688 1640 774 1670 enim
803 1642 987 1673 recentiores

263 1698 328 1718 uno
349 1699 503 1720 consensu
524 1696 665 1731 utrosque
681 1699 860 1730 posuerunt.
904 1693 986 1723 Nul-

262 1739 326 1768 lam
342 1739 476 1781 denique
490 1741 623 1782 gratiam
645 1752 702 1772 nos
723 1753 742 1772 a
761 1742 871 1781 lepidis
885 1743 986 1774 homi-

263 1791 356 1822 nibus
370 1792 503 1823 inituros
524 1793 721 1832 arbitramur,
743 1794 769 1824 si
791 1795 913 1824 chartas
927 1795 986 1825 oti·

262 1852 379 1882 umque
394 1843 619 1882 disperdamus,
639 1851 670 1874 et
684 1845 900 1876 commentarii
914 1856 986 1876 nos-

262 1892 303 1922 tri
329 1892 600 1932 pergrandescant,
629 1894 841 1926 deliramentis
865 1897 985 1927 critico-

260 1953 332 1974 rum
354 1953 410 1983 per
430 1953 587 1974 morosam
605 1944 801 1985 diligentiam
823 1957 985 1977 recensen-

261 1995 321 2025 dis:
347 2005 482 2036 quorum
504 1996 649 2026 nonnulli
671 2007 795 2027 versum
816 1997 985 2029 delendum

261 2057 338 2085 esse,
365 2053 400 2077 ut
419 2049 573 2088 spurium,
602 2048 780 2087 edixerunt;
805 2049 857 2080 alii
881 2061 986 2082 rursus

260 2099 444 2138 conjecturis
480 2100 566 2129 vanis
599 2100 799 2133 solicitarunt.
854 2102 984 2142 Ineptiis

260 2149 357 2189 igitur
372 2148 474 2179 valere
491 2150 592 2190 jussis,
620 2164 690 2190 εμαν
706 2151 761 2182 ὁδον
776 2156 930 2192 βασευμαι,
953 2160 985 2184 et

260 2201 328 2240 ipso
357 2211 430 2231 cum
461 2201 609 2232 Lucretio
640 2204 979 2236 conveniam-auris.-

261 2251 296 2282 P.
315 2263 425 2288 auras;
449 2262 505 2291 pro
528 2252 590 2293 qua
613 2263 687 2283 voce
711 2255 802 2294 jubet
827 2255 880 2285 ille
906 2256 985 2286 Pius

259 2314 328 2334 oras
342 2304 481 2334 rescribi:
505 2314 678 2343 perperam,
690 2312 727 2336 ut
740 2307 824 2347 quod
839 2308 984 2338 maxime.

303 2354 383 2385 Ibid.
409 2354 460 2385 Sic
485 2365 517 2385 se
542 2356 637 2386 habet
652 2357 728 2388 ordo
753 2359 930 2397 verborum,
953 2366 984 2390 et

260 2406 496 2436 constructionis
511 2406 601 2437 ratio:
633 2411 655 2426 “
673 2408 812 2438 Exordia
837 2410 909 2440 solis
933 2409 982 2440 lu-

261 2461 283 2475 “
299 2468 409 2499 naeque
434 2466 539 2490 secuta
565 2466 640 2491 sunt
661 2464 773 2493 aetlzera
782 2463 816 2499 ‚·''
841 2463 875 2504 (i.
891 2474 916 2494 e.
940 2474 981 2495 ae-

259 2510 355 2540 theris
372 2512 550 2552 exordium)
575 2517 597 2532 “
613 2520 644 2544 et
666 2517 737 2553 ea,’'
769 2516 802 2556 (i.
818 2526 844 2546 e.
873 2527 982 2547 eorum

260 2562 399 2603 exordia)
425 2567 448 2583 “
465 2575 598 2605 quorum
621 2567 706 2607 globi
731 2567 812 2598 iuter
836 2575 982 2609 utrasque

260 2613 331 2642 “in
361 2614 444 2644 auris
465 2622 637 2653 vertuntur,
666 2624 767 2649 secuta
795 2625 865 2649 sune
891 2622 979 2650 solem

260 2667 282 2681 “
298 2666 502 2706 lunamque.·”
526 2668 558 2698 in
572 2669 684 2709 quibus
698 2670 786 2706 nihil,
808 2677 918 2710 praeter
933 2682 980 2702 so-

258 2714 351 2744 litum
367 2716 564 2749 lucidissimis
577 2720 784 2760 scriptoribus,
796 2722 845 2760 vel
860 2723 980 2754 obscuri

256 2770 315 2802 est,
331 2766 378 2795 vel
393 2766 462 2797 duri
477 2775 569 2809 atque
583 2772 767 2813 confragosi.

303 2816 383 2848 Ibid.
402 2830 527 2858 quorum
540 2824 653 2861 globei:
678 2825 698 2855 i.
714 2836 739 2855 e.
756 2837 879 2865 corpora
896 2838 978 2858 cras-

259 2870 356 2904 siora,-
393 2880 516 2910 nempe,
552 2883 678 2913 vapores
706 2877 800 2916 ignei,
837 2877 980 2908 fulminis

1037 842 1096 868 nae,
1122 842 1196 862 cum
1222 830 1348 872 reliquis
1367 830 1512 861 meteoris
1525 830 1691 862 stationem
1704 841 1758 863 su-

1036 893 1088 912 am
1109 883 1143 912 in
1165 882 1269 913 media
1291 882 1359 912 coeli
1387 882 1515 923 regione
1537 882 1756 914 retinentibus:

1036 934 1143 964 confer
1166 934 1208 964 sis
1233 935 1351 964 Lucan.
1378 934 1428 964 vii.
1458 936 1636 965 154-157,
1667 933 1760 964 Ovid.

1036 991 1107 1015 met.
1137 985 1156 1016 i.
1191 988 1328 1017 24-29,
1363 991 1394 1015 et
1422 987 1560 1016 52—56.
1595 985 1709 1015 Manil.
1737 984 1759 1016 i.

1035 1039 1106 1067 859.
1142 1036 1252 1067 Globus
1280 1036 1419 1075 profecto
1454 1035 1579 1074 proprie
1606 1035 1760 1076 significat

1034 1090 1232 1118 rotundatum
1252 1098 1375 1126 cor]›us;
1402 1086 1456 1116 sed
1470 1096 1564 1116 sensu
1577 1086 1762 1116 transfertur

1035 1137 1150 1168 laxiore
1165 1138 1205 1168 ad
1220 1137 1370 1178 quidlibet
1385 1136 1620 1168 condensatum.
1665 1135 1761 1168 Sene-

1035 1199 1082 1227 ca,
1099 1188 1231 1228 Hippol.
1251 1192 1342 1219 1051.

1097 1261 1233 1286 Inhorruit
1243 1267 1385 1286 concussus
1395 1261 1530 1286 undarum
1536 1260 1634 1293 globus.

1035 1331 1080 1363 Et
1104 1331 1240 1363 formula
1265 1331 1426 1363 notissima
1441 1331 1606 1373 Virgilius,
1633 1329 1708 1362 AEn.
1728 1340 1759 1363 x.

1035 1385 1107 1412 573.

1035 1465 1128 1474 —
1137 1454 1191 1485 qua
1199 1454 1286 1486 globus
1296 1454 1340 1479 ille
1351 1454 1443 1479 viram
1454 1454 1623 1480 densissimus
1633 1456 1743 1487 urguet.

1034 1521 1086 1552 Ita
1114 1522 1224 1563 glossae
1247 1528 1376 1554 veteres:
1407 1526 1429 1541 “
1451 1524 1572 1562 Globus,
1604 1530 1760 1566 συστροφη,

1033 1576 1056 1592 “
1072 1575 1189 1610 πλῆθος,
1206 1574 1372 1616 »repumicat-u

1074 1625 1154 1656 Ibid.
1177 1633 1353 1658 vertuntur:
1379 1637 1442 1656 non
1461 1625 1757 1664 circumvolvuntur,

1030 1676 1085 1706 sed
1098 1677 1287 1717 generaliuS‚
1302 1683 1465 1712 moventur,
1488 1683 1664 1714 ver-santum
1687 1676 1759 1708 vide

1030 1737 1087 1758 nos
1108 1728 1148 1758 ad
1162 1728 1200 1758 iv.
1215 1732 1288 1759 402.
1322 1729 1365 1758 Et
1387 1739 1425 1759 eo
1448 1729 1548 1769 magis
1572 1729 1696 1768 propria
1711 1734 1759 1760 est

1031 1780 1064 1809 in
1081 1780 1140 1810 hoc
1155 1790 1216 1810 usu
1230 1780 1336 1818 dictio,
1353 1780 1438 1821 quod
1451 1786 1599 1817 memora,
1621 1780 1651 1810 vi
1665 1780 1756 1811 levis·

1031 1830 1109 1861 sima
1124 1837 1286 1860 ventorum
1302 1831 1494 1870 impellente,
1516 1830 1622 1862 statim
1635 1830 1756 1872 agiten·
1786 1847 1790 1851 -

1031 1887 1090 1916 tur,
1107 1887 1137 1911 et
1152 1881 1257 1912 locum
1272 1887 1404 1912 mutent.

1073 1933 1147 1963 Ver.
1164 1936 1235 1964 474.
1257 1944 1312 1964 nec
1324 1947 1334 1964 :
1355 1933 1399 1963 ita
1414 1934 1451 1965 P.
1468 1933 1503 1964 L.
1523 1933 1571 1964 M.
1600 1933 1640 1964 O.
1666 1937 1702 1965 Δ.
1719 1937 1757 1966 Σ.

1032 1991 1076 2015 Ω..
1087 1990 1116 2015 et
1136 1984 1179 2015 sic
1193 1984 1311 2014 adsolet
1321 1985 1498 2015 Lucretius:
1518 1984 1588 2015 vide
1600 1984 1754 2024 superius,

1029 2035 1068 2065 ad
1084 2046 1144 2065 ver.
1163 2038 1235 2066 455.
1258 2036 1298 2065 V.
1317 2035 1362 2066 ed.
1381 2043 1421 2066 Π.
1437 2043 1488 2070 uc‚·
1514 2035 1617 2076 vulgo,
1632 2046 1738 2076 neque.

1074 2085 1154 2116 Ibid.
1177 2097 1335 2116 maxumus
1357 2088 1467 2118 oetlter:
1498 2089 1520 2104 “
1536 2092 1572 2117 ut
1593 2086 1648 2127 qui
1669 2092 1756 2127 tegat

1028 2139 1050 2154 “
1064 2136 1154 2166 avido
1165 2136 1330 2175 complexu
1356 2137 1538 2175 universa;'‘
1562 2136 1654 2167 adeas
1670 2146 1750 2169 verr.

1028 2191 1103 2218 201.
1120 2190 1192 2218 471.
1216 2189 1419 2224 Mantuanus,
1438 2189 1512 2219 AEn.
1528 2188 1591 2218 viii.
1609 2191 1682 2220 259.

1159 2260 1264 2292 inpulsu
1276 2268 1330 2292 quo
1346 2267 1485 2285 maxumus
1496 2261 1595 2286 intonat
1604 2260 1691 2285 ether.

1031 2323 1080 2353 Sic
1095 2323 1205 2354 fortius
1219 2334 1255 2354 ac
1270 2323 1436 2354 sublimius
1450 2324 1483 2354 in
1495 2323 1684 2364 quibusdam
1698 2333 1752 2354 ex-

1026 2374 1223 2413 emplaribus.
1267 2374 1387 2415 VulgO,
1425 2377 1553 2406 insonat.
1609 2375 1752 2412 Ovidius,

1026 2430 1098 2455 met.
1115 2425 1154 2455 vi.
1171 2428 1244 2457 695.

1057 2499 1095 2522 Ut
1106 2498 1209 2524 medius
1222 2498 1317 2523 nostris
1328 2498 1499 2523 concursibus
1509 2498 1603 2523 intonet
1614 2498 1700 2524 ether.

1026 2568 1089 2599 Ubi
1109 2568 1221 2608 pariter
1243 2575 1360 2599 veteres
1381 2569 1452 2599 libri
1474 2570 1609 2600 turbant.
1655 2568 1749 2598 Com-

1025 2621 1130 2650 mittas
1149 2627 1254 2651 autern
1270 2621 1449 2659 Lucanum,
1472 2631 1498 2651 v.
1515 2623 1586 2651 635.
1609 2624 1640 2650 et
1659 2623 1749 2648 notas

1027 2673 1252 2713 Oudendorpii.

1066 2724 1140 2754 Ver.
1160 2728 1231 2755 475.
1275 2725 1377 2759 Quod:
1419 2729 1458 2755 Π.
1501 2724 1743 2761 Qum—neque.-

1022 2774 1065 2804 ita
1080 2774 1117 2805 P.
1130 2775 1226 2810 vind.
1238 2775 1279 2807 V.
1295 2775 1343 2806 ed.
1359 2774 1395 2804 L.
1414 2773 1460 2803 M.
1479 2772 1517 2803 O.
1534 2777 1569 2802 A.
1586 2778 1629 2802 Π.
1649 2776 1684 2803 Σ.
1701 2777 1747 2802 Ω.

1022 2826 1109 2864 editi,
1125 2827 1376 2867 nec—suerunt:
1401 2834 1511 2865 sequor
1527 2823 1624 2854 vind.
1643 2822 1683 2853 V.
1699 2821 1747 2855 ed.

1023 2876 1064 2906 Ο.
1095 2884 1138 2908 Ω..
1175 2877 1344 2909 ,Ιυητίῃειιιι
1374 2881 1404 2905 et
1434 2874 1603 2911 Aldinam;
1640 2873 1746 2916 vulgo,

259 2919 413 2960 materies,
428 2923 537 2961 trabes,
553 2923 634 2955 faces
649 2925 798 2965 volantes,
814 2933 844 2958 et
858 2928 976 2959 colum·
1010 2928 1223 2970 faeritas—ut
1237 2930 1389 2961 sederent:
1418 2933 1460 2960 Π.
1477 2938 1514 2959 ac
1529 2928 1649 2959 sederet.
