1926 3224
302 213 400 254 320

809 199 872 247 Τ.
911 196 1288 246 LUCRETII

451 333 627 377 Fumida
645 343 771 387 quom
791 327 883 370 ooeli
901 326 1118 369 scintillare
1137 325 1278 367 omnia
1296 324 1448 381 templa

336 413 418 451 645
451 408 691 454 Cernentes,
712 402 861 459 pavida
881 400 1128 457 conplebant
1146 408 1314 456 pectora
1331 399 1447 450 cura,

452 480 567 530 Quid
587 478 798 520 moliretur
817 491 956 518 rerum
977 475 1137 517 Natura
1154 487 1367 514 novarum.

511 552 656 594 Hiisce
675 551 750 593 tibi
769 551 814 592 in
833 549 954 591 rebus
973 549 1053 590 late
1073 555 1134 589 est
1152 546 1310 602 alteque
1330 545 1569 597 videndum,

453 627 510 670 Et
529 627 651 684 longe
670 633 837 667 cunctas
856 625 900 665 in
919 623 1069 679 parteis
1089 619 1418 676 despiciundum,

457 701 520 743 Ut
538 699 826 748 reminiscaris,
849 712 1051 739 summam
1071 711 1206 738 rerum
1229 711 1314 737 esse
1330 693 1594 750 profundam,

341 780 425 818 650
456 775 513 817 Et
531 774 683 824 videas,
705 773 853 815 coelum
873 774 1051 813 summai'
1072 771 1196 812 totius
1215 784 1345 811 unum

460 848 600 898 Quam
620 848 671 889 sit
690 846 857 902 parvola
875 860 986 901 pars,
1008 852 1048 886 et
1067 859 1191 900 quam
1210 843 1440 885 multesima
1459 849 1630 884 constet:

314 1005 439 1037 Verum
451 1003 549 1044 enim,
571 1013 612 1034 an
628 1003 792 1035 Lucretius
806 1003 934 1044 insuper
945 1013 1037 1044 posu-
1081 1001 1212 1026 custodes
1222 999 1297 1024 aditu
1308 998 1414 1030 templi,
1426 997 1538 1023 coeleste
1547 998 1667 1028 reportat

313 1057 383 1094 en'c,

409 1137 533 1162 Flammea
542 1138 763 1169 tempestas-——f

317 1211 411 1244 Certe
440 1210 562 1241 facilior
589 1210 720 1246 videtur,
747 1220 783 1240 ac
812 1208 952 1245 vividior,
973 1208 1039 1237 haec

315 1263 442 1295 locutio.
475 1262 593 1293 Saltem
614 1262 773 1302 appositus
794 1260 937 1291 adveniet
960 1259 1040 1290 Soli-

316 1309 474 1354 nuslcap.
488 1314 529 1344 ix.
553 1317 576 1332 “
594 1313 721 1343 Durant
736 1311 863 1352 vestigia
885 1321 950 1342 non
972 1311 1040 1341 lan·

315 1369 342 1386 ‘⁶
356 1364 462 1406 guidae
478 1364 549 1394 fidei
556 1376 565 1401 ;
588 1364 700 1403 quibus
722 1368 858 1402 apparet,
881 1362 938 1392 hos
959 1361 1043 1392 locos

317 1419 341 1436 “
356 1416 532 1455 superstites
561 1417 684 1445 undosae
714 1416 885 1454 tempestati
914 1412 1041 1444 fuisse.'’

317 1468 452 1505 Verum,
485 1468 600 1506 absque
629 1466 815 1496 auctoritate
845 1466 1044 1496 membrana-

318 1529 401 1557 rum,
417 1518 671 1558 castigationibus
680 1518 787 1548 minus
796 1517 982 1554 necessariis
997 1522 1047 1547 ut-

320 1581 442 1611 cunque
457 1570 520 1600 veri
535 1569 715 1608 simillimis,
731 1568 962 1600 abstinendum.

363 1631 437 1661 Ver.
461 1633 534 1661 645.
562 1640 610 1661 se:
638 1634 673 1660 Δ.
697 1628 854 1660 sese.—Et
877 1629 1048 1661 Finilumis

317 1684 459 1723 gentibus
474 1692 540 1718 ora,
564 1690 620 1720 pro
641 1682 876 1711 Finilumarum
890 1681 1044 1719 gentium.-

321 1732 406 1774 quod
424 1733 549 1763 schema
570 1731 734 1772 regiminis
755 1730 825 1770 plus
846 1729 950 1765 semel,
973 1739 1047 1759 con-

321 1791 445 1816 textum
461 1783 674 1814 emaculantes
688 1783 721 1813 in
737 1781 958 1822 superioribu5‚
982 1780 1047 1811 Lu-

321 1836 419 1867 cretio
433 1834 654 1865 adstruximus.

367 1887 442 1917 Ver.
463 1890 537 1917 644.
559 1887 743 1917 scintillare:
773 1891 817 1916 n..
842 1886 974 1922 διίησι-6,·
995 1884 1052 1915 sed

325 1937 452 1978 vulgata
466 1936 558 1967 lectio
572 1936 709 1977 margini
725 1935 913 1976 appingitur.

369 2001 442 2032 Ver.
459 2006 530 2034 645.
548 2002 683 2043 pam‘cld:
710 2003 746 2034 P.
763 2003 802 2033 V.
825 2002 873 2033 ed.
890 2005 1053 2043 panda.—

328 2054 506 2093 conplebant
516 2068 526 2084 .·
553 2054 595 2084 V.
609 2054 657 2084 ed.
676 2055 713 2084 B.
729 2055 1051 2094 complectante-pec·

325 2111 392 2136 tora
415 2104 507 2135 cura:
535 2105 574 2135 V.
598 2104 645 2136 ed.
669 2116 793 2144 corpora
816 2105 1052 2136 dura—Caete-

326 2164 413 2193 rum,
437 2155 459 2187 J
462 2166 610 2194 uvencus,
636 2156 667 2186 ii.
685 2159 756 2187 745.
771 2155 912 2197 agnoscit
926 2157 1055 2187 verbum

328 2207 499 2246 complecto.

371 2257 453 2288 Ibid.
472 2258 588 2298 pavida
605 2257 698 2289 curci:
724 2258 743 2288 i.
759 2268 785 2289 e.
803 2260 977 2298 palpitante
999 2268 1053 2289 cu-

327 2311 372 2343 ra.
397 2309 522 2340 Diserte
533 2309 572 2340 ad
588 2310 669 2340 hanc
683 2319 750 2340 rem
768 2309 912 2346 Ovidius,
928 2309 997 2340 fast.
1010 2309 1054 2340 iii.

328 2367 403 2396 562.

391 2435 509 2462 solicita
521 2438 626 2461 mentes
637 2438 741 2468 speque,
751 2439 883 2467 metuque,
894 2438 1007 2468 pavent.

375 2514 449 2545 Ver.
475 2517 548 2546 646.
576 2515 751 2545 moliretur:
777 2513 798 2544 i.
826 2524 852 2544 e.
875 2513 1058 2556 aggredere-

334 2572 406 2604 tur;
427 2573 463 2597 ut
477 2575 506 2596 v.
523 2568 597 2597 952.
626 2564 716 2595 Hinc
731 2574 795 2595 non
809 2574 938 2604 possum
953 2565 1059 2596 doctos

331 2618 414 2649 viros
428 2627 493 2649 non
509 2617 646 2655 emitari,
666 2617 826 2647 turbantes
848 2627 940 2657 opere
959 2616 1060 2648 maxi-

332 2679 388 2700 mo
402 2675 434 2700 et
447 2674 623 2705 aestuantes,
638 2667 678 2699 ad
695 2667 809 2700 Silium
823 2668 984 2707 Italicum,
996 2667 1059 2699 xiii.

331 2724 384 2750 48.
407 2721 462 2762 qui
475 2719 564 2751 locus
585 2719 628 2750 ita
649 2725 696 2750 est
716 2719 750 2749 in
774 2719 967 2759 apertissimi
991 2719 1062 2750 luce

332 2770 466 2813 positus,
488 2777 524 2801 ut
539 2770 656 2810 pudeat
670 2770 878 2810 interpretari:

337 2852 412 2875 Tum
425 2858 501 2876 meus
510 2853 638 2883 adjuncto
649 2857 827 2879 monstratam
837 2853 922 2879 evasit
934 2853 960 2877 in
973 2860 1062 2880 arcem

339 2891 459 2923 Tydides
473 2891 582 2924 Ithac05
599 2898 638 2924 et,
649 2893 747 2919 dextra
762 2893 861 2919 molitus
871 2893 965 2925 inipso

1082 1040 1298 1065 Palladium—.

1085 1108 1237 1138 Conferas
1251 1106 1342 1146 Virg.
1359 1106 1433 1135 AEn.
1449 1104 1490 1134 ix.
1505 1106 1578 1136 325.
1594 1103 1676 1135 Mox
1689 1102 1808 1136 ibidem

1086 1158 1193 1196 Silius,
1208 1167 1268 1188 ver.
1290 1160 1360 1189 198.

1101 1230 1148 1255 Ille
1159 1230 1263 1255 hastam
1275 1233 1397 1261 quatere,
1412 1236 1444 1255 ac
1455 1229 1599 1255 medicata:
1610 1228 1724 1262 cuspidis
1735 1229 1794 1256 ictu

1099 1269 1191 1295 Praelia
1202 1269 1359 1302 mouri—.-

1086 1351 1107 1381 i.
1125 1361 1142 1382 e
1157 1351 1294 1392 agg-redi,
1309 1356 1444 1389 tentare3
1463 1356 1499 1381 ut
1511 1350 1680 1391 saepissime
1691 1350 1725 1381 in
1735 1350 1811 1382 vir-

1087 1401 1172 1442 gilio.
1198 1402 1287 1432 Hinc
1301 1401 1444 1441 pristinas
1459 1407 1635 1432 venustates
1651 1401 1766 1433 Ovidio
1775 1401 1814 1433 li.

1087 1458 1136 1482 eet
1149 1451 1386 1491 redaccendere,
1408 1452 1443 1483 in
1458 1453 1527 1483 fast.
1542 1452 1588 1483 iii.
1605 1455 1677 1484 278.

1105 1532 1250 1564 Principio,
1260 1533 1375 1558 nimium
1386 1536 1526 1565 promptos
1538 1533 1572 1558 ad
1583 1533 1664 1564 bella,
1674 1533 1791 1565 Qniriteo

1139 1572 1227 1597 Moliri
1238 1573 1338 1604 placuit
1352 1573 1422 1604 jure,
1433 1571 1571 1604 deumque
1582 1576 1675 1598 metu:

1091 1635 1111 1678 i.
1135 1646 1162 1666 e.
1186 1635 1308 1672 adoriri,
1333 1635 1468 1676 fingere;
1498 1646 1561 1676 quo
1590 1635 1669 1666 nihil
1691 1636 1817 1677 elegan.

1091 1688 1161 1718 tius.
1207 1686 1325 1726 Vulgo,
1361 1688 1483 1718 Molliri
1486 1702 1498 1724 ,·
1535 1686 1576 1717 ad
1604 1686 1818 1718 duriusculum

1093 1739 1369 1769 constructionem.
1415 1738 1480 1768 Hae
1503 1748 1593 1768 voces
1614 1743 1721 1768 autem
1741 1737 1818 1769 alias

1092 1790 1245 1821 confundi
1271 1790 1380 1821 solent.
1427 1789 1487 1820 Sed
1518 1789 1603 1821 solus
1629 1789 1715 1820 idem
1736 1795 1821 1821 vates

1095 1841 1307 1872 emendationi
1324 1847 1438 1872 nostrae
1448 1840 1630 1872 roborandae
1640 1840 1766 1880 sufficit,
1781 1839 1823 1872 ad

1095 1900 1150 1924 art.
1167 1903 1229 1924 am.
1245 1893 1276 1923 ii.
1296 1896 1364 1924 119.
1382 1903 1422 1923 ne
1437 1892 1530 1923 latius
1545 1892 1724 1932 dispiciam:

1189 1968 1250 1998 Jam
1261 1965 1348 1990 molire
1358 1965 1484 1996 animum,
1495 1966 1542 1997 qui
1552 1965 1702 1991 duret—.

1098 2035 1313 2066 Obversantur
1339 2040 1444 2064 autem
1470 2033 1608 2073 plurima
1635 2035 1696 2065 hoc
1723 2044 1824 2076 genus

1097 2087 1340 2127 appositissima;
1363 2092 1395 2116 et
1424 2086 1534 2116 multae
1562 2092 1679 2117 restant
1706 2087 1740 2117 in
1765 2088 1824 2119 hac

1097 2149 1172 2169 voce
1195 2149 1234 2169 ex
1259 2137 1387 2178 optimis
1409 2138 1610 2177 scriptoribus
1632 2138 1765 2175 mendae,
1789 2139 1825 2170 ni

1099 2191 1202 2229 fallor,
1225 2190 1302 2221 olim
1317 2189 1479 2228 tollendae;
1502 2200 1580 2232 quas
1596 2200 1660 2221 non
1674 2196 1762 2221 vaoet
1775 2190 1824 2222 in-

1099 2246 1225 2286 dagare-

1142 2298 1217 2328 Ver.
1232 2302 1305 2329 647.
1330 2298 1494 2329 Editiones
1508 2297 1666 2330 hodiernae
1683 2301 1716 2331 in
1731 2299 1825 2331 omit.

1098 2355 1183 2388 tunt,
1204 2356 1311 2381 contra
1328 2350 1480 2381 librorum
1493 2357 1686 2382 vetustomm
1700 2351 1804 2383 fidem.

1144 2412 1218 2442 Ver.
1234 2415 1308 2443 648.
1330 2414 1578 2452 despiciundum,
1596 2412 1646 2443 vel
1659 2414 1830 2454 despicien-

1099 2465 1188 2494 dum:
1213 2463 1256 2494 sic
1278 2463 1383 2503 plures
1405 2469 1437 2494 et
1458 2463 1603 2494 meliores
1625 2463 1706 2500 libri,
1730 2462 1827 2494 vind.

1102 2514 1140 2546 L.
1158 2515 1205 2545 M.
1218 2519 1252 2547 Σ.
1269 2521 1314 2546 Ω..
1328 2515 1441 2556 quibus
1455 2524 1519 2545 non
1535 2525 1632 2545 ausus
1644 2525 1716 2546 sum
1730 2513 1827 2546 resta·

1102 2567 1185 2607 gari:
1210 2566 1280 2597 vide
1302 2577 1373 2608 quae
1395 2566 1582 2604 notaverim,
1605 2566 1680 2597 satis
1692 2566 1830 2606 copiosa,

1104 2618 1146 2649 ad
1173 2618 1204 2649 ii.
1232 2622 1304 2650 741.
1343 2619 1463 2660 Vulgo,
1488 2620 1722 2659 dispiciendum
1760 2618 1829 2649 Nec

1104 2669 1317 2701 consulendus
1331 2680 1396 2701 non
1417 2676 1464 2700 εει
1487 2668 1736 2701 accuratissimus
1760 2669 1830 2699 Ou-

1104 2721 1307 2760 dendorpius,
1329 2721 1370 2751 ad
1387 2721 1512 2752 Sueton.
1531 2720 1570 2750 vi.
1588 2723 1636 2751 19.

1148 2781 1223 2810 Ver.
1253 2784 1325 2812 649.
1354 2779 1552 2821 profundam.
1590 2777 1830 2809 Animadvertas

1107 2833 1266 2871 epitheton
1287 2832 1479 2863 absolutum:
1513 2829 1600 2871 quasi
1623 2841 1737 2861 meram
1755 2841 1830 2870 pro·

1097 2883 1290 2924 sanctitatem
1306 2882 1431 2921 scilicet,
1453 2881 1549 2912 nullis
1570 2880 1721 2912 limitibus
1734 2880 1829 2912 inter-
