1926 3224
311 264 423 313 37⁸*

813 260 876 308 T.
912 258 1292 308 LUCRETII

453 391 559 434 Inde
576 390 812 434 catervatim
830 390 995 440 morbo,
1015 390 1235 446 mortique,
1256 390 1476 444 dabantur,

511 464 738 520 Principio,
760 473 884 520 caput
902 463 1114 506 incensum
1135 463 1294 507 fervore
1311 466 1528 523 gerebant3

453 538 510 582 Et
529 538 725 593 dupliceis
743 538 883 580 oculos
902 536 1066 580 subfusa
1085 536 1176 579 luce
1194 538 1414 582 rubenteis.

309 692 468 724 Plutarch.
492 693 531 724 de
557 703 615 725 ser.
639 693 723 725 vind.
742 704 830 725 num.
855 704 884 734 p.
902 696 974 726 558.
997 692 1036 723 Ε.

311 743 465 780 Servium,
494 744 534 774 ad
559 744 651 785 Virg.
679 755 748 785 geo.
769 745 812 775 iii.
840 748 912 775 478.
947 745 1035 774 Max.

311 793 385 835 Tyr.
401 795 472 826 diss.
490 796 555 826 xiii.
579 799 607 826 4.
636 797 746 837 (quem
771 795 946 826 Lambinus
961 805 1037 836 quo.

309 857 372 888 que
397 847 518 888 laudat)
542 854 574 879 et
593 848 664 879 diss.
679 848 741 878 xix.
757 853 787 880 9.
832 848 901 879 Nec
925 857 1037 887 oppor-

309 905 403 930 tunos
429 905 535 930 tamen
551 900 648 930 Marii
664 900 800 931 Victoris
820 910 925 931 versus
951 900 1037 940 pige·

308 949 355 981 bit
379 959 484 980 coram
506 950 672 982 lectoribus
696 951 816 988 stitisse,
845 951 879 982 in
897 952 978 983 Gen.
992 951 1036 983 iii.

308 1005 382 1034 265.

308 1085 369 1110 Non
380 1092 464 1117 secus,
475 1086 623 1120 AEtbiopum
632 1087 799 1114 ferventibus
811 1088 904 1114 excita
914 1087 1004 1119 terris,

309 1125 407 1151 Nubila
416 1128 587 1157 morborum,
598 1131 726 1160 corrupto
736 1128 847 1153 tramite
857 1128 931 1158 coeli,

307 1166 382 1190 Dum
393 1170 517 1198 currunt,
527 1167 645 1199 quisquis
656 1175 812 1199 percussum
823 1168 939 1193 fulmine
949 1168 997 1193 leti

309 1205 458 1237 Ingemuit,
468 1206 547 1232 simul
560 1207 614 1239 ipse
625 1208 691 1238 ruit3
712 1209 866 1239 quicunque
876 1209 1020 1232 cadentem

285 1266 291 1268 ,
307 1246 469 1278 Conspexit,
479 1247 576 1272 cecidit
587 1254 593 1271 ι
612 1244 794 1279 congestaque
803 1246 897 1271 funera
908 1246 1004 1276 passim

307 1285 373 1311 Dira
383 1285 438 1311 lues
448 1287 554 1317 stravit,
567 1294 730 1319 camposque
741 1286 847 1317 reliquit
857 1286 956 1310 inanes.

310 1366 392 1402 Quae
429 1367 579 1406 profecto,
614 1377 687 1397 cum
717 1367 873 1408 elegantia
906 1369 1038 1400 minime

309 1417 444 1457 vulgari,
482 1423 550 1457 post
582 1417 766 1449 Lucretium
802 1430 838 1450 ac
869 1421 1037 1452 Maronem

309 1468 475 1499 variantur.
506 1469 636 1500 Rectius
651 1477 756 1501 autem
772 1471 899 1503 distinxi
915 1473 1029 1506 locum.

352 1525 427 1555 Ver.
441 1528 533 1556 1140.
545 1537 723 1566 permensus
734 1540 854 1569 campos
869 1534 1036 1563 nataneeis:

308 1575 376 1606 redi
405 1586 465 1607 ver.
482 1580 554 1608 404.
577 1579 685 1609 Etiam
702 1579 870 1622 Virgilius,
895 1582 970 1613 AEn.
995 1582 1038 1613 iii.

311 1630 382 1659 157.

332 1716 386 1742 Nos
396 1716 534 1742 tumidum
545 1719 594 1744 sub
605 1722 634 1745 te
642 1723 768 1753 permensi
779 1723 902 1748 classibus
912 1731 1006 1757 equor.

309 1788 354 1820 Et
378 1789 552 1822 lectissimis
576 1793 676 1824 verbis
700 1795 835 1834 malum,
858 1796 1040 1838 longissime

309 1840 548 1879 etpedetentim
564 1844 702 1883 veniens,
725 1846 870 1888 felicique
891 1859 964 1879 cum
987 1861 1035 1880 so-

306 1893 407 1929 lertia,
430 1901 535 1926 noster
557 1896 705 1937 depinxit.
750 1900 871 1932 Lucem
897 1913 1037 1936 commo-

308 1944 396 1976 dabit
433 1947 625 1980 Ammianus
662 1951 877 1990 Marcellinus,
914 1956 975 1986 xix.
1007 1961 1036 1988 4.

307 1999 402 2028 verbe
410 1997 549 2030 Lucretii
565 2000 840 2034 adumbrans:—“
856 2006 958 2038 clades
971 2008 1037 2048 ina,

308 2050 333 2067 ‘⁸
348 2059 430 2089 quae,
452 2050 486 2080 in
503 2051 760 2092 Peloponnesiaci
777 2056 850 2087 belli
866 2058 1035 2099 principiis,

309 2101 333 2117 ‘⁸
353 2100 560 2132 Athenienses
575 2105 686 2134 acerbo
700 2115 815 2145 genere
831 2109 932 2139 morbi
947 2120 1038 2141 vexa.

309 2152 333 2169 ‘⁸
348 2150 399 2186 vit,
426 2152 564 2193 abusque
589 2153 720 2186 ferventi
743 2158 917 2198 AEtlziopiae
938 2160 1038 2202 plaga,

308 2202 333 2221 *ί
348 2201 512 2241 paullatim
541 2215 735 2247 proserpens,
776 2210 916 2242 Atticam
945 2222 1037 2245 occu·

308 2256 334 2273 κ
349 2254 465 2293 papiu„

352 2312 427 2344 Ver.
447 2317 537 2345 1141.
553 2319 714 2357 populum,
732 2319 795 2350 sive
803 2324 961 2362 populom,
976 2324 996 2354 i.
1012 2335 1038 2355 e.

304 2367 426 2405 populo,
445 2377 570 2398 omnem.
618 2368 668 2400 Ita
693 2371 874 2411 scripsimus
899 2384 936 2405 ex
959 2375 1037 2406 divi-

308 2422 438 2447 natione
452 2418 585 2449 minime
606 2421 749 2452 omnium
776 2424 810 2454 in
836 2427 1038 2458 controversi-

309 2476 362 2498 am
377 2469 524 2500 vocandzi.
569 2471 692 2512 Vulgo:

338 2551 467 2577 Incubuit
477 2554 589 2580 tandem
600 2556 691 2588 populo
701 2558 852 2584 Pandionis:
873 2568 996 2592 omnes—.

311 2624 373 2656 Sed
388 2626 518 2666 simplex
542 2628 637 2661 dictio
659 2631 823 2673 dissyllaba
847 2636 945 2675 poetis
969 2643 1039 2677 post

308 2684 374 2709 tam
396 2679 525 2722 longam
547 2684 655 2714 sensus
677 2696 807 2725 pausam
829 2689 1039 2730 ingratissima

308 2734 367 2767 est,
390 2730 431 2762 (le
446 2734 689 2774 exquisitissima
707 2739 815 2779 magni
832 2741 967 2772 Bentleii
984 2744 1037 2773 ob-

309 2782 483 2813 servatione
498 2784 531 2814 in
554 2787 636 2817 notis
651 2787 691 2818 ad
715 2789 889 2822 Lucanum.
937 2793 1036 2824 Caete-

309 2843 395 2874 rum,
409 2848 523 2870 omnem
540 2839 652 2873 diserte
667 2844 815 2884 scriptum
832 2852 878 2877 est
893 2847 926 2877 in
941 2847 1038 2880 Vind.

310 2885 348 2918 L.
366 2887 413 2918 M.
430 2894 464 2920 Σ.
479 2897 523 2922 Ω..
543 2894 671 2932 optimis
685 2896 856 2929 codicibus:
885 2898 921 2929 P.
936 2902 1021 2931 omni
1025 2916 1036 2937 ‚-

312 2935 354 2969 V.
376 2937 426 2972 ed.
453 2951 595 2981 ornnem,-
629 2946 731 2978 tribus
753 2948 870 2981 scilicet
893 2949 1039 2983 ductibus

1080 693 1239 726 literarum
1254 707 1291 726 ra
1307 705 1372 726 non
1388 705 1471 736 aegre
1484 700 1531 726 tot
1545 694 1644 726 lineas
1657 694 1805 726 elementi

1079 757 1110 776 m
1129 746 1389 785 exprimentibus:
1418 747 1457 782 Q„
1481 758 1584 783 omne‚·
1608 746 1628 777 i.
1645 756 1673 777 e.
1699 749 1803 777 omni:

1083 796 1123 827 Ο.
1149 809 1249 834 ommi,-
1276 802 1311 828 Δ.
1337 800 1371 828 in
1391 809 1509 828 omnes.-
1533 804 1565 828 et
1581 797 1658 828 Pius
1672 797 1807 828 affirmat

1081 848 1235 889 quosdam
1263 848 1351 880 codd.
1383 849 1496 879 habere
1524 860 1636 880 omnes.
1699 848 1808 879 Simile

1080 905 1187 930 autem
1201 905 1248 930 est
1262 900 1338 930 huic
1355 900 1452 930 nostri
1477 900 1618 941 regimen
1632 900 1665 930 iu
1682 899 1806 936 Plauto,

1082 952 1152 983 Cas.
1168 951 1199 982 ii.
1214 955 1244 982 4.
1261 955 1312 983 29.

1306 1032 1425 1064 gladium
1436 1032 1535 1056 faciam
1545 1031 1685 1061 culcitam,

1146 1075 1267 1103 Eumque
1280 1071 1498 1095 incumbam—.-

1084 1148 1115 1172 et
1129 1142 1162 1172 in
1177 1141 1301 1171 Lucilio
1315 1140 1400 1180 apud
1416 1140 1571 1179 Nonium,
1586 1140 1627 1171 ix.
1645 1143 1694 1173 19.

1142 1222 1325 1254 Suspendatne
1335 1228 1373 1252 se,
1384 1228 1417 1246 an
1426 1221 1543 1254 gladium
1553 1221 1753 1247 incumbat*

1081 1292 1180 1329 Hinc,
1193 1299 1276 1323 certo
1285 1292 1406 1329 certius,
1423 1291 1463 1323 ad
1472 1293 1568 1323 unius
1582 1292 1698 1323 codicis
1713 1291 1809 1332 scrip-

1081 1350 1197 1382 turam,
1227 1343 1385 1374 medicina
1413 1343 1556 1374 facienda
1585 1349 1632 1373 est
1658 1342 1810 1374 versiculo

1081 1394 1223 1435 Virgilii,
1245 1394 1382 1425 maxime
1397 1393 1586 1434 perturbata,
1611 1399 1647 1424 ut
1662 1404 1748 1425 nuuc
1761 1394 1808 1425 le·

1082 1445 1179 1485 gitur,
1206 1450 1237 1475 et
1261 1444 1392 1476 obscura
1417 1445 1659 1484 constructione,
1682 1445 1757 1476 AEu.
1780 1455 1811 1477 x.

1083 1500 1156 1529 894.

1097 1591 1160 1599 —-
1169 1578 1339 1610 effusumque
1349 1579 1469 1610 equitem
1480 1585 1558 1610 super
1569 1578 1624 1610 ipse
1632 1580 1741 1604 secutus

1098 1617 1222 1650 inplicat,
1233 1618 1392 1650 ejectumque
1403 1618 1525 1642 incumbit
1534 1624 1649 1644 cernuus
1659 1624 1747 1643 armo·

1082 1686 1202 1728 Vulgo,
1217 1687 1326 1727 ejecto:
1353 1687 1372 1717 i.
1387 1698 1413 1718 e.
1428 1687 1529 1728 ejecit-J,
1549 1687 1681 1728 qy’ectom.

1142 1747 1222 1777 Ibid.
1261 1748 1405 1778 Incubuit
1436 1748 1585 1787 populum
1624 1747 1810 1778 Pandionis·

1083 1798 1278 1839 Thucydidis
1307 1809 1415 1829 vocem
1444 1804 1653 1838 repraesentat,
1683 1798 1703 1829 l.
1732 1808 1811 1829 c.—

1082 1863 1105 1883 ες
1133 1849 1159 1880 δε
1188 1864 1238 1883 την
1263 1852 1403 1883 Αθηναιων
1431 1857 1513 1880 πολιν
1537 1851 1701 1888 εξαπιναιως
1718 1854 1810 1880 ΕΝΕ-

1082 1906 1202 1932 ΠΕΣΕ.
1271 1901 1414 1939 Orosius,
1459 1900 1478 1930 i.
1517 1903 1566 1931 10.
1611 1903 1633 1918 “
1673 1899 1812 1930 Infanda

1082 1957 1104 1972 “
1122 1953 1279 1994 AEgyptiis
1302 1955 1384 1984 πιαὶα
1408 1959 1502 1994 atque
1519 1952 1729 1984 intolerabiles
1743 1951 1809 1992 pla-

1081 2007 1103 2023 “
1119 2014 1174 2044 gas
1189 2006 1370 2040 incubuisse,
1393 2004 1566 2044 Pompeius
1582 2004 1810 2044 Corneliusque

1080 2057 1103 2073 “
1119 2055 1303 2085 testanturR’

1126 2115 1199 2147 Ver.
1217 2119 1308 2147 1142.
1331 2118 1507 2147 catervatim
1530 2118 1621 2147 morti
1645 2117 1808 2147 dabantur.

1082 2167 1236 2209 Virgilius
1250 2168 1324 2199 hinc
1339 2168 1460 2208 excepit
1475 2168 1657 2206 dictionem,
1682 2177 1750 2209 geo.
1765 2166 1811 2198 iii.

1083 2222 1155 2251 556.

1143 2304 1258 2334 Jamque
1267 2302 1424 2328 catervatim
1440 2303 1488 2328 dat
1496 2307 1687 2336 stragem—.

1084 2375 1264 2407 Homerum
1279 2377 1377 2408 secuti
1393 2383 1466 2408 sunt
1480 2383 1621 2418 uterque,
1645 2376 1686 2408 ad
1712 2375 1752 2408 Il.
1765 2381 1806 2408 Ar

1082 2431 1155 2458 582.

1100 2518 1164 2544 Ἧκε
1175 2518 1198 2545 δ’
1210 2519 1246 2545 ser'
1259 2520 1382 2554 Αργειοισι
1395 2531 1477 2546 κακον
1497 2522 1578 2551 βάκ·
1597 2519 1621 2546 oi
1639 2520 1665 2546 δε
1677 2530 1703 2545 w
1714 2523 1777 2545 λιιι

1102 2568 1271 2593 ΘΝΗΣΚΟΝ
1293 2569 1556 2594 ΕΠΑΣΣΥΤΕΡΟΙ.

1082 2651 1124 2676 Nu
1151 2652 1258 2676 autem
1287 2646 1379 2685 valet,
1420 2658 1485 2689 apa·
1518 2648 1625 2687 igitur,
1654 2647 1694 2677 ob
1728 2646 1814 2676 hanc

1081 2707 1238 2734 caussam;
1261 2701 1385 2729 missum
1401 2701 1493 2730 telum
1510 2699 1634 2729 scilicet.
1663 2697 1812 2728 Editores

1082 2749 1146 2778 vim
1158 2749 1318 2787 particulae
1333 2760 1398 2780 non
1414 2759 1604 2789 perspexere.
1637 2748 1810 2787 Arnobius,

1082 2798 1101 2828 l.
1118 2809 1143 2829 c.
1168 2799 1208 2829 ad
1234 2810 1296 2830 ver.
1317 2803 1474 2831 1138.—“
1494 2801 1637 2840 Cumque
1663 2798 1730 2829 dies
1753 2798 1810 2829 ad-

1083 2853 1106 2868 “
1122 2850 1209 2881 deret
1222 2851 1342 2883 malum
1361 2852 1446 2883 malo
1469 2852 1603 2892 gravius,
1631 2853 1809 2882 catervatim

1084 2903 1106 2919 “
1121 2907 1152 2931 et
1175 2902 1310 2942 populus
1333 2902 1545 2934 interiret—5⁹¹
1591 2902 1699 2933 Etiam
1726 2902 1808 2933 Oro-

1081 2952 1147 2983 sius
1163 2963 1227 2984 non
1243 2953 1442 2986 incommode
1452 2953 1663 2995 advocabitur,
1678 2953 1748 2985 hist.
1764 2952 1808 2983 iii.
