1926 3224
231 230 325 272 258
730 223 790 270 T.
828 221 1205 271 LUCRETII

429 353 528 394 Hoc
547 352 668 392 etiam
687 357 823 404 pacto,
845 349 998 390 volucri
1017 349 1107 390 loca
1124 349 1277 391 lumine
1295 351 1488 408 tinguunt

371 427 526 475 Nubes,
549 432 588 465 et
608 423 782 464 tremulo
802 430 1018 478 tempestas
1037 423 1175 478 inpete
1192 422 1324 480 fulgit:

371 500 528 541 Ventus
547 496 618 538 ubi
637 497 784 538 invasit
802 497 970 547 nubem,
991 505 1032 539 et
1051 505 1233 538 vorsatus
1252 497 1428 539 ibeidem

262 576 338 616 175
371 573 499 622 Fecit,
520 580 567 613 ut
585 580 694 622 ante,
719 587 875 622 cavam,
897 571 1034 622 docui,
1056 572 1290 627 spissescere
1308 572 1480 621 nubem;

370 646 603 688 Mobilitate
623 646 695 688 sua
715 645 914 697 fervescit,
936 654 983 688 ut
1002 647 1142 688 omnia
1161 654 1277 687 motu

370 719 641 763 Percalefacta
658 721 770 762 vides
790 719 1015 762 ardescere:
1045 720 1237 776 plumbea
1254 734 1353 763 vero

223 896 256 922 et
282 890 322 922 ad
348 901 409 921 ver.
436 893 506 920 451.
529 889 668 930 ejusdem
690 890 775 921 libri:
802 901 877 922 nam
899 891 940 922 ad

222 941 405 972 Lucretium
425 941 645 972 illustrandum
660 941 752 972 faciet
766 942 898 983 egregie.

267 993 339 1024 Ver.
357 996 426 1024 170.
443 995 564 1033 pariter
583 994 659 1033 igni.
704 993 842 1024 Plenum
865 994 942 1024 fuis-

220 1049 268 1075 set
289 1047 312 1063 “
327 1044 440 1084 pariter
453 1054 522 1075 cum
536 1044 633 1084 igni.''
665 1043 805 1080 Plautus,
820 1044 853 1074 ii.
869 1048 897 1075 2.
913 1048 942 1076 5.

447 1117 568 1149 praedam
581 1116 679 1149 pariter
688 1123 745 1142 cum
755 1117 805 1142 illis
815 1117 938 1149 partiam.

263 1189 338 1220 Ver.
356 1192 424 1220 171.
448 1190 496 1219 Ε.·
516 1188 552 1218 P.
568 1188 608 1218 V.
624 1187 670 1218 ed.
690 1187 729 1218 Ο.
748 1195 792 1219 Ω.
810 1190 862 1219 Et.
877 1188 941 1217 Ve-

221 1240 279 1271 lim
290 1242 347 1271 Ex.
379 1240 496 1271 Contra
511 1239 605 1270 libros
619 1239 750 1270 editores
765 1238 942 1269 stultissime

221 1298 253 1324 et
274 1291 477 1323 audacissime
498 1291 666 1321 inferciunt
679 1297 707 1321 et
730 1296 799 1330 post
819 1287 938 1321 caussz'z'.

221 1345 386 1377 Lucretius
400 1346 458 1375 hoc
478 1344 565 1374 dicit:
593 1347 615 1362 ‘⁴
632 1343 752 1383 Fulgur
773 1352 810 1372 ex
832 1340 942 1372 eadem

222 1400 246 1416 “
264 1395 382 1434 caussa,
410 1400 533 1434 propter
554 1404 649 1434 quam
671 1400 774 1424 motus
798 1393 941 1433 bipennis

221 1450 245 1467 “
260 1448 345 1487 prius
360 1447 500 1482 cernitur.
513 1456 608 1486 quam
619 1444 745 1475 auditur
758 1445 848 1483 ictus,
863 1445 942 1475 solet

221 1501 245 1518 “
260 1499 410 1529 tonitrum
442 1497 620 1537 praevenire,
660 1497 800 1537 quamvis
827 1497 940 1536 pariter

219 1553 245 1569 ‘⁴
259 1561 332 1581 cum
347 1550 472 1590 fulgure
486 1549 639 1587 mittatur,
655 1554 762 1588 utpote
777 1559 814 1579 ex
829 1548 939 1580 eodem

219 1607 242 1624 “
259 1605 391 1635 nubium
405 1614 557 1635 concursu
572 1603 667 1634 simul
682 1603 804 1634 natus.¹’

259 1656 334 1687 Ver.
365 1658 436 1687 172.
467 1657 582 1688 volucri
609 1657 733 1686 lumine.
776 1653 941 1696 VirgiliuS,

220 1709 294 1740 AEn.
309 1719 336 1739 v.
351 1712 423 1741 519.

408 1785 436 1807 et
447 1781 545 1811 ventis,
556 1784 583 1807 et
587 1780 708 1812 fulminis
719 1787 802 1812 ocyor
808 1779 866 1804 alis.

219 1852 271 1882 De
285 1853 435 1882 celeritate
451 1856 558 1881 autem
567 1850 708 1881 fulminis
716 1850 788 1881 satis
803 1850 938 1883 diximus

218 1902 252 1932 in
267 1901 483 1940 superioribus,
499 1901 540 1931 ad
554 1901 575 1930 i.
596 1904 683 1931 1005.

262 1952 342 1984 Ibid.
364 1954 477 1983 lumine
500 1954 665 1992 tinguant.-
689 1952 759 1982 volo
781 1954 938 1984 revertaris

217 2009 365 2036 annotata
378 2003 411 2034 in
426 2003 457 2034 ii.
473 2007 544 2035 501.
561 2007 634 2035 502.
660 2004 823 2043 Manilius,
834 2005 853 2035 i.
867 2008 937 2038 710.

247 2085 383 2110 Candidus
392 2085 420 2109 in
432 2071 508 2116 nigro
519 2083 590 2109 lucet
601 2084 637 2109 sic
649 2088 747 2110 trames
758 2086 885 2118 Olympo,

247 2124 402 2150 Caeruleum
413 2124 509 2156 tingens
520 2124 623 2155 ingenti
635 2123 730 2148 lumine
741 2125 885 2150 mundum.

219 2205 269 2235 Ita
297 2203 494 2234 scribendum
529 2209 621 2243 puto:
659 2203 763 2245 vulgo,
791 2206 937 2246 findam

217 2255 389 2293 Bendeius,
406 2257 553 2295 pingens,·
576 2255 630 2286 sed
645 2255 716 2286 libri
729 2262 856 2296 veteres,
867 2259 937 2297 fln-

214 2319 296 2347 gens.
320 2306 442 2338 Eadem
455 2306 611 2338 medicina
625 2306 766 2338 facienda
780 2314 825 2338 est
841 2307 936 2339 Clau-

215 2358 321 2398 diano,
337 2358 422 2399 idyll.
437 2359 456 2389 i.
473 2362 521 2389 18.

247 2441 382 2466 Arcanum
393 2440 497 2465 radiant
505 2440 575 2466 oculi
581 2441 675 2472 jubar:
692 2440 785 2473 igneus
796 2447 841 2466 ora

249 2479 331 2512 Tingit
341 2480 465 2505 honos—-

218 2554 318 2593 Libri,
339 2556 446 2595 cingit.
490 2554 561 2585 Has
582 2564 670 2586 voces
684 2555 799 2585 librarii
821 2555 936 2595 passim

217 2605 434 2637 confuderunt.
480 2605 622 2642 Ovidius,
637 2606 723 2646 epist.
738 2607 776 2638 iv.
794 2610 843 2639 72.

309 2679 389 2704 Flava
398 2679 564 2705 verecundus
573 2679 688 2704 tinxerat
697 2687 741 2705 ora
751 2680 834 2705 rubor.

259 2749 332 2778 Ver.
351 2753 419 2780 175.
441 2753 565 2781 tremulo
581 2753 680 2791 inpete
690 2752 804 2793 fulgit:
822 2761 934 2782 consu-

216 2799 273 2837 las,
298 2810 366 2840 quae
391 2802 565 2833 notavimus
580 2814 683 2843 supra,
710 2803 750 2834 ad
764 2804 802 2834 iv.
817 2808 890 2835 406.
907 2813 934 2834 v.

218 2853 291 2882 299.
311 2850 437 2883 Addam
451 2852 585 2894 denique
600 2854 785 2895 Virgilium,
799 2853 853 2886 ccl.
868 2854 933 2886 viii.

221 2904 287 2933 105.

1145 890 1278 922 conripuit
1289 890 1400 915 tremulis
1411 889 1503 915 altaria
1505 889 1619 920 fiammis

1016 935 1115 965 Sponte
1124 933 1182 964 sua,
1194 934 1260 958 dum
1271 932 1341 958 ferre
1352 939 1452 963 moror,
1464 932 1529 957 cinis
1538 932 1663 963 ipse—.

1028 997 1103 1027 Ver.
1122 999 1190 1028 175.
1211 999 1394 1036 spissescere:
1420 994 1516 1026 Vind.
1531 997 1705 1036 spir-escere,-

988 1053 1032 1078 Ω.
1046 1049 1229 1086 spiscescere.

1026 1098 1100 1127 Ver.
1127 1100 1198 1127 178.
1229 1098 1382 1136 liquescit:
1407 1095 1451 1125 ita
1480 1095 1518 1125 P.
1542 1095 1638 1125 Vind.
1669 1099 1706 1127 Δ.

987 1147 1109 1185 Caeteri,
1135 1146 1317 1187 gravissimo
1338 1155 1452 1182 errore,
1474 1147 1602 1186 quiescit
1618 1145 1706 1177 exhi-

984 1198 1067 1226 bent.

1028 1247 1108 1278 Ibid.
1147 1249 1242 1279 Glans
1266 1250 1407 1288 plumbea
1435 1259 1529 1280 cursu
1557 1250 1705 1290 liquescit.

984 1298 1039 1329 Ad
1053 1298 1189 1329 eundem
1202 1298 1332 1330 modum
1349 1300 1555 1339 Mantuanus,
1571 1300 1648 1333 AEn.
1664 1300 1707 1332 ix.

984 1354 1057 1382 588.

1014 1425 1047 1448 Et
1058 1423 1146 1448 media
1157 1423 1260 1449 adversi
1269 1423 1402 1456 liquefacto
1411 1426 1535 1456 tempora
1541 1424 1642 1458 plumbo

1013 1464 1190 1489 minent—t

981 1527 1036 1557 ubi
1053 1527 1193 1558 Servium
1207 1527 1286 1559 vide.
1309 1527 1446 1560 Pulchre
1462 1529 1606 1569 Ovidius,
1631 1534 1705 1562 met.

983 1578 1042 1609 xiv.
1059 1581 1131 1610 825.

1299 1658 1349 1678 ceu
1359 1652 1414 1677 lata
1420 1652 1538 1685 plumbea
1548 1652 1634 1679 sunda

1013 1691 1091 1716 Missa
1100 1691 1167 1717 solet
1178 1692 1267 1717 medio
1274 1691 1349 1724 glans
1359 1692 1507 1717 intabescere
1517 1692 1598 1718 coelo.

1026 1759 1109 1791 Ibid.
1131 1762 1295 1793 volvunda:
1329 1761 1349 1792 ἱ.
1373 1771 1399 1793 e.
1429 1763 1584 1799 volubilis,-
1617 1767 1654 1794 ut
1675 1772 1702 1795 v.

982 1818 1053 1847 515.
1072 1818 1162 1847 1275.

1024 1868 1104 1899 Ibid.
1125 1871 1218 1900 etiam
1246 1871 1397 1910 liquescit,
1434 1876 1466 1901 et
1486 1880 1552 1902 non
1572 1872 1702 1903 ardescit

979 1923 1111 1951 tantum.

1022 1971 1096 2002 Ver.
1114 1974 1184 2003 179.
1201 1974 1360 2011 perscidit:
1386 1972 1483 2004 Vind.
1496 1973 1537 2004 V.
1563 1972 1611 2004 ed.
1628 1984 1702 2014 per*-

980 2024 1091 2053 scindit
1098 2038 1108 2058 ‚·
1135 2023 1175 2053 Ο.
1188 2026 1347 2063 proscidit.

1021 2074 1095 2104 Ver.
1129 2077 1196 2104 181.
1232 2076 1403 2105 nictantia.-
1436 2075 1478 2106 V.
1506 2074 1554 2106 ed.
1581 2077 1699 2108 victon-

977 2126 1040 2160 tia5
1073 2124 1111 2155 O.
1136 2129 1170 2155 Δ.
1199 2126 1366 2160 Ιιιειαηιιάς
1401 2132 1443 2156 Π.
1474 2128 1640 2164 micamz·a,·
1662 2137 1701 2159 ex

980 2175 1094 2216 glossa:
1122 2181 1156 2208 Σ.
1171 2179 1331 2214 nutantia;
1352 2184 1397 2209 Ω..
1414 2180 1575 2209 metancia.
1611 2179 1701 2210 Hinc

980 2233 1086 2258 autem
1098 2228 1266 2266 verissima,
1279 2235 1380 2270 atque,
1392 2235 1427 2260 ut
1435 2230 1571 2270 ingenue
1582 2230 1702 2272 loquar,

981 2279 1169 2310 nobilissima
1183 2280 1400 2312 emendatione
1409 2281 1575 2313 Lucanum
1593 2284 1700 2322 beabo,

979 2330 1019 2361 ad
1034 2331 1143 2362 Phars.
1158 2331 1223 2362 viii.
1240 2335 1290 2363 47.

1382 2405 1540 2438 tenebrisque
1549 2408 1668 2440 remotis,

1011 2447 1091 2479 Rupis
1101 2448 1128 2472 in
1139 2449 1262 2481 abrupta:
1269 2449 1400 2481 scopulos,
1407 2452 1584 2481 extremaque
1592 2453 1700 2476 currem

1010 2487 1111 2518 Litora,
1122 2489 1281 2520 prospiciens
1292 2489 1399 2519 fluctus,
1409 2489 1532 2514 nictantia
1542 2489 1622 2522 longe

1010 2528 1119 2559 Semper
1129 2528 1216 2560 prima
1226 2528 1298 2553 vides
1309 2528 1438 2553 venientis
1447 2527 1510 2553 vela
1520 2528 1636 2554 carinae:

978 2596 998 2626 i.
1013 2606 1039 2626 e.
1061 2598 1209 2628 micantia
1214 2613 1226 2634 ,·
1249 2603 1371 2637 propter
1393 2599 1553 2629 candorem
1574 2596 1695 2633 scilicet,

980 2648 1083 2679 lucem
1098 2658 1152 2688 per
1167 2650 1310 2680 tenebras
1314 2650 1513 2689 jaculantia:
1537 2657 1611 2678 nam
1625 2649 1695 2678 alba

978 2706 1010 2730 et
1023 2702 1159 2731 candida
1174 2701 1241 2731 vela
1256 2701 1354 2741 po’e'tis
1367 2701 1608 2742 frequentantur.
1639 2697 1695 2729 Li-

978 2752 1036 2789 bri,
1065 2755 1223 2791 nutantia,
1244 2754 1412 2788 luctarum,-
1435 2750 1528 2781 simili
1549 2749 1696 2780 varietate

977 2802 1172 2834 Lucretianis
1193 2802 1424 2842 exemplafibus.
1469 2800 1575 2832 Codex
1593 2811 1694 2831 mem-

976 2855 1145 2885 branaceus
1167 2855 1200 2885 in
1222 2853 1405 2885 bibliotheca
1427 2851 1550 2892 publica.
1573 2852 1696 2882 Acade.

977 2905 1051 2935 miae
1068 2905 1337 2947 Cantabrigiensis,
1352 2915 1371 2936 a
1386 2914 1437 2935 me
1450 2903 1596 2935 laudatus
1609 2903 1693 2942 alibi,

1911 586 1919 608 ⁴-
