1926 3224
566 193 800 242 LIBER.

851 192 1155 242 SEXTUS

1503 202 1597 246 357

258 327 417 369 Sudcnt
436 325 626 376 humore,
648 333 689 366 et
707 326 833 383 guttis
853 326 1115 366 manantibus
1136 324 1298 366 stillent:

257 400 407 442 Manat
427 401 525 441 item
546 400 664 441 nobis
684 414 707 439 e
727 408 815 440 toto
836 414 1009 453 corpore
1030 399 1175 448 sudor3

138 478 219 515 945
253 474 411 516 Crescit
430 474 572 523 barba,
594 473 769 528 pileique
788 488 862 527 per
886 473 1026 513 omnia
1044 473 1245 523 membra,
1268 487 1343 527 per
1362 479 1488 514 artus:

256 548 428 590 Diditur
448 549 490 588 in
512 562 634 588 venas
655 546 769 587 cibus
789 546 967 594 omneis3
1000 554 1138 602 auget,
1160 547 1324 601 alitque,

258 621 455 676 Corporis
475 628 677 660 extremas
697 633 861 673 quoque
880 619 1046 672 parteis,
1070 619 1406 675 unguiculosque.

262 695 410 751 Frigus
430 694 526 733 item
548 693 722 734 transire
741 707 816 747 per
835 706 906 741 aes,
929 691 1187 747 calidumque
1206 707 1417 747 vaporem,

259 768 484 816 Sentimus5
518 767 715 808 sentimus
735 767 833 808 item
855 767 1028 807 transire
1047 781 1121 821 per
1141 782 1305 818 aurum,

145 847 228 884 950
259 841 399 896 Atque
417 855 492 895 per
511 849 746 897 argentum,
771 855 897 896 quom
911 840 1059 895 pocula
1076 840 1199 895 plena
1217 849 1414 882 tenemus.

256 914 467 970 Denique,
489 929 565 969 per
584 914 777 970 dissaepta
798 915 1018 955 domorum
1039 930 1163 956 saxea
1179 930 1297 956 voces

261 988 529 1039 Pei-volitant,
551 997 768 1044 permanat
787 989 904 1039 odos,
922 988 1146 1045 frigusque,
1168 1004 1374 1045 vaposque

258 1062 390 1120 Ignis:
421 1062 492 1118 qui
511 1062 607 1104 ferri
628 1078 790 1119 quoque
810 1063 893 1104 vim
913 1071 1131 1119 penetrare
1151 1062 1280 1103 suevit

111 1217 207 1280 atque
224 1237 340 1270 smum
355 1238 515 1275 Italicum,
533 1238 614 1270 Pun.
630 1238 681 1270 vii.
698 1242 769 1271 191.

371 1331 398 1353 et
410 1335 522 1359 quercu,
531 1329 558 1353 in
569 1332 672 1354 cratera
683 1329 790 1359 cavata,

175 1368 266 1393 Dulcis
278 1367 395 1393 odoratis
405 1368 494 1393 humor
504 1368 616 1393 sudavit
628 1369 661 1393 ab
673 1368 740 1393 uvis.

114 1439 271 1480 Virgilius
285 1439 380 1470 etiam
405 1449 495 1470 voces
521 1440 652 1480 excepit,
677 1440 717 1471 ad
738 1450 808 1481 geo.
824 1440 845 1470 i.

115 1492 186 1522 117.

177 1572 257 1597 Unde
267 1577 344 1596 cavae
356 1571 448 1604 tepido
460 1571 554 1597 sudant
567 1572 668 1597 humore
679 1572 796 1597 lacunae.

159 1653 240 1684 Ibid.
264 1655 461 1685 manantibus
491 1656 613 1685 stillent.
658 1654 746 1684 Alibi
776 1654 844 1684 ani-

117 1704 317 1735 madversum
331 1711 378 1735 est
400 1705 499 1741 nobis,
526 1705 730 1736 Lucretianas
755 1715 845 1735 aures

115 1754 273 1786 diritatem
297 1756 447 1786 horumce
472 1766 679 1786 numerorum
693 1766 759 1786 non
773 1766 843 1795 per-

118 1807 282 1838 horruisse.
327 1807 489 1838 Perfacilis
511 1808 596 1838 enim
611 1808 719 1838 fuisset
733 1807 844 1838 dictio·

118 1867 198 1888 num
210 1858 417 1898 transpositio.

161 1918 236 1949 Ver.
253 1921 325 1950 944.
347 1920 461 1949 Manat
484 1930 500 1949 e
524 1925 584 1950 toto
604 1930 730 1959 corpore
745 1921 846 1950 sudor.

117 1969 377 2010 Praepositionem
392 1971 535 2012 deposuit
548 1973 752 2009 Mantuanus,
770 1974 844 2003 AEn.

115 2020 158 2051 iii.
178 2023 248 2053 175.

176 2106 254 2131 Tum
265 2106 367 2138 gendus
379 2109 427 2132 toto
438 2107 561 2132 manabat
571 2111 670 2140 corpore
680 2107 766 2133 sudor.

160 2177 237 2208 Ver.
254 2181 325 2209 946.
347 2180 500 2210 Diditur:
525 2180 700 2210 Lambinus
725 2185 757 2209 et
781 2180 844 2216 alii,

119 2230 263 2266 Diditus5
287 2235 395 2260 contra
419 2230 528 2261 libros:
556 2231 714 2269 audacter,
743 2238 774 2262 et
795 2232 845 2262 in-

118 2287 199 2321 epte.

162 2342 237 2372 Ver.
254 2344 325 2373 947.
347 2344 605 2384 unguiculosque:
631 2344 667 2374 P.
693 2346 846 2384 unguicu-

107 2394 240 2434 ·lasque;
258 2403 328 2424 vere
343 2393 457 2424 forsan.
504 2394 728 2425 Onomasticon
744 2402 843 2429 vetus:

119 2451 143 2466 ‘⁴
167 2449 355 2487 Unguicuca‚
396 2449 547 2490 ονυχιον.·”
585 2455 617 2480 et
650 2450 786 2481 vicissim
816 2453 850 2484 in

124 2498 259 2536 Graecis;
283 2505 319 2529 ut
343 2505 380 2530 ut
403 2500 546 2540 vulgares
560 2500 770 2542 lexicographi
785 2503 849 2534 dic-

115 2550 239 2580 tionem
254 2561 319 2581 non
337 2558 517 2591 agnoscant.

164 2602 239 2633 Ver.
262 2606 334 2635 949.
358 2609 395 2634 Δ.
420 2605 675 2635 &utimum—Et
702 2606 809 2636 confer
831 2607 851 2638 i.

110 2656 194 2685 «195.

108 2726 110 2728 v
163 2712 240 2743 Ver.
256 2716 329 2745 950.
347 2716 454 2753 plena:
474 2714 573 2745 Vind.
585 2715 626 2746 V.
645 2715 692 2746 ed.
710 2717 748 2747 B.
765 2721 799 2747 Δ.
816 2722 851 2748 Σ.

124 2769 169 2794 Ω.
195 2770 227 2794 et
253 2775 315 2796 var.
342 2766 424 2796 lectt.
440 2766 511 2797 edit.
529 2767 620 2798 Junt.
630 2769 745 2807 planco
770 2779 850 2807 vere,

122 2821 160 2844 ut
174 2822 334 2855 exputem:
360 2828 434 2848 nam
449 2818 555 2849 minus
577 2820 636 2850 hoc
651 2820 781 2850 senseris
795 2831 850 2859 po-

123 2866 195 2897 cula
214 2873 326 2900 tenens
340 2871 523 2910 inaequalia,
540 2871 730 2902 exstantibus
744 2871 853 2912 figuris

883 1248 919 1268 ac
934 1237 1032 1278 signis
1055 1248 1171 1277 aspera.
1216 1237 1342 1268 Novate
1369 1241 1476 1267 tamen
1499 1241 1615 1269 temere

884 1288 1056 1318 noluimus.

929 1349 1004 1378 Ver.
1021 1351 1092 1380 951.
1115 1350 1274 1388 dz'ssaepta:
1298 1348 1407 1379 redeas
1421 1348 1460 1379 ad
1476 1349 1497 1379 i.
1514 1353 1585 1381 998.

931 1401 1007 1431 Ver.
1034 1404 1105 1433 952.
1140 1403 1346 1433 Pervolicant:
1374 1402 1499 1432 Nonius
1529 1403 1618 1433 Mar-

889 1452 998 1490 cellus,
1010 1452 1072 1483 viii.
1090 1456 1140 1483 27.
1166 1455 1374 1485 Pervolz‘eans:
1400 1460 1431 1484 et
1445 1453 1529 1484 idem
1544 1453 1619 1485 ibid.

888 1507 958 1536 odos
973 1511 1004 1535 et
1025 1516 1127 1545 vapos,
1158 1505 1300 1546 quamvis
1326 1508 1399 1536 odor
1424 1512 1455 1535 et
1479 1517 1570 1545 vapor
1584 1506 1618 1536 in

889 1558 1040 1589 universis
1075 1559 1215 1589 Lucretii
1251 1558 1489 1598 exemplaribus,
1525 1569 1620 1589 omne

888 1619 1000 1649 genuS,
1009 1611 1137 1640 vetustis
1146 1610 1388 1650 conspiciantur:
1402 1610 1506 1640 videas
1515 1610 1618 1646 Quin-

887 1661 932 1690 til.
955 1661 1038 1692 instt.
1065 1667 1140 1691 orat.
1163 1662 1182 1691 i.
1206 1666 1235 1692 4.
1261 1673 1290 1700 p.
1313 1665 1364 1692 43.
1390 1661 1438 1692 ed.
1461 1663 1572 1692 Burm.
1588 1667 1618 1693 et

890 1713 1040 1743 Priscian.
1055 1713 1109 1744 lib.
1125 1714 1145 1744 i.
1162 1724 1191 1753 p.
1209 1716 1280 1745 557.

931 1773 1006 1803 Ver.
1039 1777 1109 1805 955.
1142 1776 1214 1814 qui:
1250 1780 1295 1805 Ω.
1324 1776 1556 1814 quim-suevit.-
1582 1775 1618 1806 Ρ.

887 1826 991 1855 suerit.

932 1891 1007 1921 Ver.
1020 1894 1092 1922 954.
1111 1891 1321 1930 Versiculum,
1333 1902 1387 1922 me
1396 1892 1517 1933 judice,
1529 1903 1620 1924 men-

889 1941 938 1972 dis
949 1953 1092 1978 vacuum,
1100 1948 1131 1972 et
1141 1953 1234 1973 sensu
1243 1953 1396 1983 perquam
1409 1943 1556 1980 dilucido,
1564 1944 1622 1974 viri

888 1994 971 2024 docti
993 1995 1179 2035 conjecturis
1202 1995 1267 2025 suis
1289 1996 1401 2026 misere
1431 1996 1620 2027 divexavere.

891 2046 945 2076 Ad
956 2046 1174 2085 explicandam
1185 2048 1285 2086 po'etae
1299 2054 1441 2077 mentem
1456 2048 1536 2077 nihil
1549 2059 1622 2087 pos-

890 2097 958 2127 tulo
989 2097 1238 2135 concedendum,
1262 2098 1321 2127 nisi
1345 2104 1382 2128 ut
1404 2109 1529 2128 summa
1550 2109 1622 2138 pars

891 2147 995 2177 loricae
1024 2147 1143 2177 collum
1174 2149 1374 2189 pertingeret,
1406 2159 1504 2190 eoque
1533 2155 1622 2180 moto

889 2198 974 2228 calor
987 2209 1023 2228 ac
1038 2198 1134 2229 sudor
1148 2199 1311 2230 cierentur.
1355 2200 1377 2231 J
1379 2210 1431 2230 am
1454 2211 1538 2239 vero,
1563 2211 1620 2231 ne-

891 2250 999 2291 glectis
1027 2251 1218 2281 hariolorum
1247 2253 1418 2293 ingeniosis
1447 2253 1549 2293 nugis
1581 2253 1622 2284 ad

890 2302 1070 2332 varietatem
1084 2302 1226 2333 lectionis
1237 2304 1460 2334 recensendam
1476 2303 1622 2334 devenia-

891 2365 977 2392 mus;
1000 2365 1166 2393 memores,
1197 2355 1459 2395 simplicissimam
1489 2356 1620 2395 scriptu-

892 2417 960 2436 ram
975 2407 1090 2446 passim
1106 2407 1252 2437 Lucretio
1266 2408 1441 2438 convenire.
1463 2409 1621 2448 Denique.-

894 2458 949 2496 sie,
979 2458 1014 2488 ni
1036 2458 1138 2496 fallor,
1169 2458 1276 2488 omnia
1297 2459 1397 2498 prisca
1418 2459 1622 2499 exemplaria3

894 2510 1037 2546 editores,
1070 2512 1399 2551 Undique—circum:
1429 2511 1448 2541 i.
1471 2522 1497 2542 e.
1522 2511 1623 2542 circu-

894 2561 976 2599 lum,
996 2561 1044 2591 vel
1064 2562 1243 2599 circuitum,
1271 2562 1358 2599 colli;
1383 2562 1454 2592 vide
1470 2562 1625 2600 Nonium,

895 2613 915 2643 i.
932 2615 981 2643 74.
1010 2623 1037 2643 v.
1053 2616 1104 2643 58.
1127 2619 1159 2643 et
1180 2613 1303 2642 Davisii
1325 2619 1432 2643 notam
1448 2613 1488 2643 ad
1505 2613 1569 2643 Cic.
1584 2612 1624 2642 de

895 2669 958 2693 nat.
979 2663 1064 2694 deor.
1089 2664 1120 2694 ii.
1140 2667 1187 2694 18.
1210 2664 1341 2694 Veteres
1362 2664 1487 2704 glossae:
1514 2667 1537 2682 “
1555 2663 1624 2694 Cir-

897 2717 919 2732 “
935 2714 1036 2752 culus,
1053 2717 1161 2750 circus,
1178 2715 1320 2749 κυκλος.”
1358 2715 1504 2745 Eandem
1517 2725 1626 2745 vocem

896 2769 1025 2809 quidam
1053 2769 1125 2799 libri
1151 2775 1326 2810 agnoscunt
1348 2770 1388 2800 ad
1405 2770 1530 2811 Virgilii
1557 2779 1627 2811 geo·

895 2820 938 2851 iii.
973 2824 1043 2851 166.
1078 2831 1174 2860 quam
1209 2820 1346 2851 Lucretii
1376 2821 1556 2852 auctoritate
1585 2821 1629 2852 sic

897 2873 1130 2904 communitam
1140 2874 1273 2906 libenter
1288 2874 1433 2916 equidem
1448 2874 1627 2914 receperim:
