<?xml version="1.0" encoding="UTF-8"?>
<!DOCTYPE html PUBLIC "-//W3C//DTD XHTML 1.0 Transitional//EN"
    "http://www.w3.org/TR/xhtml1/DTD/xhtml1-transitional.dtd">
<html xmlns="http://www.w3.org/1999/xhtml" xml:lang="en" lang="en">
 <head>
  <title>
</title>
<meta http-equiv="Content-Type" content="text/html;charset=utf-8" />
  <meta name='ocr-system' content='tesseract 3.04.00' />
  <meta name='ocr-capabilities' content='ocr_page ocr_carea ocr_par ocr_line ocrx_word'/>
</head>
<body>
  <div class='ocr_page' id='page_1' title='image "./tlucretiicarider03lucruoft_0334.png"; bbox 0 0 1926 3224; ppageno 0'>
   <div class='ocr_carea' id='block_1_1' title="bbox 306 247 409 286">
    <p class='ocr_par' dir='ltr' id='par_1_1' title="bbox 306 247 409 286">
     <span class='ocr_line' id='line_1_1' title="bbox 306 247 409 286; baseline 0 0"><span class='ocrx_word' id='word_1_1' title='bbox 306 247 409 286; x_wconf 67' lang='grc' dir='ltr'>312Δ</span> 
     </span>
    </p>
   </div>
   <div class='ocr_carea' id='block_1_2' title="bbox 801 240 1283 290">
    <p class='ocr_par' dir='ltr' id='par_1_2' title="bbox 801 240 1283 290">
     <span class='ocr_line' id='line_1_2' title="bbox 801 240 1283 290; baseline -0.002 -1"><span class='ocrx_word' id='word_1_2' title='bbox 801 242 862 289; x_wconf 93' lang='grc' dir='ltr'>Τ.</span> <span class='ocrx_word' id='word_1_3' title='bbox 904 240 1283 290; x_wconf 90' lang='lat' dir='ltr'><strong>LUCRETII</strong></span> 
     </span>
    </p>
   </div>
   <div class='ocr_carea' id='block_1_3' title="bbox 335 369 1596 645">
    <p class='ocr_par' dir='ltr' id='par_1_3' title="bbox 450 369 1520 498">
     <span class='ocr_line' id='line_1_3' title="bbox 450 369 1520 425; baseline 0 -13"><span class='ocrx_word' id='word_1_4' title='bbox 450 369 653 420; x_wconf 82' lang='lat' dir='ltr'>Motibus,</span> <span class='ocrx_word' id='word_1_5' title='bbox 674 370 718 410; x_wconf 92' lang='lat' dir='ltr'>in</span> <span class='ocrx_word' id='word_1_6' title='bbox 738 369 876 419; x_wconf 80' lang='lat' dir='ltr'>terris3</span> <span class='ocrx_word' id='word_1_7' title='bbox 908 376 951 410; x_wconf 87' lang='lat' dir='ltr'>et</span> <span class='ocrx_word' id='word_1_8' title='bbox 969 369 1110 411; x_wconf 82' lang='lat' dir='ltr'>multae</span> <span class='ocrx_word' id='word_1_9' title='bbox 1129 384 1209 425; x_wconf 84' lang='lat' dir='ltr'>per·</span> <span class='ocrx_word' id='word_1_10' title='bbox 1222 384 1337 412; x_wconf 86' lang='lat' dir='ltr'>mare</span> <span class='ocrx_word' id='word_1_11' title='bbox 1354 383 1520 425; x_wconf 85' lang='lat' dir='ltr'>pessum</span> 
     </span>
     <span class='ocr_line' id='line_1_4' title="bbox 456 441 1400 498; baseline -0.001 -13"><span class='ocrx_word' id='word_1_12' title='bbox 456 442 684 485; x_wconf 80' lang='lat' dir='ltr'>subsedere</span> <span class='ocrx_word' id='word_1_13' title='bbox 703 441 785 482; x_wconf 90' lang='lat' dir='ltr'>suis</span> <span class='ocrx_word' id='word_1_14' title='bbox 803 441 961 498; x_wconf 86' lang='lat' dir='ltr'>pariter</span> <span class='ocrx_word' id='word_1_15' title='bbox 977 457 1073 484; x_wconf 89' lang='lat' dir='ltr'>cum</span> <span class='ocrx_word' id='word_1_16' title='bbox 1093 442 1248 484; x_wconf 68' lang='lat' dir='ltr'>civibus</span> <span class='ocrx_word' id='word_1_17' title='bbox 1267 443 1400 484; x_wconf 88' lang='lat' dir='ltr'>urbes.</span> 
     </span>
    </p>

    <p class='ocr_par' dir='ltr' id='par_1_4' title="bbox 335 514 1596 645">
     <span class='ocr_line' id='line_1_5' title="bbox 335 514 1596 571; baseline 0.001 -14"><span class='ocrx_word' id='word_1_18' title='bbox 335 521 417 558; x_wconf 83' lang='lat'>590</span> <span class='ocrx_word' id='word_1_19' title='bbox 448 515 591 565; x_wconf 84' lang='lat' dir='ltr'>Quod,</span> <span class='ocrx_word' id='word_1_20' title='bbox 612 514 691 556; x_wconf 87' lang='lat' dir='ltr'>nisi</span> <span class='ocrx_word' id='word_1_21' title='bbox 709 516 960 571; x_wconf 88' lang='lat' dir='ltr'>prorumpit,</span> <span class='ocrx_word' id='word_1_22' title='bbox 982 524 1120 558; x_wconf 85' lang='lat' dir='ltr'>tamen</span> <span class='ocrx_word' id='word_1_23' title='bbox 1139 516 1302 571; x_wconf 87' lang='lat' dir='ltr'><strong>inpetus</strong></span> <span class='ocrx_word' id='word_1_24' title='bbox 1319 516 1407 571; x_wconf 88' lang='lat' dir='ltr'>ipse</span> <span class='ocrx_word' id='word_1_25' title='bbox 1426 517 1596 568; x_wconf 72' lang='lat' dir='ltr'>animai,</span> 
     </span>
     <span class='ocr_line' id='line_1_6' title="bbox 448 588 1455 645; baseline -0.001 -14"><span class='ocrx_word' id='word_1_26' title='bbox 448 589 506 631; x_wconf 90' lang='lat' dir='ltr'>Et</span> <span class='ocrx_word' id='word_1_27' title='bbox 523 588 618 630; x_wconf 75' lang='lat' dir='ltr'>fera</span> <span class='ocrx_word' id='word_1_28' title='bbox 627 589 688 630; x_wconf 90' lang='lat' dir='ltr'>vis</span> <span class='ocrx_word' id='word_1_29' title='bbox 706 590 833 640; x_wconf 87' lang='lat' dir='ltr'>venti,</span> <span class='ocrx_word' id='word_1_30' title='bbox 852 605 927 645; x_wconf 88' lang='lat' dir='ltr'>per</span> <span class='ocrx_word' id='word_1_31' title='bbox 946 590 1092 632; x_wconf 87' lang='lat' dir='ltr'>crebra</span> <span class='ocrx_word' id='word_1_32' title='bbox 1111 590 1314 631; x_wconf 86' lang='lat' dir='ltr'><strong>foramina</strong></span> <span class='ocrx_word' id='word_1_33' title='bbox 1333 598 1455 631; x_wconf 86' lang='lat' dir='ltr'>terrae</span> 
     </span>
    </p>
   </div>
   <div class='ocr_carea' id='block_1_4' title="bbox 446 663 1592 718">
    <p class='ocr_par' dir='ltr' id='par_1_5' title="bbox 446 663 1592 718">
     <span class='ocr_line' id='line_1_7' title="bbox 446 663 1592 718; baseline -0.001 -13"><span class='ocrx_word' id='word_1_34' title='bbox 446 663 718 718; x_wconf 85' lang='lat' dir='ltr'>Dispartitur,</span> <span class='ocrx_word' id='word_1_35' title='bbox 740 672 788 705; x_wconf 96' lang='lat' dir='ltr'>ut</span> <span class='ocrx_word' id='word_1_36' title='bbox 805 663 977 714; x_wconf 79' lang='lat' dir='ltr'>horror-3</span> <span class='ocrx_word' id='word_1_37' title='bbox 1010 673 1051 706; x_wconf 89' lang='lat' dir='ltr'>et</span> <span class='ocrx_word' id='word_1_38' title='bbox 1069 665 1218 706; x_wconf 87' lang='lat' dir='ltr'>incutit</span> <span class='ocrx_word' id='word_1_39' title='bbox 1237 664 1334 705; x_wconf 88' lang='lat' dir='ltr'>inde</span> <span class='ocrx_word' id='word_1_40' title='bbox 1353 672 1592 705; x_wconf 88' lang='lat' dir='ltr'>tremorem:</span> 
     </span>
    </p>
   </div>
   <div class='ocr_carea' id='block_1_5' title="bbox 448 736 1580 795">
    <p class='ocr_par' dir='ltr' id='par_1_6' title="bbox 448 736 1580 795">
     <span class='ocr_line' id='line_1_8' title="bbox 448 736 1580 795; baseline 0.002 -18"><span class='ocrx_word' id='word_1_41' title='bbox 448 736 597 793; x_wconf 87' lang='lat' dir='ltr'>Frigus</span> <span class='ocrx_word' id='word_1_42' title='bbox 615 736 716 788; x_wconf 88' lang='lat' dir='ltr'>utei,</span> <span class='ocrx_word' id='word_1_43' title='bbox 736 745 898 779; x_wconf 88' lang='lat' dir='ltr'>nostros</span> <span class='ocrx_word' id='word_1_44' title='bbox 916 738 1080 794; x_wconf 90' lang='lat' dir='ltr'>penitus</span> <span class='ocrx_word' id='word_1_45' title='bbox 1102 753 1229 795; x_wconf 92' lang='lat' dir='ltr'>quom</span> <span class='ocrx_word' id='word_1_46' title='bbox 1248 737 1360 780; x_wconf 87' lang='lat' dir='ltr'>venit</span> <span class='ocrx_word' id='word_1_47' title='bbox 1385 738 1431 778; x_wconf 85' lang='lat' dir='ltr'>in</span> <span class='ocrx_word' id='word_1_48' title='bbox 1450 746 1580 788; x_wconf 86' lang='lat' dir='ltr'>artus,</span> 
     </span>
    </p>
   </div>
   <div class='ocr_carea' id='block_1_6' title="bbox 300 909 1033 1615">
    <p class='ocr_par' dir='ltr' id='par_1_7' title="bbox 303 909 1032 1156">
     <span class='ocr_line' id='line_1_9' title="bbox 305 909 1030 950; baseline 0.008 -12"><span class='ocrx_word' id='word_1_49' title='bbox 305 912 328 928; x_wconf 86' lang='lat'><strong><em>“</em></strong></span> <span class='ocrx_word' id='word_1_50' title='bbox 344 909 472 947; x_wconf 80' lang='lat' dir='ltr'>moenia,</span> <span class='ocrx_word' id='word_1_51' title='bbox 501 909 550 940; x_wconf 80' lang='lat' dir='ltr'>vel</span> <span class='ocrx_word' id='word_1_52' title='bbox 577 919 661 941; x_wconf 86' lang='lat' dir='ltr'>arces</span> <span class='ocrx_word' id='word_1_53' title='bbox 683 910 814 941; x_wconf 81' lang='lat' dir='ltr'>munitae</span> <span class='ocrx_word' id='word_1_54' title='bbox 835 910 869 942; x_wconf 88' lang='lat' dir='ltr'>in</span> <span class='ocrx_word' id='word_1_55' title='bbox 890 911 1030 950; x_wconf 84' lang='lat' dir='ltr'>collibus,</span> 
     </span>
     <span class='ocr_line' id='line_1_10' title="bbox 304 960 1032 1005; baseline 0.007 -15"><span class='ocrx_word' id='word_1_56' title='bbox 304 964 329 979; x_wconf 73' lang='lat'>‘⁶</span> <span class='ocrx_word' id='word_1_57' title='bbox 344 971 438 1001; x_wconf 81' lang='lat' dir='ltr'>quam</span> <span class='ocrx_word' id='word_1_58' title='bbox 462 960 585 992; x_wconf 83' lang='lat' dir='ltr'>urbes.”</span> <span class='ocrx_word' id='word_1_59' title='bbox 629 961 673 992; x_wconf 87' lang='lat' dir='ltr'>Et</span> <span class='ocrx_word' id='word_1_60' title='bbox 693 972 767 993; x_wconf 85' lang='lat' dir='ltr'>sane</span> <span class='ocrx_word' id='word_1_61' title='bbox 793 963 836 994; x_wconf 89' lang='lat' dir='ltr'>sic</span> <span class='ocrx_word' id='word_1_62' title='bbox 861 963 1032 1005; x_wconf 88' lang='lat' dir='ltr'>legendum</span> 
     </span>
     <span class='ocr_line' id='line_1_11' title="bbox 303 1012 1031 1053; baseline 0.007 -12"><span class='ocrx_word' id='word_1_63' title='bbox 303 1012 435 1041; x_wconf 90' lang='lat' dir='ltr'>omnino</span> <span class='ocrx_word' id='word_1_64' title='bbox 449 1021 630 1050; x_wconf 87' lang='lat' dir='ltr'>censemus;</span> <span class='ocrx_word' id='word_1_65' title='bbox 652 1023 751 1053; x_wconf 91' lang='lat' dir='ltr'>quum</span> <span class='ocrx_word' id='word_1_66' title='bbox 765 1014 830 1044; x_wconf 89' lang='lat' dir='ltr'>veri</span> <span class='ocrx_word' id='word_1_67' title='bbox 847 1014 949 1046; x_wconf 90' lang='lat' dir='ltr'>simile</span> <span class='ocrx_word' id='word_1_68' title='bbox 966 1026 1031 1046; x_wconf 89' lang='lat' dir='ltr'>non</span> 
     </span>
     <span class='ocr_line' id='line_1_12' title="bbox 303 1063 1031 1103; baseline 0.01 -11"><span class='ocrx_word' id='word_1_69' title='bbox 303 1063 344 1093; x_wconf 86' lang='lat' dir='ltr'>sit</span> <span class='ocrx_word' id='word_1_70' title='bbox 357 1063 391 1093; x_wconf 88' lang='lat' dir='ltr'>in</span> <span class='ocrx_word' id='word_1_71' title='bbox 405 1063 609 1103; x_wconf 60' lang='lat' dir='ltr'>exprimendi</span> <span class='ocrx_word' id='word_1_72' title='bbox 624 1064 757 1096; x_wconf 85' lang='lat' dir='ltr'>lectione</span> <span class='ocrx_word' id='word_1_73' title='bbox 767 1068 942 1099; x_wconf 79' lang='lat' dir='ltr'>ceciderunt</span> <span class='ocrx_word' id='word_1_74' title='bbox 956 1068 1031 1099; x_wconf 86' lang='lat' dir='ltr'>scri-</span> 
     </span>
     <span class='ocr_line' id='line_1_13' title="bbox 303 1115 674 1156; baseline 0.008 -11"><span class='ocrx_word' id='word_1_75' title='bbox 303 1115 358 1145; x_wconf 88' lang='lat' dir='ltr'>bas</span> <span class='ocrx_word' id='word_1_76' title='bbox 373 1115 470 1147; x_wconf 83' lang='lat' dir='ltr'>fuisse</span> <span class='ocrx_word' id='word_1_77' title='bbox 486 1123 674 1156; x_wconf 84' lang='lat' dir='ltr'>peccaturos.</span> 
     </span>
    </p>

    <p class='ocr_par' dir='ltr' id='par_1_8' title="bbox 300 1165 1033 1615">
     <span class='ocr_line' id='line_1_14' title="bbox 348 1165 1032 1210; baseline 0.007 -14"><span class='ocrx_word' id='word_1_78' title='bbox 348 1165 421 1198; x_wconf 86' lang='lat' dir='ltr'>Ver.</span> <span class='ocrx_word' id='word_1_79' title='bbox 449 1170 521 1198; x_wconf 84' lang='lat'><strong>588.</strong></span> <span class='ocrx_word' id='word_1_80' title='bbox 549 1179 687 1208; x_wconf 77' lang='lat' dir='ltr'>pessum:</span> <span class='ocrx_word' id='word_1_81' title='bbox 725 1173 760 1200; x_wconf 86' lang='grc' dir='ltr'>Δ.</span> <span class='ocrx_word' id='word_1_82' title='bbox 787 1175 823 1202; x_wconf 81' lang='grc' dir='ltr'>Σ.</span> <span class='ocrx_word' id='word_1_83' title='bbox 841 1172 974 1210; x_wconf 78' lang='lat' dir='ltr'>passim5</span> <span class='ocrx_word' id='word_1_84' title='bbox 1001 1176 1032 1201; x_wconf 88' lang='lat' dir='ltr'>et</span> 
     </span>
     <span class='ocr_line' id='line_1_15' title="bbox 302 1216 1033 1258; baseline 0.004 -11"><span class='ocrx_word' id='word_1_85' title='bbox 302 1216 449 1258; x_wconf 69' lang='lat' dir='ltr'>equidem</span> <span class='ocrx_word' id='word_1_86' title='bbox 463 1218 580 1256; x_wconf 84' lang='lat' dir='ltr'>nescio,</span> <span class='ocrx_word' id='word_1_87' title='bbox 597 1229 638 1249; x_wconf 90' lang='lat' dir='ltr'>an</span> <span class='ocrx_word' id='word_1_88' title='bbox 647 1229 718 1249; x_wconf 46' lang='lat' dir='ltr'>&gt;non</span> <span class='ocrx_word' id='word_1_89' title='bbox 734 1220 900 1251; x_wconf 84' lang='lat' dir='ltr'>verissime.</span> <span class='ocrx_word' id='word_1_90' title='bbox 944 1220 1033 1250; x_wconf 85' lang='lat' dir='ltr'>Licet</span> 
     </span>
     <span class='ocr_line' id='line_1_16' title="bbox 302 1268 1030 1309; baseline 0.004 -12"><span class='ocrx_word' id='word_1_91' title='bbox 302 1268 390 1298; x_wconf 84' lang='lat' dir='ltr'>enim</span> <span class='ocrx_word' id='word_1_92' title='bbox 404 1270 539 1308; x_wconf 78' lang='lat' dir='ltr'>probum</span> <span class='ocrx_word' id='word_1_93' title='bbox 555 1269 595 1299; x_wconf 87' lang='lat' dir='ltr'>sit</span> <span class='ocrx_word' id='word_1_94' title='bbox 604 1281 726 1309; x_wconf 80' lang='lat' dir='ltr'>pessum</span> <span class='ocrx_word' id='word_1_95' title='bbox 742 1272 851 1308; x_wconf 82' lang='lat' dir='ltr'>sidere,</span> <span class='ocrx_word' id='word_1_96' title='bbox 873 1280 948 1301; x_wconf 88' lang='lat' dir='ltr'>cum</span> <span class='ocrx_word' id='word_1_97' title='bbox 963 1280 1030 1300; x_wconf 84' lang='lat' dir='ltr'>ver-</span> 
     </span>
     <span class='ocr_line' id='line_1_17' title="bbox 301 1319 1031 1360; baseline 0.004 -11"><span class='ocrx_word' id='word_1_98' title='bbox 301 1319 342 1349; x_wconf 85' lang='lat' dir='ltr'>bo</span> <span class='ocrx_word' id='word_1_99' title='bbox 358 1319 509 1358; x_wconf 87' lang='lat' dir='ltr'>simplice,</span> <span class='ocrx_word' id='word_1_100' title='bbox 532 1320 618 1360; x_wconf 90' lang='lat' dir='ltr'>quod</span> <span class='ocrx_word' id='word_1_101' title='bbox 633 1320 771 1355; x_wconf 58' lang='lat' dir='ltr'>Bo&#39;e&#39;tius</span> <span class='ocrx_word' id='word_1_102' title='bbox 799 1320 852 1351; x_wconf 85' lang='lat' dir='ltr'>lib.</span> <span class='ocrx_word' id='word_1_103' title='bbox 869 1331 895 1351; x_wconf 91' lang='lat' dir='ltr'>v.</span> <span class='ocrx_word' id='word_1_104' title='bbox 912 1327 985 1352; x_wconf 87' lang='lat' dir='ltr'>met.</span> <span class='ocrx_word' id='word_1_105' title='bbox 1002 1324 1031 1353; x_wconf 87' lang='lat'>5.</span> 
     </span>
     <span class='ocr_line' id='line_1_18' title="bbox 301 1369 1031 1404; baseline 0.007 -5"><span class='ocrx_word' id='word_1_106' title='bbox 301 1375 333 1400; x_wconf 79' lang='lat' dir='ltr'>et</span> <span class='ocrx_word' id='word_1_107' title='bbox 348 1369 496 1400; x_wconf 86' lang='lat' dir='ltr'>Lucanus</span> <span class='ocrx_word' id='word_1_108' title='bbox 509 1369 651 1400; x_wconf 84' lang='lat' dir='ltr'>exhibuit</span> <span class='ocrx_word' id='word_1_109' title='bbox 664 1370 699 1399; x_wconf 90' lang='lat' dir='ltr'>in</span> <span class='ocrx_word' id='word_1_110' title='bbox 715 1370 822 1401; x_wconf 86' lang='lat' dir='ltr'>Phars.</span> <span class='ocrx_word' id='word_1_111' title='bbox 838 1371 884 1403; x_wconf 89' lang='lat' dir='ltr'>iii.</span> <span class='ocrx_word' id='word_1_112' title='bbox 903 1375 974 1403; x_wconf 87' lang='lat'>674.</span> <span class='ocrx_word' id='word_1_113' title='bbox 990 1383 1031 1404; x_wconf 87' lang='lat' dir='ltr'>an</span> 
     </span>
     <span class='ocr_line' id='line_1_19' title="bbox 300 1421 1031 1461; baseline 0.005 -10"><span class='ocrx_word' id='word_1_114' title='bbox 300 1422 453 1452; x_wconf 80' lang='lat' dir='ltr'>subsidere</span> <span class='ocrx_word' id='word_1_115' title='bbox 463 1431 583 1460; x_wconf 82' lang='lat' dir='ltr'><em>pessum</em></span> <span class='ocrx_word' id='word_1_116' title='bbox 607 1421 647 1450; x_wconf 89' lang='lat' dir='ltr'>sit</span> <span class='ocrx_word' id='word_1_117' title='bbox 667 1421 835 1461; x_wconf 84' lang='lat' dir='ltr'>inculpatae</span> <span class='ocrx_word' id='word_1_118' title='bbox 851 1423 1031 1455; x_wconf 83' lang='lat' dir='ltr'>Latinitatis</span> 
     </span>
     <span class='ocr_line' id='line_1_20' title="bbox 301 1471 1029 1514; baseline 0.004 -12"><span class='ocrx_word' id='word_1_119' title='bbox 301 1471 430 1509; x_wconf 88' lang='lat' dir='ltr'>locutio,</span> <span class='ocrx_word' id='word_1_120' title='bbox 460 1471 544 1502; x_wconf 86' lang='lat' dir='ltr'>haud</span> <span class='ocrx_word' id='word_1_121' title='bbox 575 1471 767 1503; x_wconf 84' lang='lat' dir='ltr'>confidenter</span> <span class='ocrx_word' id='word_1_122' title='bbox 796 1474 1029 1514; x_wconf 81' lang='lat' dir='ltr'>affirmaverim,</span> 
     </span>
     <span class='ocr_line' id='line_1_21' title="bbox 301 1523 1031 1565; baseline 0.008 -13"><span class='ocrx_word' id='word_1_123' title='bbox 301 1523 356 1553; x_wconf 90' lang='lat' dir='ltr'>sed</span> <span class='ocrx_word' id='word_1_124' title='bbox 370 1524 401 1552; x_wconf 89' lang='lat' dir='ltr'>in</span> <span class='ocrx_word' id='word_1_125' title='bbox 418 1523 524 1553; x_wconf 91' lang='lat' dir='ltr'>medio</span> <span class='ocrx_word' id='word_1_126' title='bbox 539 1533 607 1553; x_wconf 89' lang='lat' dir='ltr'>rem</span> <span class='ocrx_word' id='word_1_127' title='bbox 628 1524 816 1565; x_wconf 86' lang='lat' dir='ltr'>relinquere,</span> <span class='ocrx_word' id='word_1_128' title='bbox 839 1525 1031 1558; x_wconf 84' lang='lat' dir='ltr'>doctioribus</span> 
     </span>
     <span class='ocr_line' id='line_1_22' title="bbox 301 1574 773 1615; baseline 0.006 -11"><span class='ocrx_word' id='word_1_129' title='bbox 301 1574 549 1613; x_wconf 82' lang='lat' dir='ltr'><strong>expendendam,</strong></span> <span class='ocrx_word' id='word_1_130' title='bbox 571 1575 773 1615; x_wconf 81' lang='lat' dir='ltr'>praetulerim.</span> 
     </span>
    </p>
   </div>
   <div class='ocr_carea' id='block_1_7' title="bbox 302 1634 1029 1726">
    <p class='ocr_par' dir='ltr' id='par_1_9' title="bbox 302 1634 1029 1726">
     <span class='ocr_line' id='line_1_23' title="bbox 345 1634 1029 1674; baseline 0.007 -10"><span class='ocrx_word' id='word_1_131' title='bbox 345 1634 427 1664; x_wconf 83' lang='lat' dir='ltr'>Ibid.</span> <span class='ocrx_word' id='word_1_132' title='bbox 446 1646 567 1674; x_wconf 76' lang='lat' dir='ltr'>pessum</span> <span class='ocrx_word' id='word_1_133' title='bbox 596 1636 770 1667; x_wconf 73' lang='lat' dir='ltr'>Subsedere.</span> <span class='ocrx_word' id='word_1_134' title='bbox 815 1637 955 1673; x_wconf 81' lang='lat' dir='ltr'>Quidam</span> <span class='ocrx_word' id='word_1_135' title='bbox 977 1649 1029 1669; x_wconf 91' lang='lat' dir='ltr'>co·</span> 
     </span>
     <span class='ocr_line' id='line_1_24' title="bbox 302 1684 1010 1726; baseline 0.007 -10"><span class='ocrx_word' id='word_1_136' title='bbox 302 1684 395 1724; x_wconf 84' lang='lat' dir='ltr'>dices,</span> <span class='ocrx_word' id='word_1_137' title='bbox 407 1689 540 1726; x_wconf 83' lang='lat' dir='ltr'>passim:</span> <span class='ocrx_word' id='word_1_138' title='bbox 566 1686 657 1718; x_wconf 76' lang='lat' dir='ltr'>male.</span> <span class='ocrx_word' id='word_1_139' title='bbox 704 1688 836 1719; x_wconf 88' lang='lat' dir='ltr'>Severus</span> <span class='ocrx_word' id='word_1_140' title='bbox 850 1689 883 1720; x_wconf 91' lang='lat' dir='ltr'>in</span> <span class='ocrx_word' id='word_1_141' title='bbox 901 1690 1010 1721; x_wconf 69' lang='lat' dir='ltr'>AEtna:</span> 
     </span>
    </p>
   </div>
   <div class='ocr_carea' id='block_1_8' title="bbox 396 1778 922 1847">
    <p class='ocr_par' dir='ltr' id='par_1_10' title="bbox 396 1778 922 1847">
     <span class='ocr_line' id='line_1_25' title="bbox 684 1778 922 1810; baseline 0.004 -9"><span class='ocrx_word' id='word_1_142' title='bbox 684 1781 711 1802; x_wconf 84' lang='lat' dir='ltr'>et</span> <span class='ocrx_word' id='word_1_143' title='bbox 719 1778 814 1810; x_wconf 80' lang='lat' dir='ltr'>jugera</span> <span class='ocrx_word' id='word_1_144' title='bbox 822 1781 922 1810; x_wconf 81' lang='lat' dir='ltr'><em>pessum</em></span> 
     </span>
     <span class='ocr_line' id='line_1_26' title="bbox 396 1814 705 1847; baseline 0.01 -9"><span class='ocrx_word' id='word_1_145' title='bbox 396 1814 550 1847; x_wconf 81' lang='lat' dir='ltr'><strong>Intercepta</strong></span> <span class='ocrx_word' id='word_1_146' title='bbox 562 1815 705 1847; x_wconf 83' lang='lat' dir='ltr'>leges-——.</span> 
     </span>
    </p>
   </div>
   <div class='ocr_carea' id='block_1_9' title="bbox 807 1857 1033 1890">
    <p class='ocr_par' dir='ltr' id='par_1_11' title="bbox 807 1857 1033 1890">
     <span class='ocr_line' id='line_1_27' title="bbox 807 1857 1033 1890; baseline 0.013 -3"><span class='ocrx_word' id='word_1_147' title='bbox 807 1857 1033 1890; x_wconf 73' lang='lat' dir='ltr'>BtNTLtms.</span> 
     </span>
    </p>
   </div>
   <div class='ocr_carea' id='block_1_10' title="bbox 300 1939 1035 2964">
    <p class='ocr_par' dir='ltr' id='par_1_12' title="bbox 300 1939 1035 2964">
     <span class='ocr_line' id='line_1_28' title="bbox 302 1939 1034 1987; baseline 0.008 -16"><span class='ocrx_word' id='word_1_148' title='bbox 302 1939 456 1973; x_wconf 89' lang='lat' dir='ltr'>Talemne</span> <span class='ocrx_word' id='word_1_149' title='bbox 468 1952 536 1973; x_wconf 85' lang='lat' dir='ltr'>rem</span> <span class='ocrx_word' id='word_1_150' title='bbox 546 1949 611 1974; x_wconf 86' lang='lat' dir='ltr'>tam</span> <span class='ocrx_word' id='word_1_151' title='bbox 620 1944 842 1984; x_wconf 79' lang='lat' dir='ltr'>perfunctorie,</span> <span class='ocrx_word' id='word_1_152' title='bbox 853 1951 918 1976; x_wconf 79' lang='lat' dir='ltr'>tam</span> <span class='ocrx_word' id='word_1_153' title='bbox 932 1946 1034 1987; x_wconf 81' lang='lat' dir='ltr'>negli-</span> 
     </span>
     <span class='ocr_line' id='line_1_29' title="bbox 300 1994 1035 2037; baseline 0.01 -15"><span class='ocrx_word' id='word_1_154' title='bbox 300 1999 420 2033; x_wconf 82' lang='lat' dir='ltr'><strong>genter,</strong></span> <span class='ocrx_word' id='word_1_155' title='bbox 437 1994 483 2024; x_wconf 85' lang='lat' dir='ltr'>vir</span> <span class='ocrx_word' id='word_1_156' title='bbox 502 1994 698 2027; x_wconf 83' lang='lat' dir='ltr'>doctissime?</span> <span class='ocrx_word' id='word_1_157' title='bbox 720 1996 794 2027; x_wconf 84' lang='lat' dir='ltr'>Alia</span> <span class='ocrx_word' id='word_1_158' title='bbox 812 1998 956 2037; x_wconf 80' lang='lat' dir='ltr'>exempla</span> <span class='ocrx_word' id='word_1_159' title='bbox 971 2008 1035 2028; x_wconf 90' lang='lat' dir='ltr'>non</span> 
     </span>
     <span class='ocr_line' id='line_1_30' title="bbox 302 2043 1031 2091; baseline 0.011 -18"><span class='ocrx_word' id='word_1_160' title='bbox 302 2043 456 2075; x_wconf 83' lang='lat' dir='ltr'>deteriora</span> <span class='ocrx_word' id='word_1_161' title='bbox 495 2046 733 2086; x_wconf 75' lang='lat' dir='ltr'>suppeditantur</span> <span class='ocrx_word' id='word_1_162' title='bbox 768 2049 875 2080; x_wconf 86' lang='lat' dir='ltr'>lexicis</span> <span class='ocrx_word' id='word_1_163' title='bbox 910 2049 1031 2091; x_wconf 84' lang='lat' dir='ltr'>vulgari</span> 
     </span>
     <span class='ocr_line' id='line_1_31' title="bbox 301 2097 1032 2140; baseline 0.011 -15"><span class='ocrx_word' id='word_1_164' title='bbox 301 2106 398 2126; x_wconf 87' lang='lat' dir='ltr'>manu</span> <span class='ocrx_word' id='word_1_165' title='bbox 415 2097 548 2128; x_wconf 69' lang='lat' dir='ltr'>versatis,</span> <span class='ocrx_word' id='word_1_166' title='bbox 592 2098 729 2138; x_wconf 85' lang='lat' dir='ltr'>Nempe,</span> <span class='ocrx_word' id='word_1_167' title='bbox 740 2111 859 2140; x_wconf 83' lang='lat' dir='ltr'>pessum</span> <span class='ocrx_word' id='word_1_168' title='bbox 877 2103 1032 2132; x_wconf 80' lang='lat' dir='ltr'>subsedere</span> 
     </span>
     <span class='ocr_line' id='line_1_32' title="bbox 301 2150 1030 2184; baseline 0.01 -7"><span class='ocrx_word' id='word_1_169' title='bbox 301 2154 391 2178; x_wconf 85' lang='lat' dir='ltr'>sonat</span> <span class='ocrx_word' id='word_1_170' title='bbox 414 2150 447 2179; x_wconf 69' lang='grc' dir='ltr'>ὑπ</span> <span class='ocrx_word' id='word_1_171' title='bbox 469 2150 649 2180; x_wconf 80' lang='lat' dir='ltr'>barathrum</span> <span class='ocrx_word' id='word_1_172' title='bbox 672 2162 779 2182; x_wconf 82' lang='lat' dir='ltr'>mersoe</span> <span class='ocrx_word' id='word_1_173' title='bbox 799 2158 879 2183; x_wconf 76' lang='lat' dir='ltr'>sunt.</span> <span class='ocrx_word' id='word_1_174' title='bbox 924 2153 1030 2184; x_wconf 90' lang='lat' dir='ltr'>Philo·</span> 
     </span>
     <span class='ocr_line' id='line_1_33' title="bbox 302 2198 1030 2243; baseline 0.011 -16"><span class='ocrx_word' id='word_1_175' title='bbox 302 2199 375 2228; x_wconf 83' lang='lat' dir='ltr'>xeni</span> <span class='ocrx_word' id='word_1_176' title='bbox 389 2198 589 2239; x_wconf 82' lang='lat' dir='ltr'>glossarium:</span> <span class='ocrx_word' id='word_1_177' title='bbox 617 2204 640 2220; x_wconf 91' lang='lat'>“</span> <span class='ocrx_word' id='word_1_178' title='bbox 658 2204 752 2240; x_wconf 72' lang='grc' dir='ltr'><strong><em>Βυθος,</em></strong></span> <span class='ocrx_word' id='word_1_179' title='bbox 773 2203 884 2240; x_wconf 86' lang='lat' dir='ltr'>altum,</span> <span class='ocrx_word' id='word_1_180' title='bbox 901 2204 1030 2243; x_wconf 85' lang='lat' dir='ltr'>profun-</span> 
     </span>
     <span class='ocr_line' id='line_1_34' title="bbox 303 2249 1032 2294; baseline 0.01 -15"><span class='ocrx_word' id='word_1_181' title='bbox 303 2251 326 2267; x_wconf 89' lang='lat'><strong>“</strong></span> <span class='ocrx_word' id='word_1_182' title='bbox 343 2249 430 2286; x_wconf 87' lang='lat' dir='ltr'>dum,</span> <span class='ocrx_word' id='word_1_183' title='bbox 470 2261 596 2292; x_wconf 81' lang='lat' dir='ltr'>gurges,</span> <span class='ocrx_word' id='word_1_184' title='bbox 622 2263 742 2292; x_wconf 82' lang='lat' dir='ltr'>pessum</span> <span class='ocrx_word' id='word_1_185' title='bbox 752 2253 786 2284; x_wconf 87' lang='lat'><strong>.·&#39;&#39;</strong></span> <span class='ocrx_word' id='word_1_186' title='bbox 824 2260 856 2284; x_wconf 90' lang='lat' dir='ltr'>et</span> <span class='ocrx_word' id='word_1_187' title='bbox 885 2254 1032 2294; x_wconf 82' lang='lat' dir='ltr'>vicissim,</span> 
     </span>
     <span class='ocr_line' id='line_1_35' title="bbox 302 2301 1030 2346; baseline 0.01 -16"><span class='ocrx_word' id='word_1_188' title='bbox 302 2302 326 2318; x_wconf 80' lang='lat'>‘⁸</span> <span class='ocrx_word' id='word_1_189' title='bbox 340 2301 476 2337; x_wconf 82' lang='lat' dir='ltr'>Pessum,</span> <span class='ocrx_word' id='word_1_190' title='bbox 490 2305 571 2338; x_wconf 70' lang='grc' dir='ltr'><strong><em>βυέος</em></strong></span> <span class='ocrx_word' id='word_1_191' title='bbox 588 2316 639 2334; x_wconf 77' lang='lat' dir='ltr'>nou</span> <span class='ocrx_word' id='word_1_192' title='bbox 654 2304 780 2346; x_wconf 57' lang='lat' dir='ltr'>ssobpnl’</span> <span class='ocrx_word' id='word_1_193' title='bbox 805 2307 931 2336; x_wconf 84' lang='lat' dir='ltr'>Pessum</span> <span class='ocrx_word' id='word_1_194' title='bbox 947 2315 1030 2342; x_wconf 86' lang='lat' dir='ltr'>vero,</span> 
     </span>
     <span class='ocr_line' id='line_1_36' title="bbox 302 2352 1030 2394; baseline 0.01 -13"><span class='ocrx_word' id='word_1_195' title='bbox 302 2352 391 2391; x_wconf 79' lang='lat' dir='ltr'>quasi</span> <span class='ocrx_word' id='word_1_196' title='bbox 412 2363 467 2391; x_wconf 83' lang='lat' dir='ltr'>pes</span> <span class='ocrx_word' id='word_1_197' title='bbox 491 2354 558 2391; x_wconf 82' lang='lat' dir='ltr'>sub,</span> <span class='ocrx_word' id='word_1_198' title='bbox 580 2352 614 2384; x_wconf 87' lang='lat' dir='ltr'>ni</span> <span class='ocrx_word' id='word_1_199' title='bbox 637 2353 794 2394; x_wconf 85' lang='lat' dir='ltr'>fallimur;</span> <span class='ocrx_word' id='word_1_200' title='bbox 817 2356 928 2387; x_wconf 88' lang='lat' dir='ltr'>eodem</span> <span class='ocrx_word' id='word_1_201' title='bbox 943 2358 1030 2388; x_wconf 84' lang='lat' dir='ltr'>sche-</span> 
     </span>
     <span class='ocr_line' id='line_1_37' title="bbox 302 2406 1033 2444; baseline 0.011 -13"><span class='ocrx_word' id='word_1_202' title='bbox 302 2408 397 2438; x_wconf 87' lang='lat' dir='ltr'>mate,</span> <span class='ocrx_word' id='word_1_203' title='bbox 424 2413 488 2444; x_wconf 92' lang='lat' dir='ltr'>quo</span> <span class='ocrx_word' id='word_1_204' title='bbox 502 2414 633 2440; x_wconf 83' lang='lat' dir='ltr'>sursum,</span> <span class='ocrx_word' id='word_1_205' title='bbox 659 2406 810 2443; x_wconf 84' lang='lat' dir='ltr'>deorsum,</span> <span class='ocrx_word' id='word_1_206' title='bbox 832 2417 869 2438; x_wconf 79' lang='lat' dir='ltr'>ac</span> <span class='ocrx_word' id='word_1_207' title='bbox 890 2407 1033 2439; x_wconf 89' lang='lat' dir='ltr'>similiter</span> 
     </span>
     <span class='ocr_line' id='line_1_38' title="bbox 303 2453 1031 2498; baseline 0.011 -16"><span class='ocrx_word' id='word_1_208' title='bbox 303 2453 470 2484; x_wconf 82' lang='lat' dir='ltr'>terminata</span> <span class='ocrx_word' id='word_1_209' title='bbox 495 2455 657 2495; x_wconf 79' lang='lat' dir='ltr'>quaedam:</span> <span class='ocrx_word' id='word_1_210' title='bbox 682 2466 787 2497; x_wconf 82' lang='lat' dir='ltr'>neque</span> <span class='ocrx_word' id='word_1_211' title='bbox 807 2457 935 2489; x_wconf 74' lang='lat' dir='ltr'>audiam</span> <span class='ocrx_word' id='word_1_212' title='bbox 960 2469 1031 2498; x_wconf 88' lang='lat' dir='ltr'>pro-</span> 
     </span>
     <span class='ocr_line' id='line_1_39' title="bbox 304 2503 1031 2550; baseline 0.011 -17"><span class='ocrx_word' id='word_1_213' title='bbox 304 2503 384 2534; x_wconf 79' lang='lat' dir='ltr'>fecto</span> <span class='ocrx_word' id='word_1_214' title='bbox 401 2505 545 2535; x_wconf 88' lang='lat' dir='ltr'>Cortium</span> <span class='ocrx_word' id='word_1_215' title='bbox 561 2506 601 2537; x_wconf 87' lang='lat' dir='ltr'>ad</span> <span class='ocrx_word' id='word_1_216' title='bbox 626 2507 763 2538; x_wconf 87' lang='lat' dir='ltr'>Sallustii</span> <span class='ocrx_word' id='word_1_217' title='bbox 789 2509 939 2550; x_wconf 82' lang='lat' dir='ltr'>Jugurth.</span> <span class='ocrx_word' id='word_1_218' title='bbox 966 2511 987 2541; x_wconf 91' lang='lat' dir='ltr'>i.</span> <span class='ocrx_word' id='word_1_219' title='bbox 1003 2515 1031 2541; x_wconf 85' lang='lat'>4.</span> 
     </span>
     <span class='ocr_line' id='line_1_40' title="bbox 303 2555 1033 2600; baseline 0.012 -16"><span class='ocrx_word' id='word_1_220' title='bbox 303 2564 398 2594; x_wconf 89' lang='lat' dir='ltr'>quem</span> <span class='ocrx_word' id='word_1_221' title='bbox 414 2555 518 2587; x_wconf 89' lang='lat' dir='ltr'>locum</span> <span class='ocrx_word' id='word_1_222' title='bbox 535 2557 578 2587; x_wconf 87' lang='lat' dir='ltr'>ita</span> <span class='ocrx_word' id='word_1_223' title='bbox 596 2557 885 2600; x_wconf 85' lang='lat' dir='ltr'>interpungendum</span> <span class='ocrx_word' id='word_1_224' title='bbox 907 2567 938 2592; x_wconf 88' lang='lat' dir='ltr'>et</span> <span class='ocrx_word' id='word_1_225' title='bbox 959 2562 1033 2593; x_wconf 88' lang='lat' dir='ltr'>hinc</span> 
     </span>
     <span class='ocr_line' id='line_1_41' title="bbox 302 2605 1033 2653; baseline 0.014 -19"><span class='ocrx_word' id='word_1_226' title='bbox 302 2605 524 2644; x_wconf 88' lang='lat' dir='ltr'>explicandum</span> <span class='ocrx_word' id='word_1_227' title='bbox 550 2614 638 2648; x_wconf 89' lang='lat' dir='ltr'>puto:</span> <span class='ocrx_word' id='word_1_228' title='bbox 673 2613 696 2628; x_wconf 88' lang='lat'><strong>“</strong></span> <span class='ocrx_word' id='word_1_229' title='bbox 714 2610 781 2647; x_wconf 87' lang='lat' dir='ltr'>Sin,</span> <span class='ocrx_word' id='word_1_230' title='bbox 803 2618 911 2652; x_wconf 85' lang='lat' dir='ltr'>captus</span> <span class='ocrx_word' id='word_1_231' title='bbox 931 2613 1033 2653; x_wconf 86' lang='lat' dir='ltr'>pravis</span> 
     </span>
     <span class='ocr_line' id='line_1_42' title="bbox 305 2657 1032 2704; baseline 0.015 -19"><span class='ocrx_word' id='word_1_232' title='bbox 305 2659 327 2674; x_wconf 73' lang='lat'>‘⁴</span> <span class='ocrx_word' id='word_1_233' title='bbox 344 2657 543 2695; x_wconf 87' lang='lat' dir='ltr'>cupidinibus</span> <span class='ocrx_word' id='word_1_234' title='bbox 567 2659 608 2690; x_wconf 85' lang='lat' dir='ltr'>ad</span> <span class='ocrx_word' id='word_1_235' title='bbox 631 2660 777 2692; x_wconf 85' lang='lat' dir='ltr'>inertiam</span> <span class='ocrx_word' id='word_1_236' title='bbox 800 2669 832 2693; x_wconf 89' lang='lat' dir='ltr'>et</span> <span class='ocrx_word' id='word_1_237' title='bbox 861 2663 1032 2704; x_wconf 84' lang='lat' dir='ltr'>voluptates</span> 
     </span>
     <span class='ocr_line' id='line_1_43' title="bbox 303 2708 1028 2748; baseline 0.012 -12"><span class='ocrx_word' id='word_1_238' title='bbox 303 2710 326 2724; x_wconf 92' lang='lat'><strong>“</strong></span> <span class='ocrx_word' id='word_1_239' title='bbox 342 2708 488 2747; x_wconf 80' lang='lat' dir='ltr'>corporis,</span> <span class='ocrx_word' id='word_1_240' title='bbox 508 2720 630 2748; x_wconf 79' lang='lat' dir='ltr'>pessum</span> <span class='ocrx_word' id='word_1_241' title='bbox 652 2710 745 2742; x_wconf 88' lang='lat' dir='ltr'>datus</span> <span class='ocrx_word' id='word_1_242' title='bbox 758 2713 881 2744; x_wconf 84' lang='lat' dir='ltr'>est—:&#39;&#39;</span> <span class='ocrx_word' id='word_1_243' title='bbox 904 2715 924 2745; x_wconf 89' lang='lat' dir='ltr'>i.</span> <span class='ocrx_word' id='word_1_244' title='bbox 940 2725 966 2745; x_wconf 85' lang='lat' dir='ltr'>e.</span> <span class='ocrx_word' id='word_1_245' title='bbox 989 2715 1028 2744; x_wconf 89' lang='lat' dir='ltr'>ir-</span> 
     </span>
     <span class='ocr_line' id='line_1_44' title="bbox 303 2758 1031 2800; baseline 0.016 -13"><span class='ocrx_word' id='word_1_246' title='bbox 303 2758 411 2789; x_wconf 72' lang='lat' dir='ltr'>retitus</span> <span class='ocrx_word' id='word_1_247' title='bbox 433 2761 632 2800; x_wconf 88' lang='lat' dir='ltr'>cupidinibus</span> <span class='ocrx_word' id='word_1_248' title='bbox 648 2763 688 2794; x_wconf 79' lang='lat' dir='ltr'>ad</span> <span class='ocrx_word' id='word_1_249' title='bbox 710 2765 830 2796; x_wconf 79' lang='lat' dir='ltr'>inertiae</span> <span class='ocrx_word' id='word_1_250' title='bbox 852 2767 1031 2798; x_wconf 81' lang='lat' dir='ltr'>servitutem</span> 
     </span>
     <span class='ocr_line' id='line_1_45' title="bbox 303 2810 1029 2856; baseline 0.019 -19"><span class='ocrx_word' id='word_1_251' title='bbox 303 2816 334 2838; x_wconf 81' lang='lat' dir='ltr'>et</span> <span class='ocrx_word' id='word_1_252' title='bbox 349 2810 531 2850; x_wconf 81' lang='lat' dir='ltr'>voluptatis3</span> <span class='ocrx_word' id='word_1_253' title='bbox 547 2819 583 2844; x_wconf 88' lang='lat' dir='ltr'>ut</span> <span class='ocrx_word' id='word_1_254' title='bbox 598 2815 639 2845; x_wconf 92' lang='lat' dir='ltr'>D.</span> <span class='ocrx_word' id='word_1_255' title='bbox 656 2815 790 2856; x_wconf 85' lang='lat' dir='ltr'>Paulus,</span> <span class='ocrx_word' id='word_1_256' title='bbox 807 2822 827 2848; x_wconf 78' lang='lat'>2</span> <span class='ocrx_word' id='word_1_257' title='bbox 840 2818 922 2849; x_wconf 91' lang='lat' dir='ltr'>Tim.</span> <span class='ocrx_word' id='word_1_258' title='bbox 935 2819 966 2850; x_wconf 90' lang='lat' dir='ltr'>ii.</span> <span class='ocrx_word' id='word_1_259' title='bbox 980 2823 1029 2851; x_wconf 75' lang='lat'>26.</span> 
     </span>
     <span class='ocr_line' id='line_1_46' title="bbox 303 2865 1030 2911; baseline 0.015 -18"><span class='ocrx_word' id='word_1_260' title='bbox 303 2865 485 2906; x_wconf 70' lang='grc' dir='ltr'><em>εζωγρημενω</em></span> <span class='ocrx_word' id='word_1_261' title='bbox 502 2880 535 2901; x_wconf 81' lang='grc' dir='ltr'>εις</span> <span class='ocrx_word' id='word_1_262' title='bbox 552 2882 586 2899; x_wconf 70' lang='grc' dir='ltr'>το</span> <span class='ocrx_word' id='word_1_263' title='bbox 602 2882 689 2901; x_wconf 66' lang='lat' dir='ltr'>eum</span> <span class='ocrx_word' id='word_1_264' title='bbox 707 2872 840 2911; x_wconf 66' lang='grc' dir='ltr'>θελπμα.</span> <span class='ocrx_word' id='word_1_265' title='bbox 885 2872 940 2903; x_wconf 83' lang='lat' dir='ltr'>Ad</span> <span class='ocrx_word' id='word_1_266' title='bbox 963 2883 1030 2903; x_wconf 86' lang='lat' dir='ltr'>rem</span> 
     </span>
     <span class='ocr_line' id='line_1_47' title="bbox 304 2915 1029 2964; baseline 0.017 -19"><span class='ocrx_word' id='word_1_267' title='bbox 304 2915 506 2956; x_wconf 78' lang='lat' dir='ltr'>Prudentius,</span> <span class='ocrx_word' id='word_1_268' title='bbox 529 2921 615 2958; x_wconf 78' lang='lat' dir='ltr'>praef.</span> <span class='ocrx_word' id='word_1_269' title='bbox 639 2921 692 2953; x_wconf 89' lang='lat' dir='ltr'>lib.</span> <span class='ocrx_word' id='word_1_270' title='bbox 708 2923 739 2953; x_wconf 89' lang='lat' dir='ltr'>ii.</span> <span class='ocrx_word' id='word_1_271' title='bbox 763 2929 844 2955; x_wconf 89' lang='lat' dir='ltr'>cont.</span> <span class='ocrx_word' id='word_1_272' title='bbox 862 2924 945 2964; x_wconf 84' lang='lat' dir='ltr'>Sym.</span> <span class='ocrx_word' id='word_1_273' title='bbox 969 2935 1029 2956; x_wconf 91' lang='lat' dir='ltr'>ver.</span> 
     </span>
    </p>
   </div>
   <div class='ocr_carea' id='block_1_11' title="bbox 1073 910 1803 1000">
    <p class='ocr_par' dir='ltr' id='par_1_13' title="bbox 1073 910 1803 1000">
     <span class='ocr_line' id='line_1_48' title="bbox 1074 910 1803 952; baseline -0.001 -9"><span class='ocrx_word' id='word_1_274' title='bbox 1074 916 1125 945; x_wconf 84' lang='lat'>56.</span> <span class='ocrx_word' id='word_1_275' title='bbox 1147 911 1188 944; x_wconf 66' lang='lat' dir='ltr'>de</span> <span class='ocrx_word' id='word_1_276' title='bbox 1202 914 1293 944; x_wconf 81' lang='lat' dir='ltr'>Petro</span> <span class='ocrx_word' id='word_1_277' title='bbox 1311 912 1594 952; x_wconf 64' lang='grc' dir='ltr'>καταπαντιξσμενῳ,</span> <span class='ocrx_word' id='word_1_278' title='bbox 1618 910 1665 942; x_wconf 83' lang='lat' dir='ltr'>uti</span> <span class='ocrx_word' id='word_1_279' title='bbox 1680 910 1803 942; x_wconf 78' lang='lat' dir='ltr'>locutus</span> 
     </span>
     <span class='ocr_line' id='line_1_49' title="bbox 1073 963 1567 1000; baseline -0.004 -5"><span class='ocrx_word' id='word_1_280' title='bbox 1073 970 1120 995; x_wconf 89' lang='lat' dir='ltr'>est</span> <span class='ocrx_word' id='word_1_281' title='bbox 1136 964 1167 996; x_wconf 81' lang='lat' dir='ltr'>S.</span> <span class='ocrx_word' id='word_1_282' title='bbox 1183 965 1367 1000; x_wconf 80' lang='lat' dir='ltr'>Matthaeus,</span> <span class='ocrx_word' id='word_1_283' title='bbox 1383 963 1424 994; x_wconf 87' lang='lat' dir='ltr'>ad</span> <span class='ocrx_word' id='word_1_284' title='bbox 1440 963 1500 994; x_wconf 81' lang='lat' dir='ltr'>xiv.</span> <span class='ocrx_word' id='word_1_285' title='bbox 1515 967 1567 994; x_wconf 77' lang='lat'>50.</span> 
     </span>
    </p>
   </div>
   <div class='ocr_carea' id='block_1_12' title="bbox 1227 1043 1605 1232">
    <p class='ocr_par' dir='ltr' id='par_1_14' title="bbox 1227 1043 1605 1232">
     <span class='ocr_line' id='line_1_50' title="bbox 1227 1043 1588 1076; baseline -0.003 -8"><span class='ocrx_word' id='word_1_286' title='bbox 1227 1044 1306 1076; x_wconf 76' lang='lat' dir='ltr'>Jussis</span> <span class='ocrx_word' id='word_1_287' title='bbox 1317 1043 1474 1073; x_wconf 83' lang='lat' dir='ltr'>obsequitur</span> <span class='ocrx_word' id='word_1_288' title='bbox 1484 1045 1588 1068; x_wconf 83' lang='lat' dir='ltr'>Petrus:</span> 
     </span>
     <span class='ocr_line' id='line_1_51' title="bbox 1228 1083 1542 1115; baseline -0.006 -6"><span class='ocrx_word' id='word_1_289' title='bbox 1228 1085 1280 1109; x_wconf 84' lang='lat' dir='ltr'>Sed</span> <span class='ocrx_word' id='word_1_290' title='bbox 1292 1084 1404 1115; x_wconf 82' lang='lat' dir='ltr'>vestigia</span> <span class='ocrx_word' id='word_1_291' title='bbox 1415 1083 1542 1108; x_wconf 81' lang='lat' dir='ltr'>fluctibus</span> 
     </span>
     <span class='ocr_line' id='line_1_52' title="bbox 1228 1123 1602 1154; baseline 0.003 -7"><span class='ocrx_word' id='word_1_292' title='bbox 1228 1123 1344 1147; x_wconf 83' lang='lat' dir='ltr'>Summis</span> <span class='ocrx_word' id='word_1_293' title='bbox 1355 1123 1459 1154; x_wconf 85' lang='lat' dir='ltr'>tingere</span> <span class='ocrx_word' id='word_1_294' title='bbox 1469 1126 1602 1154; x_wconf 79' lang='lat' dir='ltr'>coeperat,</span> 
     </span>
     <span class='ocr_line' id='line_1_53' title="bbox 1227 1162 1578 1193; baseline 0.006 -8"><span class='ocrx_word' id='word_1_295' title='bbox 1227 1163 1260 1186; x_wconf 84' lang='lat' dir='ltr'>Et</span> <span class='ocrx_word' id='word_1_296' title='bbox 1272 1162 1392 1193; x_wconf 82' lang='lat' dir='ltr'>lapsante</span> <span class='ocrx_word' id='word_1_297' title='bbox 1402 1162 1487 1193; x_wconf 86' lang='lat' dir='ltr'>gradu</span> <span class='ocrx_word' id='word_1_298' title='bbox 1498 1162 1578 1193; x_wconf 84' lang='lat' dir='ltr'>pedes</span> 
     </span>
     <span class='ocr_line' id='line_1_54' title="bbox 1229 1200 1605 1232; baseline 0 -8"><span class='ocrx_word' id='word_1_299' title='bbox 1229 1202 1333 1224; x_wconf 70' lang='lat' dir='ltr'>Pessum</span> <span class='ocrx_word' id='word_1_300' title='bbox 1344 1207 1466 1232; x_wconf 85' lang='lat' dir='ltr'>mergere</span> <span class='ocrx_word' id='word_1_301' title='bbox 1477 1200 1605 1226; x_wconf 86' lang='lat' dir='ltr'>lubricos:</span> 
     </span>
    </p>
   </div>
   <div class='ocr_carea' id='block_1_13' title="bbox 1073 1270 1805 1423">
    <p class='ocr_par' dir='ltr' id='par_1_15' title="bbox 1073 1270 1805 1423">
     <span class='ocr_line' id='line_1_55' title="bbox 1075 1270 1805 1312; baseline 0.003 -11"><span class='ocrx_word' id='word_1_302' title='bbox 1075 1270 1131 1301; x_wconf 90' lang='lat' dir='ltr'>ubi</span> <span class='ocrx_word' id='word_1_303' title='bbox 1159 1281 1225 1301; x_wconf 88' lang='lat' dir='ltr'>non</span> <span class='ocrx_word' id='word_1_304' title='bbox 1254 1271 1388 1311; x_wconf 84' lang='lat' dir='ltr'>expedio</span> <span class='ocrx_word' id='word_1_305' title='bbox 1408 1272 1629 1312; x_wconf 83' lang='lat' dir='ltr'>grammaticas</span> <span class='ocrx_word' id='word_1_306' title='bbox 1652 1271 1805 1310; x_wconf 85' lang='lat' dir='ltr'>rationes;</span> 
     </span>
     <span class='ocr_line' id='line_1_56' title="bbox 1074 1323 1803 1364; baseline 0.003 -11"><span class='ocrx_word' id='word_1_307' title='bbox 1074 1332 1150 1353; x_wconf 88' lang='lat' dir='ltr'>nam</span> <span class='ocrx_word' id='word_1_308' title='bbox 1164 1334 1296 1363; x_wconf 83' lang='lat' dir='ltr'>mergere</span> <span class='ocrx_word' id='word_1_309' title='bbox 1305 1325 1398 1364; x_wconf 82' lang='lat' dir='ltr'>pedes</span> <span class='ocrx_word' id='word_1_310' title='bbox 1414 1323 1453 1354; x_wconf 89' lang='lat' dir='ltr'>de</span> <span class='ocrx_word' id='word_1_311' title='bbox 1461 1324 1544 1354; x_wconf 89' lang='lat' dir='ltr'>male</span> <span class='ocrx_word' id='word_1_312' title='bbox 1561 1324 1736 1356; x_wconf 80' lang='lat' dir='ltr'>voluntario</span> <span class='ocrx_word' id='word_1_313' title='bbox 1751 1325 1803 1355; x_wconf 82' lang='lat' dir='ltr'>vix</span> 
     </span>
     <span class='ocr_line' id='line_1_57' title="bbox 1073 1374 1629 1423; baseline 0.004 -19"><span class='ocrx_word' id='word_1_314' title='bbox 1073 1380 1155 1405; x_wconf 84' lang='lat' dir='ltr'>recte</span> <span class='ocrx_word' id='word_1_315' title='bbox 1169 1374 1291 1406; x_wconf 67' lang='lat' dir='ltr'>dixeris</span> <span class='ocrx_word' id='word_1_316' title='bbox 1335 1375 1481 1416; x_wconf 84' lang='lat' dir='ltr'>Legerim</span> <span class='ocrx_word' id='word_1_317' title='bbox 1496 1376 1629 1423; x_wconf 35' lang='lat' dir='ltr'>itaquez&#39;</span> 
     </span>
    </p>
   </div>
   <div class='ocr_carea' id='block_1_14' title="bbox 1228 1457 1578 1529">
    <p class='ocr_par' dir='ltr' id='par_1_16' title="bbox 1228 1457 1578 1529">
     <span class='ocr_line' id='line_1_58' title="bbox 1229 1457 1578 1489; baseline 0.003 -8"><span class='ocrx_word' id='word_1_318' title='bbox 1229 1457 1261 1481; x_wconf 85' lang='lat' dir='ltr'>Et</span> <span class='ocrx_word' id='word_1_319' title='bbox 1273 1457 1392 1488; x_wconf 85' lang='lat' dir='ltr'>lapsante</span> <span class='ocrx_word' id='word_1_320' title='bbox 1403 1458 1486 1489; x_wconf 83' lang='lat' dir='ltr'>gradu</span> <span class='ocrx_word' id='word_1_321' title='bbox 1498 1458 1578 1489; x_wconf 86' lang='lat' dir='ltr'>pedes</span> 
     </span>
     <span class='ocr_line' id='line_1_59' title="bbox 1228 1496 1569 1529; baseline 0 -8"><span class='ocrx_word' id='word_1_322' title='bbox 1228 1498 1333 1522; x_wconf 84' lang='lat' dir='ltr'>Pessum</span> <span class='ocrx_word' id='word_1_323' title='bbox 1346 1504 1454 1529; x_wconf 81' lang='lat' dir='ltr'>vergere</span> <span class='ocrx_word' id='word_1_324' title='bbox 1467 1496 1569 1522; x_wconf 77' lang='lat' dir='ltr'>lubrici:</span> 
     </span>
    </p>
   </div>
   <div class='ocr_carea' id='block_1_15' title="bbox 1073 1566 1804 2476">
    <p class='ocr_par' dir='ltr' id='par_1_17' title="bbox 1073 1566 1804 2179">
     <span class='ocr_line' id='line_1_60' title="bbox 1073 1566 1800 1608; baseline 0.006 -11"><span class='ocrx_word' id='word_1_325' title='bbox 1073 1566 1095 1598; x_wconf 85' lang='lat' dir='ltr'>i.</span> <span class='ocrx_word' id='word_1_326' title='bbox 1117 1578 1143 1598; x_wconf 89' lang='lat' dir='ltr'>e.</span> <span class='ocrx_word' id='word_1_327' title='bbox 1167 1570 1189 1586; x_wconf 91' lang='lat'><strong>“</strong></span> <span class='ocrx_word' id='word_1_328' title='bbox 1207 1567 1300 1607; x_wconf 89' lang='lat' dir='ltr'>pedes</span> <span class='ocrx_word' id='word_1_329' title='bbox 1314 1573 1474 1607; x_wconf 83' lang='lat' dir='ltr'>coeperunt</span> <span class='ocrx_word' id='word_1_330' title='bbox 1489 1568 1800 1608; x_wconf 66' lang='grc' dir='ltr'>καταπαντιζεσθαι,·”</span> 
     </span>
     <span class='ocr_line' id='line_1_61' title="bbox 1073 1620 1802 1662; baseline 0.005 -12"><span class='ocrx_word' id='word_1_331' title='bbox 1073 1626 1110 1651; x_wconf 87' lang='lat' dir='ltr'>ut</span> <span class='ocrx_word' id='word_1_332' title='bbox 1121 1620 1288 1651; x_wconf 85' lang='lat' dir='ltr'>Philoxeni</span> <span class='ocrx_word' id='word_1_333' title='bbox 1300 1623 1392 1652; x_wconf 89' lang='lat' dir='ltr'>verbo</span> <span class='ocrx_word' id='word_1_334' title='bbox 1407 1629 1488 1661; x_wconf 85' lang='lat' dir='ltr'>utar,</span> <span class='ocrx_word' id='word_1_335' title='bbox 1501 1622 1543 1653; x_wconf 91' lang='lat' dir='ltr'>sic</span> <span class='ocrx_word' id='word_1_336' title='bbox 1560 1623 1802 1662; x_wconf 84' lang='lat' dir='ltr'>interpretantis:</span> 
     </span>
     <span class='ocr_line' id='line_1_62' title="bbox 1075 1675 1803 1716; baseline 0.003 -12"><span class='ocrx_word' id='word_1_337' title='bbox 1075 1676 1098 1692; x_wconf 85' lang='lat'>“</span> <span class='ocrx_word' id='word_1_338' title='bbox 1115 1675 1299 1712; x_wconf 81' lang='lat' dir='ltr'>Pessundat‚</span> <span class='ocrx_word' id='word_1_339' title='bbox 1313 1676 1423 1715; x_wconf 73' lang='grc' dir='ltr'>βυθιζει,</span> <span class='ocrx_word' id='word_1_340' title='bbox 1440 1675 1679 1716; x_wconf 70' lang='grc' dir='ltr'>καταποντιζει.”</span> <span class='ocrx_word' id='word_1_341' title='bbox 1705 1675 1803 1706; x_wconf 83' lang='lat' dir='ltr'>Vide-</span> 
     </span>
     <span class='ocr_line' id='line_1_63' title="bbox 1074 1725 1804 1768; baseline 0.003 -13"><span class='ocrx_word' id='word_1_342' title='bbox 1074 1735 1107 1756; x_wconf 87' lang='lat' dir='ltr'>as</span> <span class='ocrx_word' id='word_1_343' title='bbox 1121 1725 1216 1756; x_wconf 85' lang='lat' dir='ltr'>etiam</span> <span class='ocrx_word' id='word_1_344' title='bbox 1238 1726 1341 1756; x_wconf 89' lang='lat' dir='ltr'>Plaut.</span> <span class='ocrx_word' id='word_1_345' title='bbox 1370 1726 1498 1757; x_wconf 82' lang='lat' dir='ltr'>Trucul.</span> <span class='ocrx_word' id='word_1_346' title='bbox 1514 1727 1533 1758; x_wconf 91' lang='lat' dir='ltr'>i.</span> <span class='ocrx_word' id='word_1_347' title='bbox 1552 1731 1579 1758; x_wconf 92' lang='lat'>1.</span> <span class='ocrx_word' id='word_1_348' title='bbox 1600 1731 1646 1759; x_wconf 91' lang='lat'>15.</span> <span class='ocrx_word' id='word_1_349' title='bbox 1669 1727 1723 1768; x_wconf 91' lang='lat' dir='ltr'>qui</span> <span class='ocrx_word' id='word_1_350' title='bbox 1739 1738 1804 1758; x_wconf 91' lang='lat' dir='ltr'>non</span> 
     </span>
     <span class='ocr_line' id='line_1_64' title="bbox 1074 1776 1803 1816; baseline 0.004 -10"><span class='ocrx_word' id='word_1_351' title='bbox 1074 1776 1167 1807; x_wconf 85' lang='lat' dir='ltr'>latuit</span> <span class='ocrx_word' id='word_1_352' title='bbox 1189 1787 1346 1816; x_wconf 89' lang='lat' dir='ltr'>nuperum</span> <span class='ocrx_word' id='word_1_353' title='bbox 1363 1777 1528 1808; x_wconf 86' lang='lat' dir='ltr'>Prudentii</span> <span class='ocrx_word' id='word_1_354' title='bbox 1555 1778 1721 1815; x_wconf 82' lang='lat' dir='ltr'>editorem3</span> <span class='ocrx_word' id='word_1_355' title='bbox 1748 1778 1803 1809; x_wconf 85' lang='lat' dir='ltr'>Sil.</span> 
     </span>
     <span class='ocr_line' id='line_1_65' title="bbox 1077 1827 1804 1867; baseline 0 -9"><span class='ocrx_word' id='word_1_356' title='bbox 1077 1827 1118 1858; x_wconf 85' lang='lat' dir='ltr'>It.</span> <span class='ocrx_word' id='word_1_357' title='bbox 1134 1827 1195 1858; x_wconf 90' lang='lat' dir='ltr'>viii.</span> <span class='ocrx_word' id='word_1_358' title='bbox 1212 1831 1283 1858; x_wconf 76' lang='lat'><strong>288.</strong></span> <span class='ocrx_word' id='word_1_359' title='bbox 1307 1827 1461 1867; x_wconf 88' lang='lat' dir='ltr'>Pompon.</span> <span class='ocrx_word' id='word_1_360' title='bbox 1479 1828 1557 1859; x_wconf 86' lang='lat' dir='ltr'>Mel.</span> <span class='ocrx_word' id='word_1_361' title='bbox 1572 1829 1616 1859; x_wconf 87' lang='lat' dir='ltr'>iii.</span> <span class='ocrx_word' id='word_1_362' title='bbox 1633 1833 1661 1860; x_wconf 88' lang='grc'>9.</span> <span class='ocrx_word' id='word_1_363' title='bbox 1673 1831 1722 1859; x_wconf 77' lang='lat'>21.</span> <span class='ocrx_word' id='word_1_364' title='bbox 1747 1828 1804 1858; x_wconf 91' lang='lat' dir='ltr'>Se-</span> 
     </span>
     <span class='ocr_line' id='line_1_66' title="bbox 1076 1879 1804 1920; baseline 0.001 -11"><span class='ocrx_word' id='word_1_365' title='bbox 1076 1889 1143 1909; x_wconf 87' lang='lat' dir='ltr'>nec.</span> <span class='ocrx_word' id='word_1_366' title='bbox 1167 1885 1232 1910; x_wconf 85' lang='lat' dir='ltr'>nat.</span> <span class='ocrx_word' id='word_1_367' title='bbox 1259 1886 1378 1920; x_wconf 85' lang='lat' dir='ltr'>quaestt.</span> <span class='ocrx_word' id='word_1_368' title='bbox 1394 1879 1437 1911; x_wconf 86' lang='lat' dir='ltr'>iii.</span> <span class='ocrx_word' id='word_1_369' title='bbox 1454 1883 1505 1911; x_wconf 73' lang='lat'>25.</span> <span class='ocrx_word' id='word_1_370' title='bbox 1518 1880 1575 1910; x_wconf 87' lang='lat' dir='ltr'>bis.</span> <span class='ocrx_word' id='word_1_371' title='bbox 1599 1879 1700 1910; x_wconf 81' lang='lat' dir='ltr'>Aliud</span> <span class='ocrx_word' id='word_1_372' title='bbox 1713 1880 1804 1912; x_wconf 86' lang='lat' dir='ltr'>Julio</span> 
     </span>
     <span class='ocr_line' id='line_1_67' title="bbox 1080 1930 1803 1972; baseline 0.001 -11"><span class='ocrx_word' id='word_1_373' title='bbox 1080 1930 1273 1971; x_wconf 84' lang='lat' dir='ltr'>Obsequenti</span> <span class='ocrx_word' id='word_1_374' title='bbox 1284 1931 1408 1970; x_wconf 88' lang='lat' dir='ltr'>placuit,</span> <span class='ocrx_word' id='word_1_375' title='bbox 1419 1931 1458 1962; x_wconf 88' lang='lat' dir='ltr'>de</span> <span class='ocrx_word' id='word_1_376' title='bbox 1468 1932 1608 1972; x_wconf 82' lang='lat' dir='ltr'>prodigg.</span> <span class='ocrx_word' id='word_1_377' title='bbox 1617 1942 1681 1970; x_wconf 81' lang='lat' dir='ltr'>cap.</span> <span class='ocrx_word' id='word_1_378' title='bbox 1691 1931 1803 1964; x_wconf 80' lang='lat' dir='ltr'>lxxxvi.</span> 
     </span>
     <span class='ocr_line' id='line_1_68' title="bbox 1080 1982 1802 2023; baseline 0.001 -11"><span class='ocrx_word' id='word_1_379' title='bbox 1080 1985 1102 2001; x_wconf 92' lang='lat'><strong>“</strong></span> <span class='ocrx_word' id='word_1_380' title='bbox 1118 1982 1220 2012; x_wconf 89' lang='lat' dir='ltr'>Lunae</span> <span class='ocrx_word' id='word_1_381' title='bbox 1235 1989 1316 2013; x_wconf 83' lang='lat' dir='ltr'>terra</span> <span class='ocrx_word' id='word_1_382' title='bbox 1331 1988 1465 2022; x_wconf 89' lang='lat' dir='ltr'>quatuor</span> <span class='ocrx_word' id='word_1_383' title='bbox 1483 1983 1632 2023; x_wconf 80' lang='lat' dir='ltr'>jugerum</span> <span class='ocrx_word' id='word_1_384' title='bbox 1647 1983 1747 2022; x_wconf 86' lang='lat' dir='ltr'>spatio</span> <span class='ocrx_word' id='word_1_385' title='bbox 1768 1984 1802 2014; x_wconf 79' lang='lat' dir='ltr'>ia</span> 
     </span>
     <span class='ocr_line' id='line_1_69' title="bbox 1080 2036 1800 2077; baseline 0.001 -11"><span class='ocrx_word' id='word_1_386' title='bbox 1080 2036 1302 2077; x_wconf 64' lang='lat' dir='ltr'>“profundum</span> <span class='ocrx_word' id='word_1_387' title='bbox 1317 2036 1425 2067; x_wconf 77' lang='lat' dir='ltr'>abiit.”</span> <span class='ocrx_word' id='word_1_388' title='bbox 1473 2037 1533 2067; x_wconf 86' lang='lat' dir='ltr'>Sed</span> <span class='ocrx_word' id='word_1_389' title='bbox 1554 2047 1685 2068; x_wconf 88' lang='lat' dir='ltr'>manum</span> <span class='ocrx_word' id='word_1_390' title='bbox 1700 2037 1740 2067; x_wconf 90' lang='lat' dir='ltr'>de</span> <span class='ocrx_word' id='word_1_391' title='bbox 1754 2043 1800 2067; x_wconf 84' lang='lat' dir='ltr'>ta-</span> 
     </span>
     <span class='ocr_line' id='line_1_70' title="bbox 1074 2087 1800 2129; baseline 0 -12"><span class='ocrx_word' id='word_1_392' title='bbox 1074 2087 1165 2125; x_wconf 39' lang='lat' dir='ltr'>bula&amp;</span> <span class='ocrx_word' id='word_1_393' title='bbox 1180 2097 1220 2118; x_wconf 88' lang='lat' dir='ltr'>ne</span> <span class='ocrx_word' id='word_1_394' title='bbox 1230 2087 1372 2124; x_wconf 85' lang='lat' dir='ltr'>velimus,</span> <span class='ocrx_word' id='word_1_395' title='bbox 1383 2098 1453 2129; x_wconf 87' lang='lat' dir='ltr'>quae</span> <span class='ocrx_word' id='word_1_396' title='bbox 1462 2093 1538 2118; x_wconf 88' lang='lat' dir='ltr'>sunt</span> <span class='ocrx_word' id='word_1_397' title='bbox 1549 2087 1800 2123; x_wconf 85' lang='lat' dir='ltr'>innumerabilia,</span> 
     </span>
     <span class='ocr_line' id='line_1_71' title="bbox 1075 2139 1225 2179; baseline 0 -11"><span class='ocrx_word' id='word_1_398' title='bbox 1075 2139 1225 2179; x_wconf 75' lang='lat' dir='ltr'>persequi.</span> 
     </span>
    </p>

    <p class='ocr_par' dir='ltr' id='par_1_18' title="bbox 1075 2188 1802 2273">
     <span class='ocr_line' id='line_1_72' title="bbox 1117 2188 1802 2220; baseline 0.003 -2"><span class='ocrx_word' id='word_1_399' title='bbox 1117 2188 1192 2219; x_wconf 87' lang='lat' dir='ltr'>Ver.</span> <span class='ocrx_word' id='word_1_400' title='bbox 1222 2191 1294 2220; x_wconf 82' lang='lat'><strong>589.</strong></span> <span class='ocrx_word' id='word_1_401' title='bbox 1327 2190 1504 2220; x_wconf 75' lang='lat' dir='ltr'>Subsederc:</span> <span class='ocrx_word' id='word_1_402' title='bbox 1531 2189 1568 2220; x_wconf 87' lang='lat' dir='ltr'>P.</span> <span class='ocrx_word' id='word_1_403' title='bbox 1591 2190 1802 2220; x_wconf 82' lang='lat' dir='ltr'>Subsidere.-</span> 
     </span>
     <span class='ocr_line' id='line_1_73' title="bbox 1075 2241 1521 2273; baseline 0.002 -2"><span class='ocrx_word' id='word_1_404' title='bbox 1075 2241 1206 2271; x_wconf 81' lang='lat' dir='ltr'>civibus:</span> <span class='ocrx_word' id='word_1_405' title='bbox 1232 2241 1274 2271; x_wconf 93' lang='lat' dir='ltr'>V.</span> <span class='ocrx_word' id='word_1_406' title='bbox 1290 2241 1337 2272; x_wconf 87' lang='lat' dir='ltr'>ed.</span> <span class='ocrx_word' id='word_1_407' title='bbox 1352 2242 1466 2273; x_wconf 84' lang='lat' dir='ltr'>civibus</span> <span class='ocrx_word' id='word_1_408' title='bbox 1481 2247 1521 2272; x_wconf 78' lang='lat' dir='ltr'>et.</span> 
     </span>
    </p>

    <p class='ocr_par' dir='ltr' id='par_1_19' title="bbox 1074 2290 1804 2476">
     <span class='ocr_line' id='line_1_74' title="bbox 1120 2290 1800 2332; baseline 0.001 -11"><span class='ocrx_word' id='word_1_409' title='bbox 1120 2290 1200 2322; x_wconf 86' lang='lat' dir='ltr'>Ibid.</span> <span class='ocrx_word' id='word_1_410' title='bbox 1223 2293 1383 2323; x_wconf 80' lang='lat' dir='ltr'>Subsedere</span> <span class='ocrx_word' id='word_1_411' title='bbox 1403 2303 1523 2332; x_wconf 83' lang='lat' dir='ltr'>pessum</span> <span class='ocrx_word' id='word_1_412' title='bbox 1539 2293 1636 2323; x_wconf 83' lang='lat' dir='ltr'>urbes.</span> <span class='ocrx_word' id='word_1_413' title='bbox 1681 2291 1712 2323; x_wconf 89' lang='lat' dir='ltr'>J.</span> <span class='ocrx_word' id='word_1_414' title='bbox 1734 2291 1800 2322; x_wconf 87' lang='lat' dir='ltr'>Ob-</span> 
     </span>
     <span class='ocr_line' id='line_1_75' title="bbox 1074 2341 1804 2383; baseline 0.001 -11"><span class='ocrx_word' id='word_1_415' title='bbox 1074 2351 1217 2382; x_wconf 83' lang='lat' dir='ltr'>sequens,</span> <span class='ocrx_word' id='word_1_416' title='bbox 1239 2341 1278 2372; x_wconf 90' lang='lat' dir='ltr'>de</span> <span class='ocrx_word' id='word_1_417' title='bbox 1292 2342 1433 2383; x_wconf 86' lang='lat' dir='ltr'>prodigg.</span> <span class='ocrx_word' id='word_1_418' title='bbox 1456 2353 1522 2382; x_wconf 87' lang='lat' dir='ltr'>cap.</span> <span class='ocrx_word' id='word_1_419' title='bbox 1540 2353 1587 2374; x_wconf 82' lang='lat' dir='ltr'>cx.</span> <span class='ocrx_word' id='word_1_420' title='bbox 1633 2345 1656 2361; x_wconf 86' lang='lat'><strong>“</strong></span> <span class='ocrx_word' id='word_1_421' title='bbox 1670 2342 1804 2373; x_wconf 79' lang='lat' dir='ltr'>Venafri</span> 
     </span>
     <span class='ocr_line' id='line_1_76' title="bbox 1075 2392 1803 2433; baseline 0.001 -10"><span class='ocrx_word' id='word_1_422' title='bbox 1075 2396 1101 2411; x_wconf 87' lang='lat'>“</span> <span class='ocrx_word' id='word_1_423' title='bbox 1114 2393 1202 2424; x_wconf 84' lang='lat' dir='ltr'>hiatu</span> <span class='ocrx_word' id='word_1_424' title='bbox 1216 2399 1297 2424; x_wconf 85' lang='lat' dir='ltr'>terra</span> <span class='ocrx_word' id='word_1_425' title='bbox 1311 2395 1372 2426; x_wconf 72' lang='lat' dir='ltr'>alte</span> <span class='ocrx_word' id='word_1_426' title='bbox 1393 2394 1555 2426; x_wconf 77' lang='lat' dir='ltr'>subsedit.&#39;&#39;</span> <span class='ocrx_word' id='word_1_427' title='bbox 1601 2393 1760 2433; x_wconf 86' lang='lat' dir='ltr'>Lucanus,</span> <span class='ocrx_word' id='word_1_428' title='bbox 1782 2392 1803 2424; x_wconf 82' lang='lat' dir='ltr'>i.</span> 
     </span>
     <span class='ocr_line' id='line_1_77' title="bbox 1075 2448 1150 2476; baseline 0 -1"><span class='ocrx_word' id='word_1_429' title='bbox 1075 2448 1150 2476; x_wconf 84' lang='lat'><em>646.</em></span> 
     </span>
    </p>
   </div>
   <div class='ocr_carea' id='block_1_16' title="bbox 1106 2530 1701 2599">
    <p class='ocr_par' dir='ltr' id='par_1_20' title="bbox 1106 2530 1701 2599">
     <span class='ocr_line' id='line_1_78' title="bbox 1424 2530 1701 2560; baseline -0.004 -5"><span class='ocrx_word' id='word_1_430' title='bbox 1424 2533 1541 2556; x_wconf 80' lang='lat' dir='ltr'>terraene</span> <span class='ocrx_word' id='word_1_431' title='bbox 1551 2530 1701 2560; x_wconf 83' lang='lat' dir='ltr'>dehiscent,</span> 
     </span>
     <span class='ocr_line' id='line_1_79' title="bbox 1106 2567 1389 2599; baseline 0.004 -7"><span class='ocrx_word' id='word_1_432' title='bbox 1106 2567 1293 2599; x_wconf 76' lang='lat' dir='ltr'>Subsidentque</span> <span class='ocrx_word' id='word_1_433' title='bbox 1304 2569 1389 2594; x_wconf 78' lang='lat' dir='ltr'>urbes?</span> 
     </span>
    </p>
   </div>
   <div class='ocr_carea' id='block_1_17' title="bbox 1075 2637 1800 2721">
    <p class='ocr_par' dir='ltr' id='par_1_21' title="bbox 1075 2637 1800 2721">
     <span class='ocr_line' id='line_1_80' title="bbox 1076 2637 1800 2680; baseline 0.003 -12"><span class='ocrx_word' id='word_1_434' title='bbox 1076 2637 1128 2669; x_wconf 91' lang='lat' dir='ltr'>Sic</span> <span class='ocrx_word' id='word_1_435' title='bbox 1143 2638 1205 2670; x_wconf 78' lang='lat' dir='ltr'>alii,</span> <span class='ocrx_word' id='word_1_436' title='bbox 1244 2640 1450 2680; x_wconf 85' lang='lat' dir='ltr'>Opportunus</span> <span class='ocrx_word' id='word_1_437' title='bbox 1464 2639 1558 2671; x_wconf 87' lang='lat' dir='ltr'>etiam</span> <span class='ocrx_word' id='word_1_438' title='bbox 1573 2641 1598 2672; x_wconf 86' lang='lat' dir='ltr'><strong>J</strong></span> <span class='ocrx_word' id='word_1_439' title='bbox 1598 2639 1745 2676; x_wconf 84' lang='lat' dir='ltr'>uvenalis,</span> <span class='ocrx_word' id='word_1_440' title='bbox 1760 2640 1800 2670; x_wconf 78' lang='lat' dir='ltr'>vi.</span> 
     </span>
     <span class='ocr_line' id='line_1_81' title="bbox 1075 2692 1147 2721; baseline 0 -1"><span class='ocrx_word' id='word_1_441' title='bbox 1075 2692 1147 2721; x_wconf 83' lang='lat'>409.</span> 
     </span>
    </p>
   </div>
   <div class='ocr_carea' id='block_1_18' title="bbox 1455 2768 1658 2803">
    <p class='ocr_par' dir='ltr' id='par_1_22' title="bbox 1455 2768 1658 2803">
     <span class='ocr_line' id='line_1_82' title="bbox 1455 2768 1658 2803; baseline -0.005 -7"><span class='ocrx_word' id='word_1_442' title='bbox 1455 2772 1503 2797; x_wconf 82' lang='lat' dir='ltr'>isse</span> <span class='ocrx_word' id='word_1_443' title='bbox 1514 2768 1658 2803; x_wconf 79' lang='lat' dir='ltr'>Nipharem</span> 
     </span>
    </p>
   </div>
   <div class='ocr_carea' id='block_1_19' title="bbox 1106 2811 1783 2883">
    <p class='ocr_par' dir='ltr' id='par_1_23' title="bbox 1106 2811 1783 2883">
     <span class='ocr_line' id='line_1_83' title="bbox 1106 2811 1783 2845; baseline 0.001 -11"><span class='ocrx_word' id='word_1_444' title='bbox 1106 2811 1136 2835; x_wconf 85' lang='lat' dir='ltr'>In</span> <span class='ocrx_word' id='word_1_445' title='bbox 1150 2812 1272 2844; x_wconf 80' lang='lat' dir='ltr'>populos,</span> <span class='ocrx_word' id='word_1_446' title='bbox 1284 2819 1439 2845; x_wconf 84' lang='lat' dir='ltr'>magnoque</span> <span class='ocrx_word' id='word_1_447' title='bbox 1449 2812 1502 2836; x_wconf 81' lang='lat' dir='ltr'>illic</span> <span class='ocrx_word' id='word_1_448' title='bbox 1512 2815 1611 2836; x_wconf 87' lang='lat' dir='ltr'>cuncta</span> <span class='ocrx_word' id='word_1_449' title='bbox 1623 2817 1689 2836; x_wconf 83' lang='lat' dir='ltr'>arva</span> <span class='ocrx_word' id='word_1_450' title='bbox 1695 2811 1783 2837; x_wconf 80' lang='lat' dir='ltr'>teneri</span> 
     </span>
     <span class='ocr_line' id='line_1_84' title="bbox 1106 2851 1696 2883; baseline 0.003 -9"><span class='ocrx_word' id='word_1_451' title='bbox 1106 2851 1229 2883; x_wconf 85' lang='lat' dir='ltr'>Diluvio;</span> <span class='ocrx_word' id='word_1_452' title='bbox 1245 2856 1337 2878; x_wconf 82' lang='lat' dir='ltr'>nutare</span> <span class='ocrx_word' id='word_1_453' title='bbox 1348 2852 1429 2882; x_wconf 78' lang='lat' dir='ltr'>urbes,</span> <span class='ocrx_word' id='word_1_454' title='bbox 1440 2851 1564 2876; x_wconf 75' lang='lat' dir='ltr'>mbsidere</span> <span class='ocrx_word' id='word_1_455' title='bbox 1574 2855 1696 2876; x_wconf 81' lang='lat' dir='ltr'>terras—.</span> 
     </span>
    </p>
   </div>
   <div class='ocr_carea' id='block_1_20' title="bbox 1118 2928 1799 2963">
    <p class='ocr_par' dir='ltr' id='par_1_24' title="bbox 1118 2928 1799 2963">
     <span class='ocr_line' id='line_1_85' title="bbox 1118 2928 1799 2963; baseline 0.001 -5"><span class='ocrx_word' id='word_1_456' title='bbox 1118 2928 1199 2960; x_wconf 86' lang='lat' dir='ltr'>Ibid.</span> <span class='ocrx_word' id='word_1_457' title='bbox 1223 2931 1384 2962; x_wconf 76' lang='lat' dir='ltr'>Subsedere</span> <span class='ocrx_word' id='word_1_458' title='bbox 1399 2931 1464 2962; x_wconf 70' lang='lat' dir='ltr'>suis</span> <span class='ocrx_word' id='word_1_459' title='bbox 1482 2940 1551 2963; x_wconf 85' lang='lat' dir='ltr'>cum</span> <span class='ocrx_word' id='word_1_460' title='bbox 1568 2931 1681 2961; x_wconf 70' lang='lat' dir='ltr'>cim&#39;bus</span> <span class='ocrx_word' id='word_1_461' title='bbox 1696 2930 1799 2960; x_wconf 61' lang='grc' dir='ltr'>τιν-ἶνες.-</span> 
     </span>
    </p>
   </div>
   <div class='ocr_carea' id='block_1_21' title="bbox 1051 2987 1072 3013">
    <p class='ocr_par' dir='ltr' id='par_1_25' title="bbox 1051 2987 1072 3013">
     <span class='ocr_line' id='line_1_86' title="bbox 1051 2987 1072 3013; baseline 0 0"><span class='ocrx_word' id='word_1_462' title='bbox 1051 2987 1072 3013; x_wconf 79' lang='lat'><em>5</em></span> 
     </span>
    </p>
   </div>
  </div>
 </body>
</html>
