1926 3224
271 221 370 264 366

774 217 834 264 Τ.
875 216 1251 264 LUCRETII

416 346 591 389 Scilicet:
622 352 744 400 atque
763 343 909 385 eodem
929 344 1074 396 fertur,
1095 360 1178 402 quo
1195 345 1467 402 praecipitavit

410 420 504 462 Jam
524 417 660 468 semel,
681 425 723 458 et
740 432 910 460 vacuam
929 427 1089 474 partem
1106 420 1151 460 in
1171 421 1388 462 conamina
1406 421 1588 476 sumpsit.

278 497 386 534 1040

474 493 542 534 Fit
561 506 738 548 quoque,
760 500 808 534 ut
825 508 851 534 a
869 492 1004 548 lapide
1023 493 1104 536 hoc
1123 494 1219 536 ferri
1239 501 1388 536 natura
1405 495 1568 537 recedat

415 565 644 608 Interdum:
676 565 830 623 fugere,
853 576 975 624 atque
995 569 1123 624 sequi,
1145 579 1339 610 consueta
1358 569 1545 610 vicissim.

473 639 692 682 Exsultare
712 641 835 682 etiam
857 642 1142 684 Samothracia
1161 643 1292 685 ferrea
1311 642 1393 684 vidi
1400 660 1414 693 ;

414 714 479 754 Ac
499 723 684 755 ramenta
704 714 824 755 simu]
842 714 938 755 ferri
957 715 1090 756 fiirere
1109 717 1220 757 intus
1240 716 1380 757 ahenis

413 786 465 828 In
485 787 673 842 scaphiis,
694 787 795 842 lapis
814 787 882 828 hic
903 787 1082 845 Magnes
1102 804 1227 844 quom
1248 789 1433 831 subditus
1457 797 1572 831 esset:

275 864 380 901 1045
414 860 557 916 Usque
576 861 680 902 adeo
700 860 840 918 fugere
859 877 884 903 a
904 877 1004 903 saxo
1023 863 1172 920 gestire
1190 863 1351 905 videtur

415 933 520 975 AEre
539 935 781 990 interposito
788 953 801 986 3
834 936 1037 979 discordia
1057 945 1172 979 tanta
1192 945 1368 979 creatur:

411 1007 652 1062 Propterea,
675 1010 772 1064 quia
789 1011 986 1052 nimirum
1005 1012 1119 1067 prius
1141 1020 1263 1052 aestus
1283 1011 1355 1052 ubi
1375 1010 1468 1050 aeris

414 1080 633 1136 Praecepit,
654 1082 830 1139 ferrique
849 1085 932 1126 vias
951 1085 1134 1140 possedit
1154 1091 1332 1138 apertas3

414 1153 622 1196 Posterior
640 1156 785 1212 lapidis
804 1160 916 1200 venit
935 1167 1072 1208 aestus,
1095 1166 1135 1198 et
1155 1157 1295 1198 omnia
1313 1155 1436 1211 plena

272 1311 296 1327 “
301 1307 419 1349 ferreo:
455 1319 474 1338 a
501 1308 571 1339 loco
603 1309 647 1338 ita
676 1310 830 1339 vocatus.''
878 1311 996 1341 Videas

270 1358 489 1396 Harduinum,
506 1359 559 1399 qui
575 1359 720 1389 meminit
735 1359 860 1398 Isidori,
888 1361 921 1390 in
938 1371 994 1391 no-

270 1409 312 1441 tis
325 1410 365 1440 ad
382 1409 481 1440 Plinii
494 1409 611 1448 locum,
634 1416 696 1440 nat.
712 1411 781 1441 hist.
798 1412 903 1442 xxxiii.
921 1417 950 1444 6.
964 1424 994 1452 p.

271 1463 344 1493 605.
359 1464 389 1490 5.

316 1521 388 1550 Ver.
408 1525 496 1551 1045.
513 1523 560 1552 Ac
574 1530 726 1554 ramenta:
748 1524 791 1555 sic
807 1525 942 1556 dilucide
959 1531 993 1557 Δ.

270 1578 302 1603 et
324 1573 405 1602 hanc
420 1572 563 1603 voculam
584 1574 749 1605 Lucretius
763 1576 920 1607 adamavit
935 1578 994 1608 fre-

270 1624 504 1664 quentavitque:
532 1625 641 1657 eodem
656 1627 756 1657 tendit
772 1629 811 1658 O.
827 1629 894 1659 cod.
908 1631 995 1660 aber-

271 1675 362 1713 ratio,
387 1677 586 1713 Aeramenta;
618 1683 652 1710 Σ.
669 1681 887 1717 Fcrranzenta;
905 1688 994 1712 caete-

269 1726 309 1764 ri,
334 1728 378 1757 Et
392 1731 714 1760 ramenta.—alzenis.·
741 1735 776 1761 Σ.
801 1738 845 1762 Ω.
868 1735 996 1771 alienis,-

269 1778 311 1808 ob
336 1787 485 1818 magnam
509 1789 583 1810 sane
610 1780 851 1813 similitudinem
878 1784 994 1815 forma-

270 1839 343 1859 rum
356 1831 383 1860 li
395 1835 426 1860 et
439 1832 458 1860 Ιι
474 1830 508 1860 in
523 1831 761 1872 Longobardicfi
783 1835 934 1873 scriptura
957 1837 993 1866 li-

268 1881 442 1911 brariorum
457 1881 508 1911 hic
526 1892 611 1913 error
625 1884 657 1913 iu
671 1885 830 1923 procinctu
845 1887 936 1918 stetit.

315 1943 396 1974 Ibid.
409 1943 521 1984 furere
536 1947 620 1977 intus
635 1948 750 1978 ahenis.
788 1949 893 1987 Maro,
918 1951 992 1981 AEn.

270 1994 323 2025 vii.
339 1998 412 2026 464.

271 2089 610 2098 ———————-
619 2080 699 2104 costis
710 2081 834 2106 undantis
843 2082 927 2113 aheni,

270 2116 469 2148 Exsultantque
481 2120 544 2142 estu
555 2117 646 2144 latices
655 2127 664 2150 ;
672 2120 746 2151 furit
757 2121 827 2146 imus
837 2128 916 2153 aquae
926 2124 976 2147 vis.

314 2198 386 2230 Ver.
406 2203 494 2231 1044.
517 2203 668 2241 scaphiis:
694 2203 791 2234 vind.
809 2210 843 2236 Σ.
865 2207 993 2246 scaphis.

271 2252 379 2282 —lzz'c.·
400 2251 562 2289 Heinsius,
576 2253 704 2285 Advers.
715 2265 744 2294 p.
759 2259 828 2288 190.
844 2259 891 2288 Ιιιέ
900 2272 911 2292 ,·
929 2258 996 2288 sine

271 2303 392 2342 caussii,
413 2315 470 2335 nec
492 2306 667 2338 audiendus
681 2315 790 2339 contra
817 2310 996 2350 scriptos.—

270 2357 402 2396 AElagnes
417 2369 518 2397 quom,
534 2358 582 2388 vel
597 2370 684 2390 cum:
703 2361 800 2391 Vind.
818 2368 862 2393 Ω.
879 2364 994 2403 Magne

271 2418 340 2438 cum
350 2423 361 2444 ,·
387 2408 427 2439 Ο.
444 2415 478 2440 Δ.
494 2411 685 2450 Magnetum.

315 2465 387 2497 Ver.
407 2470 497 2498 1047.
519 2476 609 2500 aestus
623 2473 722 2501 aeris:
740 2471 760 2501 i.
776 2482 802 2502 e.
819 2475 842 2490 “
853 2471 905 2503 aar
919 2472 991 2504 soli·

271 2520 294 2537 ⁸‘
310 2517 372 2548 cito
387 2525 476 2550 motu
505 2531 541 2551 ac
562 2521 681 2553 fervore
703 2522 897 2562 fluctuans;”
921 2535 994 2556 con-

272 2568 353 2600 feras
367 2580 445 2602 verr.
465 2575 556 2603 1052.
575 2577 665 2605 1055.
684 2578 774 2606 1056.
794 2579 886 2607 1037.
904 2580 994 2609 1051.

275 2622 370 2651 1062.

313 2672 388 2704 Ver.
405 2677 502 2706 1048.
521 2678 692 2718 Pmcepit:
720 2678 756 2709 P.
773 2679 812 2710 B.
838 2682 977 2721 Percepit
982 2697 994 2718 ;

271 2722 375 2754 minus
389 2727 542 2766 apposite:
569 2729 610 2760 V.
625 2729 673 2761 ed.
691 2732 851 2772 Praecipit,
874 2739 917 2772 et,
939 2743 996 2773 pro

271 2774 356 2804 varia
371 2775 504 2816 lectione
515 2782 657 2822 percipit.

316 2832 390 2865 Ver.
407 2838 498 2869 1050.
518 2845 637 2872 tranet:
656 2847 702 2874 Ω..
715 2847 912 2876 tramete-ue
922 2857 935 2876 .·
952 2843 993 2875 Ο.

273 2886 309 2916 Δ.
323 2890 360 2915 et.

1081 1321 1155 1352 Ver.
1169 1325 1260 1352 1051.
1267 1323 1393 1362 fluctu:
1410 1321 1430 1350 i.
1445 1331 1472 1351 e.
1486 1328 1578 1360 oesaeuf
1588 1331 1648 1352 ver.
1666 1325 1757 1355 1049.

1038 1372 1087 1402 vel
1101 1372 1170 1402 a'ere
1185 1372 1309 1412 agitato.
1348 1371 1504 1402 Nonnulli
1518 1372 1642 1403 voluere
1645 1375 1742 1414 flictu
1747 1389 1760 1410 ,-

1039 1423 1091 1454 sed
1119 1424 1210 1453 hasce
1233 1422 1449 1461 divinationes,
1487 1423 1593 1454 minus
1619 1433 1759 1455 necessa-

1038 1475 1100 1505 rias
1115 1480 1145 1505 et
1160 1475 1364 1514 importunas,
1381 1481 1489 1505 contra
1499 1475 1631 1515 codices,
1647 1481 1761 1507 utcun-

1038 1535 1099 1566 que
1113 1526 1302 1566 ingeniosas,
1324 1525 1454 1565 receptis
1469 1526 1653 1558 lectionibus
1667 1527 1760 1558 etiam

1038 1577 1140 1608 multo
1153 1578 1260 1608 minus
1281 1578 1448 1618 elegantes,
1471 1579 1555 1618 putri
1577 1578 1676 1609 tram&
1696 1588 1762 1610 non

1039 1639 1177 1660 emerim.

1084 1690 1115 1719 V
1118 1700 1159 1719 er.
1177 1693 1266 1720 1052.
1290 1691 1405 1720 Ferrea
1420 1695 1516 1720 texta:
1542 1689 1578 1720 P.
1595 1694 1630 1722 Σ.
1648 1691 1760 1722 Ter-rea

1040 1748 1127 1778 lescen
1144 1742 1197 1772 sed
1214 1742 1292 1772 Pius
1305 1747 1443 1772 nostram
1460 1742 1623 1772 lectionem
1635 1752 1692 1782 pro
1705 1753 1763 1773 an-

1040 1793 1125 1834 tiqua
1139 1794 1290 1834 agnoscit:
1310 1794 1351 1824 V.
1367 1794 1415 1824 ed.
1433 1794 1471 1824 Ο.
1489 1799 1524 1824 Δ.
1542 1795 1667 1825 Terreat
1677 1800 1758 1830 emta,-

1040 1851 1084 1875 Ω.
1105 1846 1216 1875 Ter-rea
1231 1851 1320 1876 texta.
1365 1845 1468 1875 Voces
1489 1845 1608 1876 eaedem
1629 1845 1763 1876 confun-

1038 1895 1157 1926 duntur
1172 1896 1211 1926 ad
1229 1896 1318 1936 Virg.
1333 1906 1400 1936 geo.
1415 1896 1447 1926 ii.
1462 1900 1534 1926 541.
1556 1898 1596 1927 ob
1615 1896 1762 1927 similitu-

1037 1947 1144 1977 dinem
1161 1961 1216 1978 erm
1231 1950 1264 1980 F
1275 1954 1307 1978 et
1328 1950 1361 1983 T,
1384 1948 1417 1978 in
1433 1948 1560 1988 majoris
1568 1948 1678 1979 formae
1688 1949 1760 1979 cha-

1039 1998 1222 2028 racteribus:
1241 1998 1311 2029 vide
1323 1999 1573 2029 Drakenborchii
1588 2004 1705 2035 notam,
1720 1999 1761 2029 ad

1038 2048 1103 2078 Liv.
1119 2049 1214 2079 xxxii.
1231 2053 1282 2080 21.
1301 2052 1507 2089 1.-respuz·t.·
1534 2050 1574 2081 V.
1598 2049 1644 2081 ed.
1667 2056 1695 2081 et
1710 2061 1762 2081 ez·-

1038 2102 1131 2139 spuit.

1079 2159 1161 2189 Ibid.
1183 2161 1308 2199 respuit.
1343 2160 1492 2198 Isidorus,
1515 2160 1615 2200 origg.
1644 2160 1705 2191 xvi.
1729 2163 1759 2190 4.

1040 2211 1062 2227 “
1078 2209 1136 2239 Est
1150 2210 1265 2250 quippe
1287 2216 1320 2240 et
1340 2210 1423 2240 alius
1439 2211 1473 2240 in
1495 2210 1659 2250 AEthiopia
1672 2220 1759 2251 mag-

1040 2264 1062 2279 “
1079 2271 1146 2299 neS,
1174 2262 1227 2302 qui
1245 2262 1372 2303 ferrum
1403 2272 1467 2293 non
1497 2263 1602 2298 ambit,
1631 2262 1686 2293 sed
1713 2274 1761 2295 re-

1039 2315 1062 2330 “
1076 2313 1192 2353 spuit.”

1082 2373 1159 2402 Ver.
1178 2376 1268 2404 1053.
1291 2376 1387 2413 quod:
1412 2374 1432 2404 i.
1446 2384 1472 2404 e.
1496 2377 1519 2393 “
1531 2385 1587 2414 per
1607 2385 1650 2405 ces
1663 2375 1763 2414 agitat

1037 2425 1059 2442 ‘⁴
1076 2423 1109 2454 id
1123 2423 1179 2462 rei,
1203 2423 1250 2454 vel
1265 2424 1394 2463 ferrum,
1416 2427 1505 2465 quod,
1526 2428 1591 2457 sine
1605 2437 1649 2463 eo,
1665 2425 1761 2456 nimi-

1037 2478 1059 2494 “
1074 2485 1145 2505 rum
1169 2486 1240 2514 aere,
1260 2487 1338 2516 saepe
1361 2478 1501 2515 resorbet,
1528 2477 1577 2506 vel
1603 2475 1760 2508 attrahit.”

1042 2525 1130 2555 Nihil
1159 2527 1298 2566 planius:
1330 2527 1462 2558 editores
1486 2533 1603 2565 tamen,
1633 2527 1766 2566 perditae

1038 2584 1196 2616 compotes
1225 2578 1374 2616 audaciae,
1405 2579 1444 2609 de
1469 2589 1537 2617 suo,
1566 2578 1760 2609 reclamanti-

1038 2629 1122 2660 2ibus
1145 2631 1278 2670 scriptis,
1300 2640 1464 2670 reposuere
1485 2641 1567 2671 quoe:
1591 2640 1693 2671 neque
1712 2635 1758 2660 te-

1038 2682 1205 2712 merarium
1221 2689 1437 2713 commentum
1449 2688 1620 2713 correctum
1634 2687 1681 2712 est
1693 2680 1757 2711 col·

1038 2731 1135 2763 latore
1150 2733 1419 2774 negligentissimo
1434 2732 1679 2765 vindobonensi.

1079 2793 1153 2823 Ver.
1170 2796 1261 2825 1057.
1282 2805 1372 2825 raro:
1398 2798 1433 2826 Σ.
1454 2794 1655 2824 Μία-ωιτη
1670 2791 1757 2821 abest

1038 2851 1153 2926 st·ver·
1180 2897 1270 2927 1058.
1293 2897 1447 2928 Per-volet.-
1471 2894 1513 2925 V.
1536 2891 1585 2924 ed.
1609 2893 1756 2926 Provolet.
