1926 3224
576 307 810 355 LIBER
853 305 1211 363 QUINTUS.

1550 310 1638 348 103

179 443 260 480 605
293 437 563 494 Obportunus
583 438 640 479 ita
658 446 718 479 est
738 438 770 478 si
790 436 894 479 forte
914 445 954 479 et
974 437 1145 479 idoneus
1165 437 1250 485 a‘e‘r,

294 513 355 555 Ut
375 521 496 568 queat
516 512 704 562 adcendi,
736 512 872 566 parvis
891 511 1107 552 ardoribus
1127 511 1247 552 ictus:

293 586 419 636 Quod
439 601 582 643 genus,
610 585 818 626 interdum
839 591 993 640 segetes
1013 584 1284 638 stipulamque
1303 582 1486 626 videmus

292 660 496 701 Adcidere
515 673 568 698 ex
588 657 669 698 una
690 655 860 697 scintilla
881 655 1073 696 incendia
1091 656 1255 710 passim.

348 732 537 773 Forsitan
557 738 598 771 et
617 729 732 771 rosea
753 729 813 771 sol
832 729 911 772 alte
930 728 1119 784 lampade
1138 728 1277 771 lucens

141 887 284 928 Jecturas,
306 885 366 915 nisi
381 884 519 916 claritate
541 885 620 916 tanti
637 885 776 916 nominis
793 896 867 917 ocu-

143 937 190 968 los
205 936 599 977 praestringerer.—Porro‚
624 937 763 975 mallem,
786 937 869 968 mul-

144 993 178 1019 to
203 987 338 1024 mallem,
364 987 398 1017 in
422 988 482 1017 hoc
505 987 600 1018 etiam
622 998 724 1027 versu,
748 990 870 1025 validis,

142 1039 213 1071 loco
229 1053 266 1072 τε
279 1042 390 1072 calidis
395 1056 405 1077 ;
430 1040 484 1071 sed
500 1040 660 1071 codicibus
681 1050 746 1071 non
768 1040 870 1070 ausim

142 1090 308 1122 insultare:
334 1091 441 1122 redeas
455 1098 603 1122 annotata
617 1092 650 1122 in
665 1091 685 1122 i.
700 1094 773 1122 301.

188 1150 268 1181 Ibid.
292 1152 540 1196 Aerqpercipiat
554 1153 656 1182 ardor.
689 1150 724 1181 Si
738 1160 805 1181 rem
820 1149 869 1180 in-

143 1201 241 1232 terius
260 1202 411 1240 attendas,
438 1202 572 1232 alterurn
597 1203 748 1233 habemus
772 1202 869 1242 speci-

143 1263 217 1284 men
233 1254 380 1285 doctioris
401 1254 574 1290 schematis,
596 1255 695 1294 po‘e'tis
708 1254 868 1285 dilectissi-

143 1306 200 1344 mi,
227 1316 283 1345 pro
306 1306 427 1347 vulgari
451 1309 516 1337 Λὲν
535 1308 690 1347 percipiat
713 1308 850 1337 ardorem
858 1322 869 1342 ‚-

145 1357 266 1398 (redeas
292 1368 392 1397 nuper
415 1358 499 1388 dicta
524 1357 564 1388 ad
585 1368 646 1388 ver.
661 1358 756 1398 ¹602.)
782 1358 872 1398 cujus

141 1409 324 1448 exemplum
346 1410 436 1440 nobis
452 1410 650 1440 Mantuanus
676 1409 773 1449 dedit,
797 1411 871 1441 AEn.

141 1460 193 1491 vii.
209 1464 282 1493 556.

141 1542 197 1567 Nec
208 1542 274 1567 dum
285 1543 387 1567 animus
398 1546 458 1568 toto
466 1543 573 1576 percepit
584 1546 695 1574 pectore
696 1542 844 1573 stammam:

142 1627 198 1657 pro
213 1617 402 1648 Lucretiam}
416 1617 552 1648 formula
565 1617 784 1655 conversionis,

151 1700 206 1725 Nec
217 1700 283 1724 dum
294 1699 410 1724 animum
421 1703 480 1724 toto
488 1699 597 1731 percepit
611 1700 721 1730 pectore
728 1698 847 1728 stamma.

186 1770 258 1801 Ver.
273 1774 349 1802 606.
369 1772 476 1811 parvis
491 1770 668 1800 ardoribus.-
693 1778 771 1809 quos
792 1778 867 1798 con-

140 1828 189 1853 tra
215 1827 298 1852 recte
327 1827 421 1852 staret
447 1833 481 1852 wo
503 1823 527 1840 “
542 1821 653 1852 validis
664 1819 867 1860 fervoribus”

140 1873 175 1903 in
190 1883 252 1904 ver.
269 1876 342 1904 604.
364 1872 405 1902 ad
426 1871 634 1911 suspicionem
654 1877 809 1908 nostram3
833 1876 870 1900 ut

145 1925 283 1963 Senecae,
309 1924 440 1964 Hippol.
464 1928 535 1956 969.
557 1934 688 1963 magnus
707 1923 868 1964 servor.—

141 1976 185 2006 Et
204 1977 323 2016 parvis,
350 1975 438 2016 quasi
455 1985 493 2005 ex
509 1976 612 2005 „cultis
627 1974 785 2014 particulis
806 1973 866 2004 mi-

140 2028 228 2058 nutis
242 2027 366 2058 ardores
380 2033 570 2064 constarent;
594 2033 630 2057 ut
640 2028 747 2066 parvis
761 2028 866 2056 humo-

138 2080 231 2114 ribus,
254 2078 293 2108 vi.
316 2081 408 2109 1175.
449 2077 598 2108 Similiter
626 2078 706 2108 Gen.
728 2077 811 2108 xlvii.
837 2082 867 2109 9.

141 2130 224 2171 vulg.
242 2140 316 2161 vers.
341 2133 363 2148 “
378 2131 458 2161 Dies
472 2129 729 2171 peregrinationis
745 2139 869 2160 meae—

141 2184 164 2201 “
174 2183 269 2222 parvi
283 2187 314 2212 et
327 2180 438 2212 mali.'’

184 2242 266 2274 Ibid.
288 2244 449 2273 ardoribus
464 2244 557 2274 ictus:
583 2252 707 2281 nempe,
730 2244 797 2273 telis
814 2251 866 2272 eo-

141 2304 229 2331 rum;
251 2294 392 2325 conferas
406 2301 513 2324 autem
527 2294 547 2325 i.
564 2297 635 2325 148.
650 2294 693 2324 iii.
709 2297 782 2324 506.

182 2353 259 2383 Ver.
277 2356 348 2384 607.
372 2354 412 2384 In
427 2355 513 2384 hunc
539 2354 645 2384 locum
671 2354 868 2384 Mantuanus

141 2404 248 2435 oculos
262 2404 391 2435 forsitan
405 2404 584 2442 intenderit,
600 2404 640 2435 ad
655 2414 723 2444 geo.
738 2403 784 2434 iii.
803 2407 852 2435 99.

152 2495 191 2518 Ut
202 2493 340 2525 quondam
351 2493 379 2518 in
390 2493 487 2525 stipulis
497 2501 604 2526 magnus
615 2494 670 2520 sine
678 2494 778 2518 viribus
787 2493 853 2525 igni:

151 2544 182 2567 ln
193 2549 296 2567 cassum
305 2542 448 2574 furit—.

180 2623 256 2652 Ver.
282 2625 354 2653 608.
389 2622 559 2653 Adcidere:
594 2621 638 2652 sic
666 2620 866 2651 vetustissimi

140 2675 260 2707 codices
277 2680 308 2704 et
329 2673 503 2712 castissimi,
527 2674 563 2704 L.
588 2674 636 2704 Μ.
658 2673 866 2714 undequaque

137 2731 229 2757 recte.
274 2724 436 2755 Nimirum
459 2734 549 2754 voces
578 2725 721 2754 incendia
748 2725 866 2763 passim

137 2783 214 2809 sunt
230 2778 274 2817 ὑφ’
299 2778 325 2808 ἒν
345 2776 541 2816 accipiendae.
588 2775 676 2806 Dicit
689 2774 786 2816 igitur
799 2775 865 2805 Lu-

139 2830 264 2868 cretius,
298 2833 320 2849 “
337 2830 505 2860 Latissima
536 2828 682 2860 incendia
717 2828 866 2866 accidere,

140 2883 162 2900 “
176 2880 224 2911 vel
260 2883 422 2922 attingere,
460 2881 619 2920 stipulam,
659 2890 697 2910 ex
733 2879 868 2910 scintilla

140 2935 163 2950 “
179 2931 273 2962 una.”
318 2934 442 2977 Quibus
456 2933 537 2963 nihil
550 2932 686 2972 planius,
703 2937 735 2962 et
748 2931 867 2971 poetice

139 2985 241 3026 magis
264 2987 464 3027 exquisitum,
496 2994 551 3019 aut
579 2987 680 3029 magis
705 2986 865 3019 Lucretia·

180 3045 212 3074 V
215 3055 270 3076 01..
290 3045 360 3078 ΙΙΙ.

913 894 993 916 num
1015 883 1165 925 denique:
1192 882 1334 914 conferas
1355 882 1394 913 iv.
1418 886 1491 914 216.
1532 883 1638 925 Virgi-

913 936 985 973 lius,
1000 936 1039 967 ad
1054 946 1122 977 geo.
1137 935 1170 966 ii.
1186 939 1258 967 505.
1280 935 1330 966 his
1344 934 1449 966 lucem
1463 935 1593 976 injiciet:

929 1018 997 1042 Nam
1007 1023 1080 1049 saepe
1091 1016 1204 1042 incautis
1215 1016 1362 1048 pastoribus
1374 1015 1468 1041 excidit
1479 1016 1618 1049 ignis—.-

913 1110 944 1134 et
959 1104 1157 1143 potissimum
1176 1104 1216 1134 ad
1238 1105 1313 1134 AEn.
1328 1104 1360 1134 ii.
1375 1108 1446 1135 504.
1470 1104 1559 1144 cujus
1581 1104 1642 1134 loci

914 1156 1089 1187 Lambinus
1104 1165 1227 1197 quoque
1242 1155 1326 1195 prior
1343 1155 1520 1186 recordatus
1535 1162 1596 1186 est:

929 1238 959 1262 ln
969 1240 1073 1270 segetem
1084 1236 1169 1262 veluti
1179 1243 1265 1269 quum
1278 1236 1402 1268 flamma,
1416 1235 1567 1262 furentibus
1584 1243 1641 1261 aus-

1022 1276 1081 1306 tris,

931 1315 1093 1341 Incidit—-

915 1388 1003 1428 Ergo
1018 1398 1084 1418 non
1106 1397 1270 1418 necessum
1292 1387 1426 1418 habeam
1447 1396 1520 1417 cum
1543 1385 1642 1417 edito-

915 1448 988 1468 rum
1002 1437 1094 1469 turba
1107 1438 1147 1468 ad
1170 1437 1360 1469 Florentinae
1382 1437 1548 1468 lectionem
1568 1448 1641 1468 cone

916 1490 1034 1530 fugere,
1058 1491 1205 1529 Accipere
1228 1490 1356 1520 scilicet:
1390 1489 1479 1530 cujus
1501 1489 1643 1520 vocabuli

913 1541 991 1570 ratio
1012 1541 1119 1570 minus
1136 1540 1227 1571 docta
1247 1546 1304 1576 est,
1330 1541 1451 1580 po'etica
1472 1540 1589 1577 minus,
1612 1546 1643 1571 et

912 1590 1074 1631 vulgarem
1089 1590 1212 1621 dicendi
1233 1601 1354 1621 morem
1370 1591 1484 1630 resipit.
1531 1592 1570 1622 P.
1596 1598 1642 1622 Ω..

913 1642 1028 1672 habent
1053 1643 1207 1679 Accendi,·
1240 1641 1351 1682 reliqui
1377 1652 1495 1678 omnes,
1520 1644 1642 1673 Accen-

912 1694 1000 1729 dere;
1038 1699 1074 1723 ut
1104 1693 1141 1723 L.
1171 1692 1266 1723 etiam
1295 1703 1351 1732 pro
1380 1692 1464 1723 vaiia
1501 1692 1642 1724 lectione.

913 1742 1072 1781 Profecto,
1094 1754 1153 1774 vox
1169 1744 1350 1784 exquisitior
1364 1744 1398 1773 in
1413 1745 1473 1774 hoc
1495 1754 1555 1774 usu
1569 1754 1642 1774 nos-

911 1803 970 1835 tra,
998 1800 1165 1835 Adcidere,
1192 1798 1254 1828 cito
1269 1797 1417 1838 migravit
1431 1797 1471 1828 de
1498 1797 1590 1828 solito
1603 1798 1642 1828 li-

911 1849 1019 1880 brariis
1041 1849 1242 1888 scriptoribus
1263 1849 1298 1878 in
1320 1850 1493 1885 Adcedere5
1517 1848 1641 1886 deinde,

910 1902 946 1933 in
962 1903 1129 1939 Achdere,
1146 1911 1202 1931 seu
1218 1901 1406 1931 Adcendere.

954 1959 1036 1991 Ibid.
1057 1971 1092 1991 ez·
1110 1958 1175 1991 ιιηᾶ
1190 1959 1326 1991 scintilla
1349 1961 1493 1990 incendia
1512 1961 1640 1999 passim.

913 2010 943 2041 S.
972 2011 1122 2049 Jacobus,
1150 2010 1236 2050 epist.
1260 2010 1303 2041 iii.
1331 2013 1361 2041 5.
1397 2009 1549 2049 apposite:
1583 2009 1641 2048 133,

911 2068 1009 2102 ολνγον
1035 2073 1090 2103 trop
1112 2063 1216 2095 ἧλικην
1246 2062 1317 2094 ὕλην
1340 2074 1474 2093 αναπτει.
1520 2061 1640 2092 Videas

910 2112 1009 2153 plura,
1045 2114 1108 2144 huc
1137 2113 1316 2154 spectantia,
1354 2113 1388 2143 in
1422 2118 1535 2144 nostrae
1567 2113 1642 2144 Silv.

913 2163 990 2195 Crit.
1006 2169 1077 2194 sect.
1093 2163 1163 2194 clvi.

954 2225 1030 2255 Ver.
1060 2229 1132 2256 609.
1170 2224 1222 2254 Sic
1251 2223 1352 2264 magis
1379 2223 1481 2263 placet
1509 2224 1641 2264 hujusce

910 2275 1016 2306 versus
1029 2275 1220 2311 constitutio,
1241 2281 1278 2305 ut
1291 2275 1407 2315 legitur
1420 2275 1455 2305 in
1471 2279 1506 2306 Δ.
1522 2275 1640 2315 codiee,

910 2333 942 2357 et
956 2326 1093 2357 editione
1106 2327 1129 2359 J
1131 2332 1217 2357 untae
1233 2327 1259 2357 F
1262 2325 1431 2356 lorentina:

926 2417 1045 2443 Forsitan
1055 2421 1085 2443 et
1095 2424 1179 2441 roseus
1188 2416 1226 2441 sol
1243 2416 1298 2441 alui
1310 2416 1434 2448 lampade
1445 2416 1608 2442 lucens-—.

910 2497 1035 2533 Quibus
1049 2496 1132 2526 favet
1145 2495 1253 2532 etiam,
1275 2493 1360 2535 quod
1374 2505 1474 2525 roseas
1494 2493 1533 2524 sit
1548 2494 1580 2524 in
1599 2494 1639 2525 Ο.

908 2555 1000 2589 atque
1022 2547 1086 2578 αἰιᾶ
1101 2557 1224 2588 quoque
1239 2546 1273 2576 in
1290 2551 1326 2577 Σ.
1371 2545 1535 2587 Virgilius,
1560 2546 1636 2576 AEn.

909 2600 950 2631 xi.
967 2603 1040 2632 915.

939 2681 972 2706 Ni
983 2688 1066 2706 roseus
1075 2680 1157 2705 fessos
1163 2679 1223 2710 jam
1234 2678 1341 2711 gurgite
1353 2677 1462 2710 tinguat
1474 2678 1550 2703 Ibero

941 2720 1047 2745 Phoebus
1057 2726 1212 2751 equos—-

912 2799 975 2831 Sed
990 2800 1076 2830 enim
1090 2810 1142 2830 me
1163 2804 1288 2829 tantum
1310 2808 1376 2828 non
1397 2798 1496 2828 habeo
1510 2806 1635 2837 persua-

909 2851 1078 2889 sissimum,
1099 2861 1117 2881 a
1132 2850 1280 2881 Lucretio
1294 2849 1443 2888 scriptum
1458 2858 1531 2884 esse,
1553 2848 1638 2890 quod

909 2903 969 2934 loci
984 2913 1077 2943 scopo
1091 2902 1186 2943 longe
1200 2902 1296 2933 fuerit
1311 2900 1520 2932 commodius:

957 2985 1076 3011 Forsitan
1088 2989 1116 3011 et
1126 2983 1200 3011 rosea
1210 2983 1249 3011 sol
1259 2983 1308 3010 late
1318 2982 1442 3016 lampade
1452 2981 1582 3008 lucens-.

879 3046 916 3077 H
