1926 3224
580 239 814 291 LIBER
879 237 1237 297 QUINTUS.

1528 241 1623 283 209

284 373 423 424 Quam
441 373 582 432 bijugo
601 388 724 417 curru
743 373 835 415 belli
854 379 1012 414 tentare
1030 370 1194 427 pericla.

281 447 337 490 Et
356 449 539 505 bijugom
558 450 671 504 prius
691 455 765 497 est,
787 460 913 501 quam
933 445 995 485 bis
1015 445 1266 500 conjungere
1285 442 1422 493 binos,

145 526 251 562 1300
283 523 339 564 Et
358 538 481 578 quam
501 522 699 564 falciferos
718 527 922 561 armatum
943 518 1191 558 adscendere
1212 531 1366 558 currus.

281 596 385 637 Inde
404 597 528 637 boves
550 595 697 643 Lucas,
719 591 868 633 turrito
888 603 1076 644 corpore,
1098 597 1240 639 tetros,

134 751 216 792 quod
231 760 298 781 sero
312 749 450 780 intellexi
469 748 581 780 Grotio
596 747 712 787 pariter
728 747 856 777 innotu-

134 801 201 833 isse.
246 801 337 832 Idem
349 801 504 836 Avienus,
520 799 594 830 ibid.
611 803 681 831 990.

264 882 355 914 creperi
367 882 531 908 succendens
540 885 635 914 stagna
646 880 788 913 profundi:

131 955 153 986 i.
175 966 202 986 e.
224 956 325 993 dubii,-
359 954 530 994 periculosi.
575 954 745 990 Ausonius,
768 953 853 993 epist.

130 1007 174 1038 iii.
192 1012 219 1039 9.

387 1086 484 1116 crepero
493 1084 541 1108 sub
553 1083 618 1108 lucis
629 1085 763 1109 ane—-

131 1155 260 1187 Addam
291 1155 492 1186 llIarcianum
533 1155 705 1195 Capellam,
738 1155 791 1186 lib.
821 1156 852 1186 ii.

130 1209 230 1248 po'e‘m.
248 1212 275 1238 2.

221 1286 292 1310 Cum
303 1289 430 1318 creperum
440 1285 490 1310 lux
500 1285 570 1310 alma
581 1285 735 1310 micat—.

172 1356 254 1387 Ibid.
275 1358 392 1396 creperi
414 1357 484 1387 belli
487 1373 498 1392 ,-
532 1362 568 1386 ut
591 1357 757 1398 Virgilius,
784 1367 853 1398 geo.

129 1408 162 1439 ii.
176 1412 248 1439 285.
270 1410 380 1439 dubius
399 1410 505 1440 illars:
530 1408 582 1439 ubi
605 1408 748 1439 consulas
770 1409 853 1439 Bur-

129 1470 292 1490 mannum.

170 1521 244 1551 Ver.
262 1524 355 1553 1296.
377 1528 419 1552 esc
442 1521 562 1551 exsulat
589 1528 848 1552 n..—‹zrmatum:

128 1572 313 1610 Lambinus,
344 1582 382 1602 ex
410 1572 499 1602 codd.
529 1573 657 1612 scriptis,
695 1579 731 1602 ut
764 1573 851 1612 dicit,

127 1631 316 1665 reppertztm;
339 1635 434 1665 quern
449 1635 585 1655 errorem
602 1624 736 1657 Vindob.
752 1626 850 1656 edito-

127 1677 169 1707 ris
194 1676 344 1715 supinitas
369 1677 715 1717 propagavit—costas:
742 1679 782 1708 V.
805 1679 852 1710 ed.

125 1729 326 1758 cestria—H.
337 1726 444 1764 etiam,
451 1729 638 1758 descendere.
655 1728 853 1759 Constructio

902 743 1046 774 Phrasim
1067 742 1235 782 speciosam
1265 744 1385 782 excepit
1414 744 1624 784 Mantuanus,

901 795 976 826 AEn.
993 794 1034 824 xi.
1050 797 1122 825 505.

945 870 989 894 Me
999 870 1054 894 sine
1068 869 1154 901 prima
1165 876 1244 894 manu
1255 871 1350 895 tentare
1358 869 1470 903 pericula
1482 872 1548 897 belli.

941 947 1014 977 Ver.
1035 951 1124 979 1299.
1146 949 1295 988 ὁῇιιὲοιη,·
1320 948 1340 979 i.
1363 960 1388 980 e.
1413 953 1434 968 “
1450 950 1621 992 conjunge-

898 1001 920 1015 “
936 1008 968 1028 re
998 1008 1126 1028 currum
1154 999 1298 1039 bijugum
1328 1000 1414 1039 prius
1445 1007 1501 1038 est,
1526 1011 1621 1042 quam

898 1053 920 1068 “
937 1050 1127 1091 conjungere
1153 1063 1262 1082 currus
1287 1053 1526 1094 quadrijugos:''
1552 1052 1621 1084 vide

897 1101 987 1142 Virg.
1001 1113 1068 1142 geo.
1084 1100 1127 1132 iii.
1144 1105 1194 1132 18.
1239 1103 1323 1132 Mihi
1338 1111 1443 1134 autem
1459 1104 1564 1134 videor
1579 1105 1623 1135 sic

895 1152 1025 1183 feliciter
1039 1153 1181 1194 elegante
1197 1163 1255 1183 nec
1278 1153 1448 1184 dubitanda
1463 1155 1623 1195 conjectu-

896 1204 931 1235 ra
958 1206 1043 1236 hunc
1072 1216 1195 1236 versum
1224 1206 1402 1237 restituisse.
1448 1207 1621 1242 Nimirum,

896 1256 968 1287 libri
992 1263 1109 1288 veteres
1133 1258 1285 1296 impressi,
1318 1264 1350 1288 et
1373 1259 1489 1289 exarati
1511 1269 1621 1296 manu¹

897 1309 972 1339 dant
988 1310 1100 1350 bijugm
1124 1310 1143 1340 i.
1160 1321 1185 1340 e.
1208 1310 1267 1340 nisi
1288 1310 1385 1347 fallar,
1408 1311 1526 1351 bijugc:
1551 1321 1622 1351 quae

897 1361 1032 1391 formula
1048 1363 1234 1393 venerandae
1248 1363 1406 1393 vetustatis
1420 1363 1512 1394 facile
1531 1364 1622 1394 cade-

897 1418 944 1441 ret
959 1412 991 1442 in
1013 1413 1183 1444 scribarum
1206 1414 1482 1453 importunitatem.
1529 1415 1623 1451 Sane,

896 1473 994 1503 quum
1010 1463 1090 1494 illud
1104 1465 1206 1505 btjugo
1221 1465 1311 1494 bonae
1325 1465 1385 1494 loci
1400 1471 1562 1496 structurae
1573 1476 1621 1496 re-

895 1515 1077 1555 fragaretur,
1094 1516 1194 1546 Faber
1208 1516 1400 1556 conjectavit,
1416 1517 1550 1557 bijugos;
1568 1527 1621 1548 me

890 1569 1008 1610 judice,
1031 1570 1137 1600 minus
1160 1570 1370 1609 probabiliter,
1392 1571 1534 1610 quamvis
1557 1570 1621 1600 col-

896 1621 1025 1652 laudent
1056 1622 1225 1652 Creechius
1246 1622 1480 1662 Bentleiusque.
1525 1622 1621 1652 Unde

896 1673 979 1703 enim
996 1679 1059 1703 tam
1074 1673 1174 1704 facilis
1189 1673 1280 1704 lectio
1302 1674 1388 1704 libris
1409 1673 1561 1704 universis
1582 1674 1623 1705 sit

896 1724 1020 1763 elapsa?
1046 1725 1228 1761 Postmodo,
1251 1726 1284 1755 in
1306 1725 1373 1756 cod.
1397 1732 1436 1756 Π.
1453 1725 1558 1756 inveni
1573 1728 1622 1756 bi-

126 1779 170 1810 sic
184 1778 335 1818 procedit:
372 1781 394 1796 ‘⁶
411 1792 443 1809 ¹ro
467 1784 624 1809 armatum
647 1780 854 1811 conscendere
887 1775 1015 1816 jugem:
1040 1775 1208 1816 glossatore
1234 1776 1382 1816 quopiam
1407 1776 1524 1806 scilicet
1547 1786 1620 1807 cum

128 1834 151 1850 “
168 1837 214 1861 est
227 1830 325 1870 prius,
347 1830 512 1871 quam—.''

169 1884 251 1915 Ibid.
273 1886 307 1915 in
321 1886 394 1925 equi
407 1887 603 1916 conscendere
618 1891 722 1917 costas.
754 1886 850 1917 Com-

125 1936 232 1966 mittas
246 1936 336 1977 Virg.
354 1946 422 1977 geo.
437 1936 457 1968 i.
472 1939 544 1968 275.
584 1937 688 1976 Idem,
706 1938 781 1968 AEn.
798 1937 851 1968 xii.

127 1990 199 2019 755.

349 2083 413 2102 cum
426 2078 512 2110 prima
522 2077 548 2102 in
560 2077 653 2110 praelia
662 2078 771 2110 junctos

153 2115 332 2142 conscendebat
342 2124 486 2149 equos—.

170 2195 244 2225 Ver.
260 2198 352 2227 1297.
373 2199 490 2236 vigere:
508 2204 610 2227 vetera
625 2198 677 2228 Pii
692 2198 848 2237 exempla-

124 2246 182 2284 ria,
203 2248 282 2277 viere
286 2262 298 2283 ;
320 2257 390 2287 quae
405 2247 500 2277 dictio
512 2248 590 2278 nihil
605 2248 645 2278 ad
660 2249 789 2288 hujusce
805 2247 851 2279 lo-

123 2297 152 2327 ci
167 2307 297 2336 scopum
310 2297 393 2328 facit.
417 2298 501 2328 Vide
517 2299 668 2335 Nonium,
683 2299 715 2329 ii.
733 2301 804 2330 925.

167 2348 249 2379 Ibid.
269 2350 474 2380 moderarier:
500 2359 624 2388 nempe,
646 2349 724 2380 laevfi
734 2360 847 2388 manu;

122 2399 201 2430 dum
215 2399 334 2435 dextra,
357 2406 465 2440 vegeta
479 2406 510 2430 et
525 2400 678 2440 expedita,
693 2406 848 2441 pugnaret

121 2450 299 2482 efficaciter:
325 2450 449 2480 namin
471 2459 564 2481 curru
585 2451 694 2492 bijugo
708 2453 848 2483 manibus

123 2504 266 2534 ambabus
287 2501 425 2538 bellator,
448 2502 611 2543 aurigante
632 2503 740 2542 altero,
761 2504 848 2544 vige-

121 2555 183 2585 bat.
227 2554 329 2584 Faber
353 2553 433 2583 illud
454 2559 664 2585 memoratum
687 2557 764 2586 viere
779 2565 845 2585 ma-

121 2605 191 2641 luit,
219 2606 271 2636 cui
293 2605 339 2635 sic
362 2615 546 2644 responsum
566 2605 730 2636 Bentleius
751 2606 845 2637 dede-

121 2657 180 2689 rit:
204 2660 226 2676 “
243 2657 318 2687 Hoc
333 2667 494 2697 perperam
511 2657 647 2698 judicas,
668 2658 712 2688 mi
734 2659 844 2691 homo!

123 2713 147 2728 ‘⁶
170 2710 256 2740 Viere
281 2714 327 2739 est
351 2708 479 2747 vincire,
499 2709 634 2749 plectere
656 2715 781 2746 sertum,
803 2709 850 2740 vi-

122 2763 146 2780 “
161 2771 245 2791 men.
268 2760 407 2791 Ennius:
429 2762 524 2792 Ibant
533 2761 686 2792 malacam
700 2763 781 2792 viere
796 2771 848 2792 ve·

122 2815 146 2830 “
160 2822 287 2842 neream
312 2812 471 2843 corollam.
508 2813 626 2844 Varro:
666 2812 714 2844 Ut
734 2814 848 2844 habeas

123 2865 146 2881 “
162 2862 290 2900 vimina,
313 2864 398 2894 unde
412 2866 518 2895 viendo
534 2864 610 2905 quid
624 2864 751 2896 facias.’'

165 2920 242 2953 Ver.
259 2925 350 2955 1298.
370 2934 464 2957 curru
491 2925 562 2955 belli
582 2929 699 2956 tentare
716 2926 846 2964 pericla.

896 1827 1066 1858 recentiore
1091 1827 1322 1867 orthographia,
1345 1827 1392 1857 uti
1416 1827 1532 1866 passim
1555 1827 1620 1858 sac-

896 1885 966 1909 tum
981 1884 1035 1916 est,
1058 1879 1298 1910 vetustissimam
1312 1884 1464 1909 mutante.

938 1938 1012 1969 Ver.
1030 1941 1123 1968 1300.
1145 1945 1310 1968 armatum.
1336 1938 1538 1977 Exemplar-ia
1553 1949 1618 1969 cre-

893 1994 947 2029 pat
969 1989 1057 2027 Pius,
1080 1989 1135 2019 sed
1160 2000 1201 2019 an
1226 1989 1322 2020 MSS.
1345 2000 1410 2020 non
1436 1989 1525 2028 dicit,
1547 2000 1619 2031 qua:

893 2041 1040 2071 exhibent
1061 2043 1233 2072 inventum:
1258 2041 1343 2081 quod
1368 2051 1530 2080 perperam
1553 2041 1620 2081 pla-

893 2095 958 2124 cuit
972 2094 1155 2132 editoribus,
1177 2100 1286 2124 contra
1307 2093 1459 2124 librorum
1474 2095 1619 2125 omnium

894 2148 1363 2185 auctoritatem.·-t1dscendere.·
1388 2148 1420 2179 J.
1437 2149 1474 2178 F.
1493 2148 1617 2179 Grono-

894 2198 974 2236 vius,
996 2198 1036 2228 ad
1051 2198 1117 2228 Liv.
1133 2198 1165 2228 ii.
1181 2201 1231 2228 28.
1242 2202 1272 2228 6.
1287 2201 1456 2236 escendere,
1479 2199 1568 2239 quasi
1579 2199 1619 2229 de

894 2249 1000 2280 codice
1015 2249 1186 2280 Vossiano:
1211 2249 1265 2280 sed
1280 2260 1354 2280 eum
1372 2260 1437 2280 esse
1462 2250 1619 2290 opinionis

890 2299 1006 2330 falsum
1022 2300 1235 2340 Havercampi
1250 2299 1374 2331 silentio
1387 2301 1578 2342 coarguitur.

933 2361 1010 2391 Ver.
1025 2363 1117 2392 1301.
1130 2361 1236 2392 Lucas
1247 2363 1375 2392 turrito.-
1394 2362 1432 2393 P.
1442 2363 1548 2393 Lucas
1559 2374 1618 2393 au.

890 2415 948 2443 rito
954 2428 965 2449 ,·
997 2412 1052 2443 sed
1077 2413 1146 2453 ejus
1172 2412 1360 2453 exemplaria
1385 2413 1485 2453 prisca
1509 2424 1618 2446 vocem

890 2470 1046 2504 receptam
1070 2464 1269 2495 exhibebant:
1297 2463 1336 2495 V.
1360 2463 1409 2495 ed.
1433 2467 1616 2501 castam-ito,-

891 2520 923 2545 et
936 2514 1079 2545 similiter
1093 2515 1250 2555 depravati
1271 2520 1347 2545 sunt
1367 2515 1438 2546 libri
1462 2515 1556 2547 vind.
1581 2521 1616 2548 Δ.

892 2573 934 2598 Π.

934 2617 1015 2649 Ibid.
1035 2619 1118 2649 boves
1143 2619 1258 2649 Lucas.
1302 2617 1426 2648 Scilicet
1447 2619 1618 2658 elephantes

894 2668 954 2698 hoc
982 2668 1111 2699 nomine
1133 2668 1241 2698 donati
1266 2674 1341 2699 sunt
1369 2669 1533 2704 Romanis,
1562 2668 1619 2710 qui

893 2719 998 2760 majus
1026 2718 1144 2750 animal
1172 2721 1239 2750 bove
1273 2729 1337 2749 non
1366 2725 1439 2750 ante
1469 2719 1620 2756 viderant,

893 2770 967 2811 quia
981 2769 1014 2800 in
1030 2769 1173 2801 Lucania
1187 2769 1279 2800 belua
1293 2771 1360 2801 haec
1373 2770 1513 2810 primum
1527 2770 1566 2800 sit
1579 2770 1618 2801 iis

891 2827 1062 2862 conspecta.
1107 2822 1181 2853 Pari
1197 2832 1322 2861 prorsus
1343 2822 1462 2853 ratione
1479 2822 1621 2853 Achilles

891 2873 1014 2912 Tatius,
1035 2873 1074 2904 iv.
1090 2876 1120 2904 5.
1143 2875 1224 2904 AM:
1239 2886 1324 2912 εστιν,
1346 2874 1381 2908 ὣς
1393 2885 1484 2910 stam,
1507 2880 1616 2913 ελεφας

891 2932 1053 2967 Arrunte-10⁵
1061 2939 1071 2956 .·
1084 2926 1245 2965 leimmpota
1250 2936 1315 2956 mus
1325 2934 1447 2965 nempe.
1460 2924 1511 2955 De
1521 2925 1623 2955 Lucis
