<?xml version="1.0" encoding="UTF-8"?>
<!DOCTYPE html PUBLIC "-//W3C//DTD XHTML 1.0 Transitional//EN"
    "http://www.w3.org/TR/xhtml1/DTD/xhtml1-transitional.dtd">
<html xmlns="http://www.w3.org/1999/xhtml" xml:lang="en" lang="en">
 <head>
  <title>
</title>
<meta http-equiv="Content-Type" content="text/html;charset=utf-8" />
  <meta name='ocr-system' content='tesseract 3.04.00' />
  <meta name='ocr-capabilities' content='ocr_page ocr_carea ocr_par ocr_line ocrx_word'/>
</head>
<body>
  <div class='ocr_page' id='page_1' title='image "./tlucretiicarider03lucruoft_0060.png"; bbox 0 0 1926 3224; ppageno 0'>
   <div class='ocr_carea' id='block_1_1' title="bbox 777 249 1272 299">
    <p class='ocr_par' dir='ltr' id='par_1_1' title="bbox 777 249 1272 299">
     <span class='ocr_line' id='line_1_1' title="bbox 777 249 1272 299; baseline 0.002 -1"><span class='ocrx_word' id='word_1_1' title='bbox 777 251 837 298; x_wconf 92' lang='lat' dir='ltr'>T.</span> <span class='ocrx_word' id='word_1_2' title='bbox 890 249 1272 299; x_wconf 85' lang='lat' dir='ltr'>LUCRETII</span> 
     </span>
    </p>
   </div>
   <div class='ocr_carea' id='block_1_2' title="bbox 428 377 1497 504">
    <p class='ocr_par' dir='ltr' id='par_1_2' title="bbox 428 377 1497 504">
     <span class='ocr_line' id='line_1_2' title="bbox 430 377 1496 434; baseline -0.003 -10"><span class='ocrx_word' id='word_1_3' title='bbox 430 381 648 424; x_wconf 88' lang='lat' dir='ltr'>Convenit:</span> <span class='ocrx_word' id='word_1_4' title='bbox 679 378 777 418; x_wconf 86' lang='lat' dir='ltr'>inde</span> <span class='ocrx_word' id='word_1_5' title='bbox 796 391 916 431; x_wconf 87' lang='lat' dir='ltr'>super</span> <span class='ocrx_word' id='word_1_6' title='bbox 935 384 1063 417; x_wconf 86' lang='lat' dir='ltr'>terras</span> <span class='ocrx_word' id='word_1_7' title='bbox 1081 377 1172 418; x_wconf 88' lang='lat' dir='ltr'>fluit</span> <span class='ocrx_word' id='word_1_8' title='bbox 1191 379 1354 434; x_wconf 85' lang='lat' dir='ltr'>agmine</span> <span class='ocrx_word' id='word_1_9' title='bbox 1372 379 1496 431; x_wconf 91' lang='lat' dir='ltr'>dulci,</span> 
     </span>
     <span class='ocr_line' id='line_1_3' title="bbox 428 448 1497 504; baseline -0.003 -9"><span class='ocrx_word' id='word_1_10' title='bbox 428 454 524 504; x_wconf 68' lang='lat' dir='ltr'>Qua</span> <span class='ocrx_word' id='word_1_11' title='bbox 545 455 609 494; x_wconf 84' lang='lat' dir='ltr'>via</span> <span class='ocrx_word' id='word_1_12' title='bbox 628 458 736 493; x_wconf 87' lang='lat' dir='ltr'>secta</span> <span class='ocrx_word' id='word_1_13' title='bbox 755 449 877 491; x_wconf 90' lang='lat' dir='ltr'>semel</span> <span class='ocrx_word' id='word_1_14' title='bbox 896 448 1050 504; x_wconf 84' lang='lat' dir='ltr'>liquido</span> <span class='ocrx_word' id='word_1_15' title='bbox 1069 449 1174 504; x_wconf 88' lang='lat' dir='ltr'>pede</span> <span class='ocrx_word' id='word_1_16' title='bbox 1193 450 1338 492; x_wconf 81' lang='lat' dir='ltr'>detulit</span> <span class='ocrx_word' id='word_1_17' title='bbox 1355 451 1497 493; x_wconf 86' lang='lat' dir='ltr'>undas.</span> 
     </span>
    </p>
   </div>
   <div class='ocr_carea' id='block_1_3' title="bbox 281 613 1007 1352">
    <p class='ocr_par' dir='ltr' id='par_1_3' title="bbox 281 613 1007 1258">
     <span class='ocr_line' id='line_1_4' title="bbox 285 613 1003 650; baseline -0.008 -8"><span class='ocrx_word' id='word_1_18' title='bbox 285 623 302 641; x_wconf 73' lang='grc' dir='ltr'><em>ε</em></span> <span class='ocrx_word' id='word_1_19' title='bbox 316 624 394 650; x_wconf 79' lang='grc' dir='ltr'><strong><em>μονον</em></strong></span> <span class='ocrx_word' id='word_1_20' title='bbox 407 622 441 643; x_wconf 78' lang='grc' dir='ltr'>εις</span> <span class='ocrx_word' id='word_1_21' title='bbox 454 621 571 644; x_wconf 68' lang='grc' dir='ltr'>ταυτην,</span> <span class='ocrx_word' id='word_1_22' title='bbox 584 614 671 638; x_wconf 79' lang='grc' dir='ltr'><strong>αλλοι</strong></span> <span class='ocrx_word' id='word_1_23' title='bbox 684 620 734 637; x_wconf 74' lang='grc' dir='ltr'>και</span> <span class='ocrx_word' id='word_1_24' title='bbox 750 619 782 637; x_wconf 73' lang='grc' dir='ltr'>εκ</span> <span class='ocrx_word' id='word_1_25' title='bbox 798 619 917 641; x_wconf 63' lang='grc' dir='ltr'>σαυτῆς,</span> <span class='ocrx_word' id='word_1_26' title='bbox 934 613 1003 646; x_wconf 72' lang='grc' dir='ltr'>φασι</span> 
     </span>
     <span class='ocr_line' id='line_1_5' title="bbox 286 661 1003 704; baseline -0.007 -10"><span class='ocrx_word' id='word_1_27' title='bbox 286 677 354 697; x_wconf 68' lang='grc' dir='ltr'><strong><em>τινες</em></strong></span> <span class='ocrx_word' id='word_1_28' title='bbox 378 665 438 704; x_wconf 81' lang='grc' dir='ltr'><strong><em>ῥειν·</em></strong></span> <span class='ocrx_word' id='word_1_29' title='bbox 464 665 752 692; x_wconf 76' lang='grc' dir='ltr'>ΔΙΗΘΟΥΜΕΝΟΝ</span> <span class='ocrx_word' id='word_1_30' title='bbox 777 673 834 701; x_wconf 67' lang='grc' dir='ltr'>’γαρ</span> <span class='ocrx_word' id='word_1_31' title='bbox 857 661 1003 699; x_wconf 71' lang='grc' dir='ltr'>γιγνεσθαι</span> 
     </span>
     <span class='ocr_line' id='line_1_6' title="bbox 284 711 1005 755; baseline -0.008 -10"><span class='ocrx_word' id='word_1_32' title='bbox 284 728 318 745; x_wconf 76' lang='lat' dir='ltr'>‹ro</span> <span class='ocrx_word' id='word_1_33' title='bbox 348 716 471 755; x_wconf 71' lang='grc' dir='ltr'><strong><em>ἁλμυρον</em></strong></span> <span class='ocrx_word' id='word_1_34' title='bbox 503 725 629 752; x_wconf 63' lang='lat' dir='ltr'>roa-mov.</span> <span class='ocrx_word' id='word_1_35' title='bbox 676 711 862 741; x_wconf 86' lang='lat' dir='ltr'>Adscribam</span> <span class='ocrx_word' id='word_1_36' title='bbox 882 720 1005 750; x_wconf 91' lang='lat' dir='ltr'>quoque</span> 
     </span>
     <span class='ocr_line' id='line_1_7' title="bbox 286 760 1004 804; baseline -0.008 -9"><span class='ocrx_word' id='word_1_37' title='bbox 286 764 447 804; x_wconf 83' lang='lat' dir='ltr'>pulchram</span> <span class='ocrx_word' id='word_1_38' title='bbox 473 763 637 802; x_wconf 88' lang='lat' dir='ltr'>periodum</span> <span class='ocrx_word' id='word_1_39' title='bbox 660 761 810 798; x_wconf 87' lang='lat' dir='ltr'>Vitruvii‚</span> <span class='ocrx_word' id='word_1_40' title='bbox 830 760 864 790; x_wconf 91' lang='lat' dir='ltr'>in</span> <span class='ocrx_word' id='word_1_41' title='bbox 887 760 952 790; x_wconf 84' lang='lat' dir='ltr'>viii.</span> <span class='ocrx_word' id='word_1_42' title='bbox 979 764 1004 790; x_wconf 90' lang='lat' dir='ltr'>l.</span> 
     </span>
     <span class='ocr_line' id='line_1_8' title="bbox 283 810 1007 852; baseline -0.008 -7"><span class='ocrx_word' id='word_1_43' title='bbox 283 815 368 845; x_wconf 88' lang='lat' dir='ltr'>unde</span> <span class='ocrx_word' id='word_1_44' title='bbox 389 820 421 845; x_wconf 85' lang='lat' dir='ltr'>et</span> <span class='ocrx_word' id='word_1_45' title='bbox 441 815 540 844; x_wconf 84' lang='lat' dir='ltr'>oratio</span> <span class='ocrx_word' id='word_1_46' title='bbox 561 819 593 843; x_wconf 90' lang='lat' dir='ltr'>et</span> <span class='ocrx_word' id='word_1_47' title='bbox 613 816 838 852; x_wconf 87' lang='lat' dir='ltr'>argumentum</span> <span class='ocrx_word' id='word_1_48' title='bbox 863 810 935 840; x_wconf 85' lang='lat' dir='ltr'>Cari</span> <span class='ocrx_word' id='word_1_49' title='bbox 958 810 1007 840; x_wconf 91' lang='lat' dir='ltr'>lu-</span> 
     </span>
     <span class='ocr_line' id='line_1_9' title="bbox 282 861 1002 902; baseline -0.008 -6"><span class='ocrx_word' id='word_1_50' title='bbox 282 876 351 896; x_wconf 85' lang='lat' dir='ltr'>cem</span> <span class='ocrx_word' id='word_1_51' title='bbox 389 865 584 896; x_wconf 80' lang='lat' dir='ltr'>derivabunt:</span> <span class='ocrx_word' id='word_1_52' title='bbox 625 867 647 881; x_wconf 77' lang='lat'>‘⁶</span> <span class='ocrx_word' id='word_1_53' title='bbox 675 861 845 892; x_wconf 82' lang='lat' dir='ltr'>Intervalla</span> <span class='ocrx_word' id='word_1_54' title='bbox 879 871 1002 902; x_wconf 87' lang='lat' dir='ltr'>quoque</span> 
     </span>
     <span class='ocr_line' id='line_1_10' title="bbox 283 912 1004 951; baseline -0.007 -5"><span class='ocrx_word' id='word_1_55' title='bbox 283 919 303 934; x_wconf 90' lang='lat'><strong>“</strong></span> <span class='ocrx_word' id='word_1_56' title='bbox 319 917 476 946; x_wconf 84' lang='lat' dir='ltr'>montium</span> <span class='ocrx_word' id='word_1_57' title='bbox 490 914 626 944; x_wconf 79' lang='lat' dir='ltr'>maxime</span> <span class='ocrx_word' id='word_1_58' title='bbox 642 912 795 951; x_wconf 86' lang='lat' dir='ltr'>recipiunt</span> <span class='ocrx_word' id='word_1_59' title='bbox 810 912 939 949; x_wconf 87' lang='lat' dir='ltr'>imbres;</span> <span class='ocrx_word' id='word_1_60' title='bbox 963 917 1004 950; x_wconf 90' lang='lat' dir='ltr'>et,</span> 
     </span>
     <span class='ocr_line' id='line_1_11' title="bbox 281 963 1003 1005; baseline -0.004 -9"><span class='ocrx_word' id='word_1_61' title='bbox 281 970 302 985; x_wconf 74' lang='lat'>‘⁴</span> <span class='ocrx_word' id='word_1_62' title='bbox 318 972 442 1005; x_wconf 86' lang='lat' dir='ltr'>propter</span> <span class='ocrx_word' id='word_1_63' title='bbox 456 965 612 1004; x_wconf 83' lang='lat' dir='ltr'><strong>sylvarum</strong></span> <span class='ocrx_word' id='word_1_64' title='bbox 633 963 838 1002; x_wconf 81' lang='lat' dir='ltr'><strong>crebritatem,</strong></span> <span class='ocrx_word' id='word_1_65' title='bbox 859 964 944 994; x_wconf 89' lang='lat' dir='ltr'>nives</span> <span class='ocrx_word' id='word_1_66' title='bbox 961 963 1003 994; x_wconf 89' lang='lat' dir='ltr'>ibi</span> 
     </span>
     <span class='ocr_line' id='line_1_12' title="bbox 282 1015 1005 1046; baseline -0.001 0"><span class='ocrx_word' id='word_1_67' title='bbox 282 1021 302 1035; x_wconf 87' lang='lat'>“</span> <span class='ocrx_word' id='word_1_68' title='bbox 318 1018 357 1046; x_wconf 92' lang='lat' dir='ltr'>ab</span> <span class='ocrx_word' id='word_1_69' title='bbox 373 1016 491 1046; x_wconf 90' lang='lat' dir='ltr'>umbris</span> <span class='ocrx_word' id='word_1_70' title='bbox 504 1017 650 1046; x_wconf 84' lang='lat' dir='ltr'>arborum</span> <span class='ocrx_word' id='word_1_71' title='bbox 666 1021 697 1045; x_wconf 90' lang='lat' dir='ltr'>et</span> <span class='ocrx_word' id='word_1_72' title='bbox 711 1015 868 1045; x_wconf 90' lang='lat' dir='ltr'>montium</span> <span class='ocrx_word' id='word_1_73' title='bbox 884 1015 1005 1045; x_wconf 87' lang='lat' dir='ltr'>diutius</span> 
     </span>
     <span class='ocr_line' id='line_1_13' title="bbox 281 1065 1003 1106; baseline -0.003 -9"><span class='ocrx_word' id='word_1_74' title='bbox 281 1071 301 1085; x_wconf 85' lang='lat'><strong>“</strong></span> <span class='ocrx_word' id='word_1_75' title='bbox 317 1072 553 1097; x_wconf 83' lang='lat' dir='ltr'><strong>conservantur:</strong></span> <span class='ocrx_word' id='word_1_76' title='bbox 581 1065 705 1103; x_wconf 86' lang='lat' dir='ltr'>deinde,</span> <span class='ocrx_word' id='word_1_77' title='bbox 729 1065 853 1106; x_wconf 70' lang='lat' dir='ltr'>liquatae</span> <span class='ocrx_word' id='word_1_78' title='bbox 875 1076 929 1105; x_wconf 81' lang='lat' dir='ltr'>per</span> <span class='ocrx_word' id='word_1_79' title='bbox 943 1071 1003 1095; x_wconf 89' lang='lat' dir='ltr'>ter-</span> 
     </span>
     <span class='ocr_line' id='line_1_14' title="bbox 283 1117 1005 1157; baseline -0.003 -9"><span class='ocrx_word' id='word_1_80' title='bbox 283 1122 306 1137; x_wconf 89' lang='lat'>“</span> <span class='ocrx_word' id='word_1_81' title='bbox 321 1128 364 1148; x_wconf 85' lang='lat' dir='ltr'>rae</span> <span class='ocrx_word' id='word_1_82' title='bbox 379 1128 472 1148; x_wconf 85' lang='lat' dir='ltr'>venas</span> <span class='ocrx_word' id='word_1_83' title='bbox 483 1119 693 1157; x_wconf 81' lang='lat' dir='ltr'><em>percolantur,</em></span> <span class='ocrx_word' id='word_1_84' title='bbox 714 1122 745 1146; x_wconf 88' lang='lat' dir='ltr'>et</span> <span class='ocrx_word' id='word_1_85' title='bbox 759 1117 803 1147; x_wconf 87' lang='lat' dir='ltr'>ita</span> <span class='ocrx_word' id='word_1_86' title='bbox 821 1117 1005 1156; x_wconf 88' lang='lat' dir='ltr'>perveniunt</span> 
     </span>
     <span class='ocr_line' id='line_1_15' title="bbox 281 1166 1005 1207; baseline -0.004 -8"><span class='ocrx_word' id='word_1_87' title='bbox 281 1172 304 1187; x_wconf 87' lang='lat'><strong>“</strong></span> <span class='ocrx_word' id='word_1_88' title='bbox 321 1168 361 1199; x_wconf 90' lang='lat' dir='ltr'>ad</span> <span class='ocrx_word' id='word_1_89' title='bbox 373 1168 498 1198; x_wconf 82' lang='lat' dir='ltr'>infimas</span> <span class='ocrx_word' id='word_1_90' title='bbox 510 1167 668 1197; x_wconf 87' lang='lat' dir='ltr'>montium</span> <span class='ocrx_word' id='word_1_91' title='bbox 681 1166 813 1204; x_wconf 87' lang='lat' dir='ltr'>radices;</span> <span class='ocrx_word' id='word_1_92' title='bbox 840 1177 877 1197; x_wconf 87' lang='lat' dir='ltr'>ex</span> <span class='ocrx_word' id='word_1_93' title='bbox 893 1167 1005 1207; x_wconf 90' lang='lat' dir='ltr'>quibus</span> 
     </span>
     <span class='ocr_line' id='line_1_16' title="bbox 282 1217 1002 1258; baseline -0.003 -9"><span class='ocrx_word' id='word_1_94' title='bbox 282 1222 305 1238; x_wconf 76' lang='lat'>‘⁶</span> <span class='ocrx_word' id='word_1_95' title='bbox 320 1218 508 1258; x_wconf 85' lang='lat' dir='ltr'>profluentes</span> <span class='ocrx_word' id='word_1_96' title='bbox 522 1218 660 1247; x_wconf 85' lang='lat' dir='ltr'>fontium</span> <span class='ocrx_word' id='word_1_97' title='bbox 674 1223 846 1257; x_wconf 87' lang='lat' dir='ltr'>erumpunt</span> <span class='ocrx_word' id='word_1_98' title='bbox 861 1217 1002 1248; x_wconf 85' lang='lat' dir='ltr'>fluctus.‘&#39;</span> 
     </span>
    </p>

    <p class='ocr_par' dir='ltr' id='par_1_4' title="bbox 283 1269 1003 1352">
     <span class='ocr_line' id='line_1_17' title="bbox 323 1269 1003 1308; baseline -0.003 -8"><span class='ocrx_word' id='word_1_99' title='bbox 323 1270 398 1300; x_wconf 90' lang='lat' dir='ltr'>Ver.</span> <span class='ocrx_word' id='word_1_100' title='bbox 415 1272 485 1300; x_wconf 84' lang='lat'>271.</span> <span class='ocrx_word' id='word_1_101' title='bbox 511 1275 602 1308; x_wconf 78' lang='lat' dir='ltr'>capue</span> <span class='ocrx_word' id='word_1_102' title='bbox 619 1269 769 1299; x_wconf 83' lang='lat' dir='ltr'>amnibus.</span> <span class='ocrx_word' id='word_1_103' title='bbox 804 1269 909 1306; x_wconf 87' lang='lat' dir='ltr'>Maro,</span> <span class='ocrx_word' id='word_1_104' title='bbox 936 1278 1003 1308; x_wconf 87' lang='lat' dir='ltr'>geo.</span> 
     </span>
     <span class='ocr_line' id='line_1_18' title="bbox 283 1320 409 1352; baseline -0.008 -2"><span class='ocrx_word' id='word_1_105' title='bbox 283 1320 322 1350; x_wconf 83' lang='lat' dir='ltr'>iv.</span> <span class='ocrx_word' id='word_1_106' title='bbox 337 1323 409 1352; x_wconf 82' lang='grc'><strong>519.</strong></span> 
     </span>
    </p>
   </div>
   <div class='ocr_carea' id='block_1_4' title="bbox 301 1405 987 1437">
    <p class='ocr_par' dir='ltr' id='par_1_5' title="bbox 301 1405 987 1437">
     <span class='ocr_line' id='line_1_19' title="bbox 301 1405 987 1437; baseline -0.007 -5"><span class='ocrx_word' id='word_1_107' title='bbox 301 1406 396 1431; x_wconf 81' lang='lat' dir='ltr'>Tristis</span> <span class='ocrx_word' id='word_1_108' title='bbox 406 1406 440 1431; x_wconf 89' lang='lat' dir='ltr'>ad</span> <span class='ocrx_word' id='word_1_109' title='bbox 450 1407 570 1432; x_wconf 78' lang='lat' dir='ltr'>extremi</span> <span class='ocrx_word' id='word_1_110' title='bbox 579 1412 683 1431; x_wconf 86' lang='lat' dir='ltr'>sacrum</span> <span class='ocrx_word' id='word_1_111' title='bbox 696 1408 773 1437; x_wconf 74' lang='lat' dir='ltr'>caput</span> <span class='ocrx_word' id='word_1_112' title='bbox 781 1405 883 1429; x_wconf 83' lang='lat' dir='ltr'>adstitit</span> <span class='ocrx_word' id='word_1_113' title='bbox 895 1405 987 1428; x_wconf 77' lang='lat' dir='ltr'>amnis.</span> 
     </span>
    </p>
   </div>
   <div class='ocr_carea' id='block_1_5' title="bbox 283 1479 1004 1734">
    <p class='ocr_par' dir='ltr' id='par_1_6' title="bbox 283 1479 1004 1734">
     <span class='ocr_line' id='line_1_20' title="bbox 324 1479 1002 1524; baseline -0.01 -10"><span class='ocrx_word' id='word_1_114' title='bbox 324 1483 399 1514; x_wconf 83' lang='lat' dir='ltr'>Ver.</span> <span class='ocrx_word' id='word_1_115' title='bbox 412 1486 483 1514; x_wconf 77' lang='lat'><strong>272.</strong></span> <span class='ocrx_word' id='word_1_116' title='bbox 494 1484 593 1524; x_wconf 82' lang='lat' dir='ltr'>fluit:</span> <span class='ocrx_word' id='word_1_117' title='bbox 620 1482 781 1520; x_wconf 74' lang='lat' dir='ltr'>n.fluvit;</span> <span class='ocrx_word' id='word_1_118' title='bbox 808 1485 846 1509; x_wconf 88' lang='lat' dir='ltr'>ut</span> <span class='ocrx_word' id='word_1_119' title='bbox 861 1479 935 1509; x_wconf 87' lang='lat' dir='ltr'>alibi</span> <span class='ocrx_word' id='word_1_120' title='bbox 951 1489 1002 1509; x_wconf 89' lang='lat' dir='ltr'>co-</span> 
     </span>
     <span class='ocr_line' id='line_1_21' title="bbox 283 1534 422 1564; baseline 0 0"><span class='ocrx_word' id='word_1_121' title='bbox 283 1534 342 1564; x_wconf 83' lang='lat' dir='ltr'>dex</span> <span class='ocrx_word' id='word_1_122' title='bbox 358 1534 422 1564; x_wconf 88' lang='lat' dir='ltr'>iste.</span> 
     </span>
     <span class='ocr_line' id='line_1_22' title="bbox 325 1580 1004 1624; baseline -0.006 -10"><span class='ocrx_word' id='word_1_123' title='bbox 325 1584 406 1614; x_wconf 92' lang='lat' dir='ltr'>Ibid.</span> <span class='ocrx_word' id='word_1_124' title='bbox 416 1585 498 1624; x_wconf 84' lang='lat' dir='ltr'>fluit</span> <span class='ocrx_word' id='word_1_125' title='bbox 519 1584 657 1623; x_wconf 81' lang='lat' dir='ltr'><em>agmine:</em></span> <span class='ocrx_word' id='word_1_126' title='bbox 686 1580 850 1621; x_wconf 81' lang='lat' dir='ltr'><strong>Virgilius,</strong></span> <span class='ocrx_word' id='word_1_127' title='bbox 875 1581 948 1611; x_wconf 86' lang='lat' dir='ltr'>AEn.</span> <span class='ocrx_word' id='word_1_128' title='bbox 972 1580 1004 1611; x_wconf 89' lang='lat' dir='ltr'>ii.</span> 
     </span>
     <span class='ocr_line' id='line_1_23' title="bbox 284 1640 354 1668; baseline 0 0"><span class='ocrx_word' id='word_1_129' title='bbox 284 1640 354 1668; x_wconf 77' lang='lat'><strong>782.</strong></span> 
     </span>
     <span class='ocr_line' id='line_1_24' title="bbox 584 1702 934 1734; baseline -0.009 -6"><span class='ocrx_word' id='word_1_130' title='bbox 584 1704 636 1729; x_wconf 86' lang='lat' dir='ltr'>leni</span> <span class='ocrx_word' id='word_1_131' title='bbox 638 1703 701 1734; x_wconf 76' lang='lat' dir='ltr'>fluit</span> <span class='ocrx_word' id='word_1_132' title='bbox 711 1702 811 1734; x_wconf 80' lang='lat' dir='ltr'><em>agmine</em></span> <span class='ocrx_word' id='word_1_133' title='bbox 820 1702 918 1734; x_wconf 77' lang='lat' dir='ltr'>Tybris</span> <span class='ocrx_word' id='word_1_134' title='bbox 927 1709 934 1725; x_wconf 89' lang='lat'>:</span> 
     </span>
    </p>
   </div>
   <div class='ocr_carea' id='block_1_6' title="bbox 282 1762 1004 1804">
    <p class='ocr_par' dir='ltr' id='par_1_7' title="bbox 282 1762 1004 1804">
     <span class='ocr_line' id='line_1_25' title="bbox 282 1762 1004 1804; baseline -0.006 -9"><span class='ocrx_word' id='word_1_135' title='bbox 282 1770 351 1804; x_wconf 83' lang='lat' dir='ltr'>post</span> <span class='ocrx_word' id='word_1_136' title='bbox 365 1764 520 1801; x_wconf 87' lang='lat' dir='ltr'>Ennium,</span> <span class='ocrx_word' id='word_1_137' title='bbox 541 1763 624 1802; x_wconf 86' lang='lat' dir='ltr'>apud</span> <span class='ocrx_word' id='word_1_138' title='bbox 651 1763 789 1792; x_wconf 82' lang='lat' dir='ltr'>Macrob.</span> <span class='ocrx_word' id='word_1_139' title='bbox 821 1762 883 1792; x_wconf 85' lang='lat' dir='ltr'>Sat.</span> <span class='ocrx_word' id='word_1_140' title='bbox 913 1763 951 1792; x_wconf 79' lang='lat' dir='ltr'>vi.</span> <span class='ocrx_word' id='word_1_141' title='bbox 976 1765 1004 1791; x_wconf 88' lang='lat'>4.</span> 
     </span>
    </p>
   </div>
   <div class='ocr_carea' id='block_1_7' title="bbox 283 1816 1004 1899">
    <p class='ocr_par' dir='ltr' id='par_1_8' title="bbox 283 1816 1004 1899">
     <span class='ocr_line' id='line_1_26' title="bbox 283 1816 1004 1854; baseline -0.006 -5"><span class='ocrx_word' id='word_1_142' title='bbox 283 1818 465 1848; x_wconf 86' lang='lat' dir='ltr'>Lambinus.</span> <span class='ocrx_word' id='word_1_143' title='bbox 506 1817 596 1848; x_wconf 87' lang='lat' dir='ltr'><strong>Adde</strong></span> <span class='ocrx_word' id='word_1_144' title='bbox 614 1817 775 1847; x_wconf 85' lang='lat' dir='ltr'>Valerium</span> <span class='ocrx_word' id='word_1_145' title='bbox 791 1816 950 1854; x_wconf 86' lang='lat' dir='ltr'>Flaccum,</span> <span class='ocrx_word' id='word_1_146' title='bbox 967 1816 1004 1846; x_wconf 86' lang='lat' dir='ltr'>iv.</span> 
     </span>
     <span class='ocr_line' id='line_1_27' title="bbox 286 1871 357 1899; baseline 0 0"><span class='ocrx_word' id='word_1_147' title='bbox 286 1871 357 1899; x_wconf 81' lang='lat'>721.</span> 
     </span>
    </p>
   </div>
   <div class='ocr_carea' id='block_1_8' title="bbox 285 1953 469 1962">
    <p class='ocr_par' dir='ltr' id='par_1_9' title="bbox 285 1953 469 1962">
     <span class='ocr_line' id='line_1_28' title="bbox 285 1953 469 1962; baseline 0 1262"><span class='ocrx_word' id='word_1_148' title='bbox 285 1953 469 1962; x_wconf 95' lang='lat' dir='ltr'> </span> 
     </span>
    </p>
   </div>
   <div class='ocr_carea' id='block_1_9' title="bbox 284 1942 975 2049">
    <p class='ocr_par' dir='ltr' id='par_1_10' title="bbox 284 1942 975 2049">
     <span class='ocr_line' id='line_1_29' title="bbox 473 1942 935 1974; baseline 0 -8"><span class='ocrx_word' id='word_1_149' title='bbox 473 1942 593 1972; x_wconf 76' lang='lat' dir='ltr'>flumineo</span> <span class='ocrx_word' id='word_1_150' title='bbox 604 1943 639 1967; x_wconf 84' lang='lat' dir='ltr'>sic</span> <span class='ocrx_word' id='word_1_151' title='bbox 651 1943 750 1974; x_wconf 79' lang='lat' dir='ltr'>agmine</span> <span class='ocrx_word' id='word_1_152' title='bbox 760 1942 841 1974; x_wconf 84' lang='lat' dir='ltr'>fregit</span> <span class='ocrx_word' id='word_1_153' title='bbox 853 1942 935 1966; x_wconf 83' lang='lat' dir='ltr'>amari</span> 
     </span>
     <span class='ocr_line' id='line_1_30' title="bbox 286 1980 975 2013; baseline 0.001 -9"><span class='ocrx_word' id='word_1_154' title='bbox 286 1980 346 2006; x_wconf 84' lang='lat' dir='ltr'>Vim</span> <span class='ocrx_word' id='word_1_155' title='bbox 362 1981 429 2011; x_wconf 83' lang='lat' dir='ltr'>salis,</span> <span class='ocrx_word' id='word_1_156' title='bbox 447 1981 508 2006; x_wconf 87' lang='lat' dir='ltr'>hinc</span> <span class='ocrx_word' id='word_1_157' title='bbox 523 1983 614 2006; x_wconf 80' lang='lat' dir='ltr'>Boreae</span> <span class='ocrx_word' id='word_1_158' title='bbox 626 1982 722 2006; x_wconf 83' lang='lat' dir='ltr'>cedens</span> <span class='ocrx_word' id='word_1_159' title='bbox 730 1982 897 2013; x_wconf 72' lang='lat' dir='ltr'>gloriantibus</span> <span class='ocrx_word' id='word_1_160' title='bbox 907 1981 975 2005; x_wconf 85' lang='lat' dir='ltr'>auris</span> 
     </span>
     <span class='ocr_line' id='line_1_31' title="bbox 284 2019 935 2049; baseline -0.002 -5"><span class='ocrx_word' id='word_1_161' title='bbox 284 2021 393 2049; x_wconf 86' lang='lat' dir='ltr'>Pontus,</span> <span class='ocrx_word' id='word_1_162' title='bbox 409 2024 436 2045; x_wconf 80' lang='lat' dir='ltr'>et</span> <span class='ocrx_word' id='word_1_163' title='bbox 447 2020 544 2045; x_wconf 65' lang='lat' dir='ltr'>exorta</span> <span class='ocrx_word' id='word_1_164' title='bbox 555 2019 637 2044; x_wconf 79' lang='lat' dir='ltr'>facilis</span> <span class='ocrx_word' id='word_1_165' title='bbox 648 2027 819 2045; x_wconf 78' lang='lat' dir='ltr'>concrescere</span> <span class='ocrx_word' id='word_1_166' title='bbox 829 2020 935 2045; x_wconf 63' lang='lat' dir='ltr'>bruma.</span> 
     </span>
    </p>
   </div>
   <div class='ocr_carea' id='block_1_10' title="bbox 285 2094 1010 2384">
    <p class='ocr_par' dir='ltr' id='par_1_11' title="bbox 285 2094 1010 2384">
     <span class='ocr_line' id='line_1_32' title="bbox 285 2094 1007 2135; baseline 0.001 -12"><span class='ocrx_word' id='word_1_167' title='bbox 285 2094 351 2124; x_wconf 88' lang='lat' dir='ltr'>Ubi</span> <span class='ocrx_word' id='word_1_168' title='bbox 380 2094 469 2133; x_wconf 86' lang='lat' dir='ltr'>plura</span> <span class='ocrx_word' id='word_1_169' title='bbox 498 2095 713 2132; x_wconf 83' lang='lat' dir='ltr'>Burmannus,</span> <span class='ocrx_word' id='word_1_170' title='bbox 733 2095 881 2134; x_wconf 84' lang='lat' dir='ltr'>phrasim,</span> <span class='ocrx_word' id='word_1_171' title='bbox 913 2105 1007 2135; x_wconf 90' lang='lat' dir='ltr'>quam</span> 
     </span>
     <span class='ocr_line' id='line_1_33' title="bbox 286 2145 1008 2182; baseline 0.001 -8"><span class='ocrx_word' id='word_1_172' title='bbox 286 2145 482 2182; x_wconf 68' lang='lat' dir='ltr'>ventilamus,</span> <span class='ocrx_word' id='word_1_173' title='bbox 497 2145 692 2176; x_wconf 83' lang='lat' dir='ltr'>illustrantia.</span> <span class='ocrx_word' id='word_1_174' title='bbox 719 2146 767 2175; x_wconf 90' lang='lat' dir='ltr'>Sic</span> <span class='ocrx_word' id='word_1_175' title='bbox 783 2152 887 2176; x_wconf 90' lang='lat' dir='ltr'>autem</span> <span class='ocrx_word' id='word_1_176' title='bbox 904 2156 1008 2176; x_wconf 87' lang='lat' dir='ltr'>versus</span> 
     </span>
     <span class='ocr_line' id='line_1_34' title="bbox 286 2197 1008 2238; baseline 0.001 -12"><span class='ocrx_word' id='word_1_177' title='bbox 286 2203 368 2227; x_wconf 84' lang='lat' dir='ltr'>recte</span> <span class='ocrx_word' id='word_1_178' title='bbox 382 2198 486 2237; x_wconf 72' lang='lat' dir='ltr'>scripti</span> <span class='ocrx_word' id='word_1_179' title='bbox 503 2197 650 2238; x_wconf 87' lang='lat' dir='ltr'>leguntur</span> <span class='ocrx_word' id='word_1_180' title='bbox 665 2198 697 2227; x_wconf 90' lang='lat' dir='ltr'>in</span> <span class='ocrx_word' id='word_1_181' title='bbox 716 2197 788 2228; x_wconf 82' lang='lat' dir='ltr'>edit.</span> <span class='ocrx_word' id='word_1_182' title='bbox 804 2198 916 2228; x_wconf 80' lang='lat' dir='ltr'>Venet.</span> <span class='ocrx_word' id='word_1_183' title='bbox 932 2198 1008 2227; x_wconf 89' lang='lat' dir='ltr'>anni</span> 
     </span>
     <span class='ocr_line' id='line_1_35' title="bbox 289 2249 1007 2280; baseline 0.001 -2"><span class='ocrx_word' id='word_1_184' title='bbox 289 2250 380 2279; x_wconf 82' lang='lat'>1501.</span> <span class='ocrx_word' id='word_1_185' title='bbox 413 2249 457 2279; x_wconf 87' lang='lat' dir='ltr'>Et</span> <span class='ocrx_word' id='word_1_186' title='bbox 472 2250 562 2279; x_wconf 78' lang='lat' dir='ltr'>verba</span> <span class='ocrx_word' id='word_1_187' title='bbox 576 2252 636 2280; x_wconf 79' lang='lat' dir='ltr'>vim</span> <span class='ocrx_word' id='word_1_188' title='bbox 657 2251 731 2280; x_wconf 78' lang='lat' dir='ltr'>salis</span> <span class='ocrx_word' id='word_1_189' title='bbox 753 2255 894 2279; x_wconf 87' lang='lat' dir='ltr'>accurate</span> <span class='ocrx_word' id='word_1_190' title='bbox 913 2250 1007 2279; x_wconf 90' lang='lat' dir='ltr'>inter-</span> 
     </span>
     <span class='ocr_line' id='line_1_36' title="bbox 287 2300 1010 2338; baseline 0.001 -9"><span class='ocrx_word' id='word_1_191' title='bbox 287 2306 447 2338; x_wconf 82' lang='lat' dir='ltr'>pretantur</span> <span class='ocrx_word' id='word_1_192' title='bbox 470 2303 553 2332; x_wconf 83' lang='lat' dir='ltr'>virus</span> <span class='ocrx_word' id='word_1_193' title='bbox 580 2300 813 2331; x_wconf 87' lang='lat' dir='ltr'>Lucretianum.</span> <span class='ocrx_word' id='word_1_194' title='bbox 858 2300 1010 2338; x_wconf 86' lang='lat' dir='ltr'>Avienus,</span> 
     </span>
     <span class='ocr_line' id='line_1_37' title="bbox 288 2350 750 2384; baseline 0.013 -6"><span class='ocrx_word' id='word_1_195' title='bbox 288 2351 351 2380; x_wconf 93' lang='lat' dir='ltr'>orb.</span> <span class='ocrx_word' id='word_1_196' title='bbox 368 2350 447 2383; x_wconf 86' lang='lat' dir='ltr'>desc.</span> <span class='ocrx_word' id='word_1_197' title='bbox 463 2355 536 2384; x_wconf 81' lang='lat'><em>572.</em></span> <span class='ocrx_word' id='word_1_198' title='bbox 555 2353 595 2383; x_wconf 91' lang='lat' dir='ltr'>de</span> <span class='ocrx_word' id='word_1_199' title='bbox 610 2352 750 2384; x_wconf 66' lang='lat' dir='ltr'>Eurota.-</span> 
     </span>
    </p>
   </div>
   <div class='ocr_carea' id='block_1_11' title="bbox 316 2425 943 2458">
    <p class='ocr_par' dir='ltr' id='par_1_12' title="bbox 316 2425 943 2458">
     <span class='ocr_line' id='line_1_38' title="bbox 316 2425 943 2458; baseline 0.002 -8"><span class='ocrx_word' id='word_1_200' title='bbox 316 2435 408 2444; x_wconf 81' lang='lat'>——-</span> <span class='ocrx_word' id='word_1_201' title='bbox 420 2425 560 2457; x_wconf 80' lang='lat' dir='ltr'>Amycleas</span> <span class='ocrx_word' id='word_1_202' title='bbox 571 2425 651 2451; x_wconf 76' lang='lat' dir='ltr'>celeri</span> <span class='ocrx_word' id='word_1_203' title='bbox 661 2429 726 2450; x_wconf 79' lang='lat' dir='ltr'>secat</span> <span class='ocrx_word' id='word_1_204' title='bbox 735 2426 836 2458; x_wconf 76' lang='lat' dir='ltr'>agmine</span> <span class='ocrx_word' id='word_1_205' title='bbox 846 2429 924 2450; x_wconf 81' lang='lat' dir='ltr'>terras</span> <span class='ocrx_word' id='word_1_206' title='bbox 935 2435 943 2451; x_wconf 91' lang='lat'><em>:</em></span> 
     </span>
    </p>
   </div>
   <div class='ocr_carea' id='block_1_12' title="bbox 285 2487 1008 2941">
    <p class='ocr_par' dir='ltr' id='par_1_13' title="bbox 285 2487 1008 2941">
     <span class='ocr_line' id='line_1_39' title="bbox 286 2487 1006 2529; baseline 0.006 -14"><span class='ocrx_word' id='word_1_207' title='bbox 286 2491 322 2516; x_wconf 87' lang='lat' dir='ltr'>ut</span> <span class='ocrx_word' id='word_1_208' title='bbox 358 2487 431 2517; x_wconf 86' lang='lat' dir='ltr'>alibi</span> <span class='ocrx_word' id='word_1_209' title='bbox 460 2488 575 2527; x_wconf 85' lang='lat' dir='ltr'>saepius</span> <span class='ocrx_word' id='word_1_210' title='bbox 599 2488 760 2528; x_wconf 86' lang='lat' dir='ltr'>jucundus</span> <span class='ocrx_word' id='word_1_211' title='bbox 790 2488 842 2518; x_wconf 82' lang='lat' dir='ltr'>ine</span> <span class='ocrx_word' id='word_1_212' title='bbox 871 2489 1006 2529; x_wconf 80' lang='lat' dir='ltr'>scriptor.</span> 
     </span>
     <span class='ocr_line' id='line_1_40' title="bbox 289 2537 1006 2572; baseline 0.006 -5"><span class='ocrx_word' id='word_1_213' title='bbox 289 2537 394 2568; x_wconf 85' lang='lat' dir='ltr'>Adeas</span> <span class='ocrx_word' id='word_1_214' title='bbox 411 2539 464 2569; x_wconf 88' lang='lat' dir='ltr'>Sil.</span> <span class='ocrx_word' id='word_1_215' title='bbox 482 2540 551 2570; x_wconf 81' lang='lat' dir='ltr'>Ital.</span> <span class='ocrx_word' id='word_1_216' title='bbox 567 2540 618 2571; x_wconf 86' lang='lat' dir='ltr'>xii.</span> <span class='ocrx_word' id='word_1_217' title='bbox 639 2543 711 2572; x_wconf 85' lang='lat'><strong>619.</strong></span> <span class='ocrx_word' id='word_1_218' title='bbox 733 2546 764 2570; x_wconf 91' lang='lat' dir='ltr'>et</span> <span class='ocrx_word' id='word_1_219' title='bbox 785 2540 901 2571; x_wconf 89' lang='lat' dir='ltr'>ibidem</span> <span class='ocrx_word' id='word_1_220' title='bbox 925 2541 1006 2571; x_wconf 85' lang='lat' dir='ltr'>Dra-</span> 
     </span>
     <span class='ocr_line' id='line_1_41' title="bbox 286 2589 1007 2631; baseline 0.006 -12"><span class='ocrx_word' id='word_1_221' title='bbox 286 2589 525 2631; x_wconf 87' lang='lat' dir='ltr'>kenborchium;</span> <span class='ocrx_word' id='word_1_222' title='bbox 546 2603 620 2623; x_wconf 89' lang='lat' dir='ltr'>cum</span> <span class='ocrx_word' id='word_1_223' title='bbox 644 2593 766 2623; x_wconf 89' lang='lat' dir='ltr'>Auson.</span> <span class='ocrx_word' id='word_1_224' title='bbox 790 2592 912 2623; x_wconf 82' lang='lat' dir='ltr'>Mosen.</span> <span class='ocrx_word' id='word_1_225' title='bbox 937 2596 1007 2624; x_wconf 77' lang='lat'>245.</span> 
     </span>
     <span class='ocr_line' id='line_1_42' title="bbox 285 2640 1007 2674; baseline 0.004 -4"><span class='ocrx_word' id='word_1_226' title='bbox 285 2640 363 2671; x_wconf 87' lang='lat' dir='ltr'>Jam</span> <span class='ocrx_word' id='word_1_227' title='bbox 388 2652 473 2672; x_wconf 87' lang='lat' dir='ltr'>nunc</span> <span class='ocrx_word' id='word_1_228' title='bbox 501 2643 606 2674; x_wconf 88' lang='lat' dir='ltr'>eluam</span> <span class='ocrx_word' id='word_1_229' title='bbox 635 2643 759 2674; x_wconf 70' lang='lat' dir='ltr'>macula</span> <span class='ocrx_word' id='word_1_230' title='bbox 788 2643 1007 2674; x_wconf 89' lang='lat' dir='ltr'>nitidissimam</span> 
     </span>
     <span class='ocr_line' id='line_1_43' title="bbox 287 2691 1007 2733; baseline 0.006 -13"><span class='ocrx_word' id='word_1_231' title='bbox 287 2691 426 2732; x_wconf 89' lang='lat' dir='ltr'>alioquin</span> <span class='ocrx_word' id='word_1_232' title='bbox 464 2694 628 2725; x_wconf 81' lang='lat' dir='ltr'>Ammiani</span> <span class='ocrx_word' id='word_1_233' title='bbox 663 2693 839 2725; x_wconf 88' lang='lat' dir='ltr'>Marcellini</span> <span class='ocrx_word' id='word_1_234' title='bbox 876 2694 1007 2733; x_wconf 88' lang='lat' dir='ltr'>descrip-</span> 
     </span>
     <span class='ocr_line' id='line_1_44' title="bbox 287 2740 1008 2784; baseline 0.008 -15"><span class='ocrx_word' id='word_1_235' title='bbox 287 2740 418 2780; x_wconf 84' lang='lat' dir='ltr'>tionem,</span> <span class='ocrx_word' id='word_1_236' title='bbox 440 2754 486 2774; x_wconf 78' lang='lat' dir='ltr'>xv,</span> <span class='ocrx_word' id='word_1_237' title='bbox 516 2748 563 2775; x_wconf 89' lang='lat'>11.</span> <span class='ocrx_word' id='word_1_238' title='bbox 598 2748 620 2763; x_wconf 89' lang='lat'><strong>“</strong></span> <span class='ocrx_word' id='word_1_239' title='bbox 644 2746 675 2775; x_wconf 90' lang='lat' dir='ltr'>A</span> <span class='ocrx_word' id='word_1_240' title='bbox 703 2745 844 2775; x_wconf 84' lang='lat' dir='ltr'>Poeninis</span> <span class='ocrx_word' id='word_1_241' title='bbox 875 2745 1008 2784; x_wconf 84' lang='lat' dir='ltr'>Alpibus</span> 
     </span>
     <span class='ocr_line' id='line_1_45' title="bbox 289 2793 1006 2835; baseline 0.007 -13"><span class='ocrx_word' id='word_1_242' title='bbox 289 2795 312 2810; x_wconf 69' lang='lat'>‘³</span> <span class='ocrx_word' id='word_1_243' title='bbox 327 2793 470 2824; x_wconf 83' lang='lat' dir='ltr'>effusiore</span> <span class='ocrx_word' id='word_1_244' title='bbox 492 2796 579 2835; x_wconf 73' lang='lat' dir='ltr'>copia</span> <span class='ocrx_word' id='word_1_245' title='bbox 601 2796 738 2827; x_wconf 83' lang='lat' dir='ltr'>fontium</span> <span class='ocrx_word' id='word_1_246' title='bbox 761 2796 935 2827; x_wconf 87' lang='lat' dir='ltr'>Rhodanus</span> <span class='ocrx_word' id='word_1_247' title='bbox 949 2796 1006 2826; x_wconf 88' lang='lat' dir='ltr'>flu-</span> 
     </span>
     <span class='ocr_line' id='line_1_46' title="bbox 290 2847 1006 2889; baseline 0.01 -15"><span class='ocrx_word' id='word_1_248' title='bbox 290 2847 311 2863; x_wconf 89' lang='lat'><strong>“</strong></span> <span class='ocrx_word' id='word_1_249' title='bbox 329 2855 395 2883; x_wconf 80' lang='lat' dir='ltr'>ens,</span> <span class='ocrx_word' id='word_1_250' title='bbox 421 2852 452 2876; x_wconf 89' lang='lat' dir='ltr'>et</span> <span class='ocrx_word' id='word_1_251' title='bbox 475 2848 601 2886; x_wconf 88' lang='lat' dir='ltr'>proclivi</span> <span class='ocrx_word' id='word_1_252' title='bbox 627 2849 748 2888; x_wconf 90' lang='lat' dir='ltr'>impetu</span> <span class='ocrx_word' id='word_1_253' title='bbox 770 2850 810 2881; x_wconf 87' lang='lat' dir='ltr'>ad</span> <span class='ocrx_word' id='word_1_254' title='bbox 835 2850 975 2889; x_wconf 80' lang='lat' dir='ltr'>planiora</span> <span class='ocrx_word' id='word_1_255' title='bbox 987 2849 1006 2861; x_wconf 86' lang='lat'>&#39;&#39;</span> 
     </span>
     <span class='ocr_line' id='line_1_47' title="bbox 291 2896 1006 2941; baseline 0.008 -15"><span class='ocrx_word' id='word_1_256' title='bbox 291 2898 306 2935; x_wconf 73' lang='lat'>(</span> <span class='ocrx_word' id='word_1_257' title='bbox 308 2896 325 2926; x_wconf 88' lang='lat' dir='ltr'>i.</span> <span class='ocrx_word' id='word_1_258' title='bbox 350 2907 375 2927; x_wconf 93' lang='lat' dir='ltr'>e.</span> <span class='ocrx_word' id='word_1_259' title='bbox 398 2908 520 2938; x_wconf 70' lang='lat' dir='ltr'>aequora</span> <span class='ocrx_word' id='word_1_260' title='bbox 544 2899 682 2941; x_wconf 88' lang='lat' dir='ltr'>Virgilii,</span> <span class='ocrx_word' id='word_1_261' title='bbox 706 2901 740 2931; x_wconf 87' lang='lat' dir='ltr'>in</span> <span class='ocrx_word' id='word_1_262' title='bbox 763 2901 845 2932; x_wconf 89' lang='lat' dir='ltr'>notis</span> <span class='ocrx_word' id='word_1_263' title='bbox 867 2902 924 2933; x_wconf 91' lang='lat' dir='ltr'>sub</span> <span class='ocrx_word' id='word_1_264' title='bbox 946 2911 1006 2932; x_wconf 87' lang='lat' dir='ltr'>ver.</span> 
     </span>
    </p>
   </div>
   <div class='ocr_carea' id='block_1_13' title="bbox 1029 2963 1050 2990">
    <p class='ocr_par' dir='ltr' id='par_1_14' title="bbox 1029 2963 1050 2990">
     <span class='ocr_line' id='line_1_48' title="bbox 1029 2963 1050 2990; baseline 0 0"><span class='ocrx_word' id='word_1_265' title='bbox 1029 2963 1050 2990; x_wconf 81' lang='lat'><strong><em>5</em></strong></span> 
     </span>
    </p>
   </div>
   <div class='ocr_carea' id='block_1_14' title="bbox 1046 606 1772 2127">
    <p class='ocr_par' dir='ltr' id='par_1_15' title="bbox 1046 606 1772 2127">
     <span class='ocr_line' id='line_1_49' title="bbox 1047 606 1766 650; baseline 0.007 -14"><span class='ocrx_word' id='word_1_266' title='bbox 1047 606 1134 646; x_wconf 79' lang='lat'>264.)</span> <span class='ocrx_word' id='word_1_267' title='bbox 1157 609 1180 624; x_wconf 91' lang='lat'>“</span> <span class='ocrx_word' id='word_1_268' title='bbox 1196 606 1390 647; x_wconf 88' lang='lat' dir='ltr'>degrediens,</span> <span class='ocrx_word' id='word_1_269' title='bbox 1411 607 1536 646; x_wconf 89' lang='lat' dir='ltr'>proprio</span> <span class='ocrx_word' id='word_1_270' title='bbox 1550 610 1672 648; x_wconf 82' lang='lat' dir='ltr'>agmine</span> <span class='ocrx_word' id='word_1_271' title='bbox 1686 610 1766 650; x_wconf 83' lang='lat' dir='ltr'>ripas</span> 
     </span>
     <span class='ocr_line' id='line_1_50' title="bbox 1049 658 1766 700; baseline 0.006 -13"><span class='ocrx_word' id='word_1_272' title='bbox 1049 661 1072 676; x_wconf 89' lang='lat'><strong>“</strong></span> <span class='ocrx_word' id='word_1_273' title='bbox 1087 658 1233 696; x_wconf 83' lang='lat' dir='ltr'>occultat,</span> <span class='ocrx_word' id='word_1_274' title='bbox 1254 665 1284 688; x_wconf 87' lang='lat' dir='ltr'>et</span> <span class='ocrx_word' id='word_1_275' title='bbox 1305 658 1413 697; x_wconf 87' lang='lat' dir='ltr'>paludi</span> <span class='ocrx_word' id='word_1_276' title='bbox 1427 669 1491 689; x_wconf 87' lang='lat' dir='ltr'>sese</span> <span class='ocrx_word' id='word_1_277' title='bbox 1506 659 1688 700; x_wconf 79' lang='lat' dir='ltr'>ingurgitat,</span> <span class='ocrx_word' id='word_1_278' title='bbox 1710 671 1766 691; x_wconf 84' lang='lat' dir='ltr'>no·</span> 
     </span>
     <span class='ocr_line' id='line_1_51' title="bbox 1049 709 1769 750; baseline 0.004 -12"><span class='ocrx_word' id='word_1_279' title='bbox 1049 711 1071 726; x_wconf 89' lang='lat'>“</span> <span class='ocrx_word' id='word_1_280' title='bbox 1087 709 1173 739; x_wconf 89' lang='lat' dir='ltr'>mine</span> <span class='ocrx_word' id='word_1_281' title='bbox 1197 709 1377 746; x_wconf 82' lang='lat' dir='ltr'>Lemanno3</span> <span class='ocrx_word' id='word_1_282' title='bbox 1407 720 1538 750; x_wconf 87' lang='lat' dir='ltr'>eamque</span> <span class='ocrx_word' id='word_1_283' title='bbox 1562 711 1769 749; x_wconf 86' lang='lat' dir='ltr'>intermeans,</span> 
     </span>
     <span class='ocr_line' id='line_1_52' title="bbox 1050 761 1768 801; baseline 0.006 -12"><span class='ocrx_word' id='word_1_284' title='bbox 1050 763 1072 778; x_wconf 75' lang='lat'>‘⁶</span> <span class='ocrx_word' id='word_1_285' title='bbox 1088 770 1241 801; x_wconf 86' lang='lat' dir='ltr'>nusquam</span> <span class='ocrx_word' id='word_1_286' title='bbox 1265 761 1353 801; x_wconf 83' lang='lat' dir='ltr'>aquis</span> <span class='ocrx_word' id='word_1_287' title='bbox 1378 761 1525 792; x_wconf 87' lang='lat' dir='ltr'>miscetur</span> <span class='ocrx_word' id='word_1_288' title='bbox 1549 763 1694 800; x_wconf 82' lang='lat' dir='ltr'>externis,</span> <span class='ocrx_word' id='word_1_289' title='bbox 1714 762 1768 793; x_wconf 82' lang='lat' dir='ltr'>sed</span> 
     </span>
     <span class='ocr_line' id='line_1_53' title="bbox 1051 810 1766 852; baseline 0.004 -12"><span class='ocrx_word' id='word_1_290' title='bbox 1051 813 1073 829; x_wconf 86' lang='lat'>“</span> <span class='ocrx_word' id='word_1_291' title='bbox 1088 810 1268 841; x_wconf 84' lang='lat' dir='ltr'>altrinsecus</span> <span class='ocrx_word' id='word_1_292' title='bbox 1283 812 1477 842; x_wconf 87' lang='lat' dir='ltr'>summitates</span> <span class='ocrx_word' id='word_1_293' title='bbox 1498 812 1591 842; x_wconf 87' lang='lat' dir='ltr'>undae</span> <span class='ocrx_word' id='word_1_294' title='bbox 1613 813 1766 852; x_wconf 66' lang='lat' dir='ltr'>praeterla—</span> 
     </span>
     <span class='ocr_line' id='line_1_54' title="bbox 1046 862 1767 902; baseline 0.004 -11"><span class='ocrx_word' id='word_1_295' title='bbox 1046 864 1068 879; x_wconf 91' lang='lat'><strong>“</strong></span> <span class='ocrx_word' id='word_1_296' title='bbox 1084 863 1159 892; x_wconf 86' lang='lat' dir='ltr'>bens</span> <span class='ocrx_word' id='word_1_297' title='bbox 1188 862 1348 902; x_wconf 86' lang='lat' dir='ltr'>segnioris,</span> <span class='ocrx_word' id='word_1_298' title='bbox 1376 865 1512 894; x_wconf 80' lang='lat' dir='ltr'>eluctans</span> <span class='ocrx_word' id='word_1_299' title='bbox 1541 865 1654 902; x_wconf 82' lang='lat' dir='ltr'>exitus,</span> <span class='ocrx_word' id='word_1_300' title='bbox 1684 864 1767 894; x_wconf 83' lang='lat' dir='ltr'>viam</span> 
     </span>
     <span class='ocr_line' id='line_1_55' title="bbox 1047 911 1766 956; baseline 0.004 -14"><span class='ocrx_word' id='word_1_301' title='bbox 1047 913 1069 930; x_wconf 93' lang='lat'><strong>“</strong></span> <span class='ocrx_word' id='word_1_302' title='bbox 1085 911 1143 943; x_wconf 86' lang='lat' dir='ltr'>sibi</span> <span class='ocrx_word' id='word_1_303' title='bbox 1164 913 1283 952; x_wconf 89' lang='lat' dir='ltr'>impetu</span> <span class='ocrx_word' id='word_1_304' title='bbox 1298 913 1395 943; x_wconf 91' lang='lat' dir='ltr'>veloci</span> <span class='ocrx_word' id='word_1_305' title='bbox 1410 914 1568 945; x_wconf 86' lang='lat' dir='ltr'>molitur.”</span> <span class='ocrx_word' id='word_1_306' title='bbox 1602 915 1710 956; x_wconf 86' lang='lat' dir='ltr'>Vulgo</span> <span class='ocrx_word' id='word_1_307' title='bbox 1731 915 1766 945; x_wconf 83' lang='lat' dir='ltr'>in</span> 
     </span>
     <span class='ocr_line' id='line_1_56' title="bbox 1047 962 1767 1006; baseline 0.004 -13"><span class='ocrx_word' id='word_1_308' title='bbox 1047 962 1148 1001; x_wconf 84' lang='lat' dir='ltr'>editis,</span> <span class='ocrx_word' id='word_1_309' title='bbox 1169 967 1191 982; x_wconf 80' lang='lat'>‘⁶</span> <span class='ocrx_word' id='word_1_310' title='bbox 1207 967 1374 1004; x_wconf 78' lang='lat' dir='ltr'>qucerz&#39;tans</span> <span class='ocrx_word' id='word_1_311' title='bbox 1390 966 1520 1002; x_wconf 85' lang='lat' dir='ltr'>exitus‚”</span> <span class='ocrx_word' id='word_1_312' title='bbox 1536 965 1619 1005; x_wconf 89' lang='lat' dir='ltr'>quod</span> <span class='ocrx_word' id='word_1_313' title='bbox 1631 966 1767 1006; x_wconf 83' lang='lat' dir='ltr'>glossam</span> 
     </span>
     <span class='ocr_line' id='line_1_57' title="bbox 1047 1015 1770 1058; baseline 0.006 -14"><span class='ocrx_word' id='word_1_314' title='bbox 1047 1015 1253 1055; x_wconf 86' lang='lat' dir='ltr'>marginalem</span> <span class='ocrx_word' id='word_1_315' title='bbox 1268 1015 1359 1054; x_wconf 81' lang='lat' dir='ltr'>sapit:</span> <span class='ocrx_word' id='word_1_316' title='bbox 1378 1015 1432 1045; x_wconf 90' lang='lat' dir='ltr'>sed</span> <span class='ocrx_word' id='word_1_317' title='bbox 1443 1016 1539 1046; x_wconf 80' lang='lat' dir='ltr'>codex</span> <span class='ocrx_word' id='word_1_318' title='bbox 1549 1017 1665 1057; x_wconf 79' lang='lat' dir='ltr'>regiuS,</span> <span class='ocrx_word' id='word_1_319' title='bbox 1678 1029 1770 1058; x_wconf 86' lang='lat' dir='ltr'>erup-</span> 
     </span>
     <span class='ocr_line' id='line_1_58' title="bbox 1047 1065 1769 1102; baseline 0.006 -7"><span class='ocrx_word' id='word_1_320' title='bbox 1047 1071 1116 1096; x_wconf 80' lang='lat' dir='ltr'>tans</span> <span class='ocrx_word' id='word_1_321' title='bbox 1122 1082 1132 1102; x_wconf 91' lang='lat'><em>;</em></span> <span class='ocrx_word' id='word_1_322' title='bbox 1157 1065 1240 1095; x_wconf 89' lang='lat' dir='ltr'>unde</span> <span class='ocrx_word' id='word_1_323' title='bbox 1260 1076 1317 1095; x_wconf 91' lang='lat' dir='ltr'>nos</span> <span class='ocrx_word' id='word_1_324' title='bbox 1330 1066 1522 1096; x_wconf 86' lang='lat' dir='ltr'>verissimam</span> <span class='ocrx_word' id='word_1_325' title='bbox 1545 1073 1576 1096; x_wconf 88' lang='lat' dir='ltr'>et</span> <span class='ocrx_word' id='word_1_326' title='bbox 1592 1068 1769 1098; x_wconf 86' lang='lat' dir='ltr'>venustissi-</span> 
     </span>
     <span class='ocr_line' id='line_1_59' title="bbox 1048 1116 1771 1155; baseline 0.001 -8"><span class='ocrx_word' id='word_1_327' title='bbox 1048 1127 1134 1147; x_wconf 87' lang='lat' dir='ltr'>mam</span> <span class='ocrx_word' id='word_1_328' title='bbox 1159 1116 1324 1147; x_wconf 89' lang='lat' dir='ltr'>lectionem</span> <span class='ocrx_word' id='word_1_329' title='bbox 1351 1117 1497 1155; x_wconf 83' lang='lat' dir='ltr'>expiscati</span> <span class='ocrx_word' id='word_1_330' title='bbox 1521 1127 1636 1147; x_wconf 89' lang='lat' dir='ltr'>sumus.</span> <span class='ocrx_word' id='word_1_331' title='bbox 1680 1119 1771 1148; x_wconf 89' lang='lat' dir='ltr'>Eun-</span> 
     </span>
     <span class='ocr_line' id='line_1_60' title="bbox 1047 1167 1770 1208; baseline 0.003 -10"><span class='ocrx_word' id='word_1_332' title='bbox 1047 1167 1120 1198; x_wconf 90' lang='lat' dir='ltr'>dem</span> <span class='ocrx_word' id='word_1_333' title='bbox 1150 1169 1331 1199; x_wconf 88' lang='lat' dir='ltr'>historicum</span> <span class='ocrx_word' id='word_1_334' title='bbox 1360 1169 1551 1208; x_wconf 86' lang='lat' dir='ltr'>distinguam</span> <span class='ocrx_word' id='word_1_335' title='bbox 1587 1169 1700 1200; x_wconf 86' lang='lat' dir='ltr'>rectius</span> <span class='ocrx_word' id='word_1_336' title='bbox 1729 1169 1770 1200; x_wconf 81' lang='lat' dir='ltr'>ad</span> 
     </span>
     <span class='ocr_line' id='line_1_61' title="bbox 1049 1219 1770 1258; baseline 0.003 -10"><span class='ocrx_word' id='word_1_337' title='bbox 1049 1219 1129 1249; x_wconf 81' lang='lat' dir='ltr'>xxiV.</span> <span class='ocrx_word' id='word_1_338' title='bbox 1146 1223 1174 1250; x_wconf 78' lang='lat'>2.</span> <span class='ocrx_word' id='word_1_339' title='bbox 1198 1223 1220 1238; x_wconf 85' lang='lat'><strong>“</strong></span> <span class='ocrx_word' id='word_1_340' title='bbox 1238 1219 1326 1249; x_wconf 89' lang='lat' dir='ltr'>Hinc</span> <span class='ocrx_word' id='word_1_341' title='bbox 1348 1230 1418 1258; x_wconf 87' lang='lat' dir='ltr'>pars</span> <span class='ocrx_word' id='word_1_342' title='bbox 1442 1219 1582 1250; x_wconf 86' lang='lat' dir='ltr'>fluminis</span> <span class='ocrx_word' id='word_1_343' title='bbox 1608 1220 1770 1258; x_wconf 81' lang='lat' dir='ltr'>scinditur,</span> 
     </span>
     <span class='ocr_line' id='line_1_62' title="bbox 1048 1270 1770 1310; baseline 0.003 -11"><span class='ocrx_word' id='word_1_344' title='bbox 1048 1270 1179 1310; x_wconf 88' lang='lat' dir='ltr'>“largis</span> <span class='ocrx_word' id='word_1_345' title='bbox 1204 1281 1356 1310; x_wconf 88' lang='lat' dir='ltr'>aquarum</span> <span class='ocrx_word' id='word_1_346' title='bbox 1384 1272 1556 1310; x_wconf 82' lang='lat' dir='ltr'>agminibus</span> <span class='ocrx_word' id='word_1_347' title='bbox 1585 1271 1702 1301; x_wconf 88' lang='lat' dir='ltr'>ducens</span> <span class='ocrx_word' id='word_1_348' title='bbox 1730 1271 1770 1302; x_wconf 89' lang='lat' dir='ltr'>ad</span> 
     </span>
     <span class='ocr_line' id='line_1_63' title="bbox 1052 1321 1771 1362; baseline 0.004 -13"><span class='ocrx_word' id='word_1_349' title='bbox 1052 1323 1071 1337; x_wconf 92' lang='lat'><strong>“</strong></span> <span class='ocrx_word' id='word_1_350' title='bbox 1090 1326 1204 1350; x_wconf 86' lang='lat' dir='ltr'>tractus</span> <span class='ocrx_word' id='word_1_351' title='bbox 1220 1321 1409 1360; x_wconf 82' lang='lat' dir='ltr'>Babylonios</span> <span class='ocrx_word' id='word_1_352' title='bbox 1423 1321 1593 1357; x_wconf 85' lang='lat' dir='ltr'>interiores,</span> <span class='ocrx_word' id='word_1_353' title='bbox 1610 1321 1679 1352; x_wconf 86' lang='lat' dir='ltr'>usui</span> <span class='ocrx_word' id='word_1_354' title='bbox 1689 1323 1771 1362; x_wconf 84' lang='lat' dir='ltr'>agris</span> 
     </span>
     <span class='ocr_line' id='line_1_64' title="bbox 1052 1370 1770 1412; baseline 0.006 -13"><span class='ocrx_word' id='word_1_355' title='bbox 1052 1374 1070 1388; x_wconf 91' lang='lat'><strong>“</strong></span> <span class='ocrx_word' id='word_1_356' title='bbox 1089 1370 1195 1400; x_wconf 88' lang='lat' dir='ltr'>futura</span> <span class='ocrx_word' id='word_1_357' title='bbox 1210 1378 1240 1400; x_wconf 88' lang='lat' dir='ltr'>et</span> <span class='ocrx_word' id='word_1_358' title='bbox 1256 1371 1429 1401; x_wconf 86' lang='lat' dir='ltr'>civitatibus</span> <span class='ocrx_word' id='word_1_359' title='bbox 1450 1373 1690 1412; x_wconf 86' lang='lat' dir='ltr'>circumjectis.”</span> <span class='ocrx_word' id='word_1_360' title='bbox 1728 1374 1770 1404; x_wconf 90' lang='lat' dir='ltr'>In</span> 
     </span>
     <span class='ocr_line' id='line_1_65' title="bbox 1053 1422 1772 1462; baseline 0.006 -11"><span class='ocrx_word' id='word_1_361' title='bbox 1053 1422 1144 1452; x_wconf 88' lang='lat' dir='ltr'>editis</span> <span class='ocrx_word' id='word_1_362' title='bbox 1159 1422 1279 1461; x_wconf 76' lang='lat' dir='ltr'>virgula</span> <span class='ocrx_word' id='word_1_363' title='bbox 1293 1423 1419 1461; x_wconf 85' lang='lat' dir='ltr'>ponitur</span> <span class='ocrx_word' id='word_1_364' title='bbox 1433 1429 1501 1461; x_wconf 86' lang='lat' dir='ltr'>post</span> <span class='ocrx_word' id='word_1_365' title='bbox 1515 1426 1696 1462; x_wconf 77' lang='lat' dir='ltr'>agminibus.</span> <span class='ocrx_word' id='word_1_366' title='bbox 1727 1425 1772 1455; x_wconf 82' lang='lat' dir='ltr'>Et</span> 
     </span>
     <span class='ocr_line' id='line_1_66' title="bbox 1049 1472 1770 1511; baseline 0.006 -9"><span class='ocrx_word' id='word_1_367' title='bbox 1049 1472 1236 1511; x_wconf 80' lang='lat' dir='ltr'>Apuleium,</span> <span class='ocrx_word' id='word_1_368' title='bbox 1258 1479 1332 1502; x_wconf 89' lang='lat' dir='ltr'>met.</span> <span class='ocrx_word' id='word_1_369' title='bbox 1358 1474 1396 1503; x_wconf 82' lang='lat' dir='ltr'>iv,</span> <span class='ocrx_word' id='word_1_370' title='bbox 1425 1484 1456 1511; x_wconf 89' lang='lat' dir='ltr'>p.</span> <span class='ocrx_word' id='word_1_371' title='bbox 1485 1477 1556 1504; x_wconf 76' lang='lat'>247.</span> <span class='ocrx_word' id='word_1_372' title='bbox 1583 1475 1770 1506; x_wconf 81' lang='lat' dir='ltr'>emendabo:</span> 
     </span>
     <span class='ocr_line' id='line_1_67' title="bbox 1047 1523 1772 1565; baseline 0.007 -13"><span class='ocrx_word' id='word_1_373' title='bbox 1047 1526 1067 1540; x_wconf 88' lang='grc'>“</span> <span class='ocrx_word' id='word_1_374' title='bbox 1085 1523 1136 1552; x_wconf 87' lang='lat' dir='ltr'>De</span> <span class='ocrx_word' id='word_1_375' title='bbox 1158 1533 1283 1553; x_wconf 86' lang='lat' dir='ltr'>summo</span> <span class='ocrx_word' id='word_1_376' title='bbox 1304 1523 1418 1554; x_wconf 85' lang='lat' dir='ltr'>vertice</span> <span class='ocrx_word' id='word_1_377' title='bbox 1440 1523 1510 1554; x_wconf 84' lang='lat' dir='ltr'>fons</span> <span class='ocrx_word' id='word_1_378' title='bbox 1530 1525 1654 1565; x_wconf 56' lang='lat' dir='ltr'>effluens</span> <span class='ocrx_word' id='word_1_379' title='bbox 1679 1526 1772 1556; x_wconf 87' lang='lat' dir='ltr'>bullis</span> 
     </span>
     <span class='ocr_line' id='line_1_68' title="bbox 1048 1575 1770 1616; baseline 0.007 -13"><span class='ocrx_word' id='word_1_380' title='bbox 1048 1578 1068 1592; x_wconf 87' lang='lat'><strong>“</strong></span> <span class='ocrx_word' id='word_1_381' title='bbox 1083 1575 1264 1614; x_wconf 86' lang='lat' dir='ltr'>ingentibus</span> <span class='ocrx_word' id='word_1_382' title='bbox 1279 1575 1462 1612; x_wconf 85' lang='lat' dir='ltr'>scaturibat;</span> <span class='ocrx_word' id='word_1_383' title='bbox 1477 1586 1591 1616; x_wconf 86' lang='lat' dir='ltr'>perque</span> <span class='ocrx_word' id='word_1_384' title='bbox 1606 1587 1702 1616; x_wconf 88' lang='lat' dir='ltr'>prona</span> <span class='ocrx_word' id='word_1_385' title='bbox 1716 1577 1770 1608; x_wconf 86' lang='lat' dir='ltr'>de-</span> 
     </span>
     <span class='ocr_line' id='line_1_69' title="bbox 1048 1625 1769 1667; baseline 0.006 -13"><span class='ocrx_word' id='word_1_386' title='bbox 1048 1629 1068 1642; x_wconf 89' lang='lat'>“</span> <span class='ocrx_word' id='word_1_387' title='bbox 1084 1625 1200 1664; x_wconf 84' lang='lat' dir='ltr'>lapsus,</span> <span class='ocrx_word' id='word_1_388' title='bbox 1214 1627 1375 1656; x_wconf 86' lang='lat' dir='ltr'>evomebat</span> <span class='ocrx_word' id='word_1_389' title='bbox 1385 1625 1484 1655; x_wconf 86' lang='lat' dir='ltr'>undas</span> <span class='ocrx_word' id='word_1_390' title='bbox 1496 1633 1674 1666; x_wconf 79' lang='lat' dir='ltr'>argenteas:</span> <span class='ocrx_word' id='word_1_391' title='bbox 1686 1628 1769 1667; x_wconf 84' lang='lat' dir='ltr'>jam-</span> 
     </span>
     <span class='ocr_line' id='line_1_70' title="bbox 1048 1675 1771 1716; baseline 0.007 -13"><span class='ocrx_word' id='word_1_392' title='bbox 1048 1678 1068 1692; x_wconf 89' lang='lat'><strong>“</strong></span> <span class='ocrx_word' id='word_1_393' title='bbox 1084 1685 1153 1715; x_wconf 83' lang='lat' dir='ltr'>que,</span> <span class='ocrx_word' id='word_1_394' title='bbox 1170 1675 1279 1705; x_wconf 87' lang='lat' dir='ltr'>rivulis</span> <span class='ocrx_word' id='word_1_395' title='bbox 1293 1675 1436 1714; x_wconf 87' lang='lat' dir='ltr'>pluribus</span> <span class='ocrx_word' id='word_1_396' title='bbox 1450 1676 1615 1716; x_wconf 82' lang='lat' dir='ltr'>dispersus,</span> <span class='ocrx_word' id='word_1_397' title='bbox 1630 1688 1666 1708; x_wconf 90' lang='lat' dir='ltr'>ac</span> <span class='ocrx_word' id='word_1_398' title='bbox 1677 1678 1771 1708; x_wconf 87' lang='lat' dir='ltr'>valles</span> 
     </span>
     <span class='ocr_line' id='line_1_71' title="bbox 1050 1726 1772 1770; baseline 0.006 -14"><span class='ocrx_word' id='word_1_399' title='bbox 1050 1726 1153 1756; x_wconf 89' lang='lat' dir='ltr'>“illas</span> <span class='ocrx_word' id='word_1_400' title='bbox 1182 1729 1355 1766; x_wconf 80' lang='lat' dir='ltr'>agminibus</span> <span class='ocrx_word' id='word_1_401' title='bbox 1385 1729 1601 1768; x_wconf 83' lang='lat' dir='ltr'>stagnantibus</span> <span class='ocrx_word' id='word_1_402' title='bbox 1628 1729 1772 1770; x_wconf 73' lang='lat' dir='ltr'>irrigans,</span> 
     </span>
     <span class='ocr_line' id='line_1_72' title="bbox 1048 1777 1769 1820; baseline 0.007 -13"><span class='ocrx_word' id='word_1_403' title='bbox 1048 1781 1067 1795; x_wconf 88' lang='lat'><strong>“</strong></span> <span class='ocrx_word' id='word_1_404' title='bbox 1084 1777 1116 1807; x_wconf 84' lang='lat' dir='ltr'>in</span> <span class='ocrx_word' id='word_1_405' title='bbox 1133 1778 1263 1809; x_wconf 88' lang='lat' dir='ltr'>modum</span> <span class='ocrx_word' id='word_1_406' title='bbox 1278 1779 1368 1818; x_wconf 89' lang='lat' dir='ltr'>sopiti</span> <span class='ocrx_word' id='word_1_407' title='bbox 1387 1779 1490 1815; x_wconf 87' lang='lat' dir='ltr'>maris,</span> <span class='ocrx_word' id='word_1_408' title='bbox 1513 1780 1562 1810; x_wconf 90' lang='lat' dir='ltr'>vel</span> <span class='ocrx_word' id='word_1_409' title='bbox 1585 1780 1690 1820; x_wconf 84' lang='lat' dir='ltr'>ignavi</span> <span class='ocrx_word' id='word_1_410' title='bbox 1710 1781 1769 1812; x_wconf 85' lang='lat' dir='ltr'>flu-</span> 
     </span>
     <span class='ocr_line' id='line_1_73' title="bbox 1048 1829 1772 1868; baseline 0.006 -10"><span class='ocrx_word' id='word_1_411' title='bbox 1048 1833 1067 1847; x_wconf 90' lang='grc'>“</span> <span class='ocrx_word' id='word_1_412' title='bbox 1085 1829 1189 1868; x_wconf 90' lang='lat' dir='ltr'>minis,</span> <span class='ocrx_word' id='word_1_413' title='bbox 1215 1835 1327 1860; x_wconf 87' lang='lat' dir='ltr'>cuncta</span> <span class='ocrx_word' id='word_1_414' title='bbox 1348 1830 1540 1860; x_wconf 86' lang='lat' dir='ltr'>cohibebat.”</span> <span class='ocrx_word' id='word_1_415' title='bbox 1585 1831 1649 1861; x_wconf 89' lang='lat' dir='ltr'>Ubi</span> <span class='ocrx_word' id='word_1_416' title='bbox 1670 1833 1772 1862; x_wconf 85' lang='lat' dir='ltr'>multa</span> 
     </span>
     <span class='ocr_line' id='line_1_74' title="bbox 1049 1881 1772 1923; baseline 0.004 -11"><span class='ocrx_word' id='word_1_417' title='bbox 1049 1881 1087 1912; x_wconf 87' lang='lat' dir='ltr'>de</span> <span class='ocrx_word' id='word_1_418' title='bbox 1102 1883 1160 1912; x_wconf 89' lang='lat' dir='ltr'>hoc</span> <span class='ocrx_word' id='word_1_419' title='bbox 1176 1883 1313 1912; x_wconf 83' lang='lat' dir='ltr'>nominis</span> <span class='ocrx_word' id='word_1_420' title='bbox 1333 1894 1441 1922; x_wconf 81' lang='lat' dir='ltr'>agmen</span> <span class='ocrx_word' id='word_1_421' title='bbox 1460 1883 1636 1923; x_wconf 88' lang='lat' dir='ltr'>significatu</span> <span class='ocrx_word' id='word_1_422' title='bbox 1658 1884 1772 1915; x_wconf 85' lang='lat' dir='ltr'>doctis-</span> 
     </span>
     <span class='ocr_line' id='line_1_75' title="bbox 1049 1932 1771 1975; baseline 0.007 -14"><span class='ocrx_word' id='word_1_423' title='bbox 1049 1933 1120 1962; x_wconf 88' lang='lat' dir='ltr'>simi</span> <span class='ocrx_word' id='word_1_424' title='bbox 1136 1932 1399 1963; x_wconf 86' lang='lat' dir='ltr'>animadversores</span> <span class='ocrx_word' id='word_1_425' title='bbox 1413 1933 1552 1964; x_wconf 86' lang='lat' dir='ltr'>attulere.</span> <span class='ocrx_word' id='word_1_426' title='bbox 1594 1934 1701 1975; x_wconf 92' lang='lat' dir='ltr'>Vulgo</span> <span class='ocrx_word' id='word_1_427' title='bbox 1714 1945 1771 1966; x_wconf 88' lang='lat' dir='ltr'>au-</span> 
     </span>
     <span class='ocr_line' id='line_1_76' title="bbox 1050 1983 1769 2026; baseline 0.004 -13"><span class='ocrx_word' id='word_1_428' title='bbox 1050 1990 1113 2014; x_wconf 83' lang='lat' dir='ltr'>tem</span> <span class='ocrx_word' id='word_1_429' title='bbox 1129 1983 1254 2024; x_wconf 81' lang='lat' dir='ltr'>legitur,</span> <span class='ocrx_word' id='word_1_430' title='bbox 1275 1986 1418 2026; x_wconf 43' lang='lat' dir='ltr'>[mineum</span> <span class='ocrx_word' id='word_1_431' title='bbox 1448 1985 1616 2024; x_wconf 85' lang='lat' dir='ltr'>laborante,</span> <span class='ocrx_word' id='word_1_432' title='bbox 1637 1986 1697 2017; x_wconf 89' lang='lat' dir='ltr'>nisi</span> <span class='ocrx_word' id='word_1_433' title='bbox 1711 1986 1769 2016; x_wconf 83' lang='lat' dir='ltr'>fal-</span> 
     </span>
     <span class='ocr_line' id='line_1_77' title="bbox 1050 2036 1769 2076; baseline 0.003 -10"><span class='ocrx_word' id='word_1_434' title='bbox 1050 2046 1102 2066; x_wconf 89' lang='lat' dir='ltr'>sus</span> <span class='ocrx_word' id='word_1_435' title='bbox 1117 2037 1174 2065; x_wconf 86' lang='lat' dir='ltr'>sim</span> <span class='ocrx_word' id='word_1_436' title='bbox 1186 2036 1308 2076; x_wconf 89' lang='lat' dir='ltr'>judicii,</span> <span class='ocrx_word' id='word_1_437' title='bbox 1329 2038 1568 2067; x_wconf 87' lang='lat' dir='ltr'>constructione.</span> <span class='ocrx_word' id='word_1_438' title='bbox 1614 2037 1769 2068; x_wconf 70' lang='lat' dir='ltr'>Nec&#39;Ma-</span> 
     </span>
     <span class='ocr_line' id='line_1_78' title="bbox 1050 2086 1641 2127; baseline 0.003 -11"><span class='ocrx_word' id='word_1_439' title='bbox 1050 2086 1163 2116; x_wconf 89' lang='lat' dir='ltr'>nilium</span> <span class='ocrx_word' id='word_1_440' title='bbox 1178 2097 1244 2116; x_wconf 90' lang='lat' dir='ltr'>non</span> <span class='ocrx_word' id='word_1_441' title='bbox 1258 2089 1449 2127; x_wconf 83' lang='lat' dir='ltr'>expurgabo,</span> <span class='ocrx_word' id='word_1_442' title='bbox 1472 2087 1512 2118; x_wconf 91' lang='lat' dir='ltr'>ad</span> <span class='ocrx_word' id='word_1_443' title='bbox 1525 2098 1552 2118; x_wconf 79' lang='lat' dir='ltr'>v,</span> <span class='ocrx_word' id='word_1_444' title='bbox 1569 2090 1641 2119; x_wconf 87' lang='lat'>580.</span> 
     </span>
    </p>
   </div>
   <div class='ocr_carea' id='block_1_15' title="bbox 1051 2160 1772 2349">
    <p class='ocr_par' dir='ltr' id='par_1_16' title="bbox 1051 2160 1772 2349">
     <span class='ocr_line' id='line_1_79' title="bbox 1336 2160 1748 2192; baseline 0.007 -9"><span class='ocrx_word' id='word_1_445' title='bbox 1336 2160 1459 2191; x_wconf 82' lang='lat' dir='ltr'>gravidus</span> <span class='ocrx_word' id='word_1_446' title='bbox 1466 2161 1523 2191; x_wconf 90' lang='lat' dir='ltr'>jam</span> <span class='ocrx_word' id='word_1_447' title='bbox 1534 2167 1642 2192; x_wconf 80' lang='lat' dir='ltr'>surgere</span> <span class='ocrx_word' id='word_1_448' title='bbox 1651 2165 1748 2192; x_wconf 86' lang='lat' dir='ltr'>pontus</span> 
     </span>
     <span class='ocr_line' id='line_1_80' title="bbox 1051 2198 1684 2230; baseline 0.002 -7"><span class='ocrx_word' id='word_1_449' title='bbox 1051 2199 1189 2230; x_wconf 76' lang='lat' dir='ltr'>coeperat,</span> <span class='ocrx_word' id='word_1_450' title='bbox 1199 2202 1226 2223; x_wconf 84' lang='lat' dir='ltr'>et</span> <span class='ocrx_word' id='word_1_451' title='bbox 1236 2199 1317 2230; x_wconf 79' lang='lat' dir='ltr'>longo</span> <span class='ocrx_word' id='word_1_452' title='bbox 1327 2198 1467 2230; x_wconf 77' lang='lat' dir='ltr'>fugiebant</span> <span class='ocrx_word' id='word_1_453' title='bbox 1477 2199 1576 2230; x_wconf 82' lang='lat' dir='ltr'>agmine</span> <span class='ocrx_word' id='word_1_454' title='bbox 1587 2199 1684 2224; x_wconf 84' lang='lat' dir='ltr'>fluctus</span> 
     </span>
     <span class='ocr_line' id='line_1_81' title="bbox 1052 2238 1747 2271; baseline 0.001 -9"><span class='ocrx_word' id='word_1_455' title='bbox 1052 2238 1214 2270; x_wconf 80' lang='lat' dir='ltr'>lmpeilentis</span> <span class='ocrx_word' id='word_1_456' title='bbox 1226 2246 1291 2263; x_wconf 89' lang='lat' dir='ltr'>onus</span> <span class='ocrx_word' id='word_1_457' title='bbox 1302 2239 1432 2263; x_wconf 87' lang='lat' dir='ltr'>monstri:</span> <span class='ocrx_word' id='word_1_458' title='bbox 1449 2243 1532 2271; x_wconf 86' lang='lat' dir='ltr'>caput</span> <span class='ocrx_word' id='word_1_459' title='bbox 1541 2240 1653 2269; x_wconf 86' lang='lat' dir='ltr'>eminet,</span> <span class='ocrx_word' id='word_1_460' title='bbox 1664 2240 1747 2263; x_wconf 84' lang='lat' dir='ltr'>undas</span> 
     </span>
     <span class='ocr_line' id='line_1_82' title="bbox 1052 2277 1772 2309; baseline 0.004 -8"><span class='ocrx_word' id='word_1_461' title='bbox 1052 2278 1216 2307; x_wconf 80' lang='lat' dir='ltr'>scandentis,</span> <span class='ocrx_word' id='word_1_462' title='bbox 1223 2277 1385 2309; x_wconf 81' lang='lat' dir='ltr'>pelagusque</span> <span class='ocrx_word' id='word_1_463' title='bbox 1393 2278 1479 2302; x_wconf 89' lang='lat' dir='ltr'>vomit</span> <span class='ocrx_word' id='word_1_464' title='bbox 1490 2285 1496 2301; x_wconf 71' lang='grc' dir='ltr'>ε</span> <span class='ocrx_word' id='word_1_465' title='bbox 1506 2278 1670 2302; x_wconf 78' lang='lat' dir='ltr'>circumtonat</span> <span class='ocrx_word' id='word_1_466' title='bbox 1677 2284 1772 2309; x_wconf 80' lang='lat' dir='ltr'>aequor</span> 
     </span>
     <span class='ocr_line' id='line_1_83' title="bbox 1053 2316 1754 2349; baseline 0.003 -9"><span class='ocrx_word' id='word_1_467' title='bbox 1053 2317 1193 2345; x_wconf 86' lang='lat' dir='ltr'>Dentibus,</span> <span class='ocrx_word' id='word_1_468' title='bbox 1204 2317 1284 2348; x_wconf 86' lang='lat' dir='ltr'>inque</span> <span class='ocrx_word' id='word_1_469' title='bbox 1299 2317 1354 2348; x_wconf 87' lang='lat' dir='ltr'>ipso</span> <span class='ocrx_word' id='word_1_470' title='bbox 1365 2316 1483 2342; x_wconf 78' lang='lat' dir='ltr'>rabidum</span> <span class='ocrx_word' id='word_1_471' title='bbox 1495 2324 1569 2342; x_wconf 86' lang='lat' dir='ltr'>mare</span> <span class='ocrx_word' id='word_1_472' title='bbox 1579 2317 1688 2349; x_wconf 83' lang='lat' dir='ltr'>navigat</span> <span class='ocrx_word' id='word_1_473' title='bbox 1699 2324 1754 2343; x_wconf 87' lang='lat' dir='ltr'>ore.</span> 
     </span>
    </p>
   </div>
   <div class='ocr_carea' id='block_1_16' title="bbox 1050 2391 1772 2832">
    <p class='ocr_par' dir='ltr' id='par_1_17' title="bbox 1050 2391 1772 2832">
     <span class='ocr_line' id='line_1_84' title="bbox 1051 2391 1771 2433; baseline 0.004 -13"><span class='ocrx_word' id='word_1_474' title='bbox 1051 2391 1146 2427; x_wconf 89' lang='lat' dir='ltr'>Libri,</span> <span class='ocrx_word' id='word_1_475' title='bbox 1169 2394 1388 2429; x_wconf 81' lang='lat' dir='ltr'>circumsonat;</span> <span class='ocrx_word' id='word_1_476' title='bbox 1413 2392 1498 2433; x_wconf 89' lang='lat' dir='ltr'>atqui</span> <span class='ocrx_word' id='word_1_477' title='bbox 1527 2399 1612 2423; x_wconf 85' lang='lat' dir='ltr'>sonat</span> <span class='ocrx_word' id='word_1_478' title='bbox 1637 2395 1771 2433; x_wconf 84' lang='lat' dir='ltr'>undique</span> 
     </span>
     <span class='ocr_line' id='line_1_85' title="bbox 1051 2442 1772 2483; baseline 0.001 -11"><span class='ocrx_word' id='word_1_479' title='bbox 1051 2443 1154 2472; x_wconf 85' lang='lat' dir='ltr'>statim</span> <span class='ocrx_word' id='word_1_480' title='bbox 1179 2443 1332 2482; x_wconf 87' lang='lat' dir='ltr'>sequitur:</span> <span class='ocrx_word' id='word_1_481' title='bbox 1359 2449 1389 2473; x_wconf 83' lang='lat' dir='ltr'>et</span> <span class='ocrx_word' id='word_1_482' title='bbox 1414 2445 1558 2482; x_wconf 79' lang='lat' dir='ltr'>rapidum</span> <span class='ocrx_word' id='word_1_483' title='bbox 1587 2443 1696 2483; x_wconf 80' lang='lat' dir='ltr'>vulg03</span> <span class='ocrx_word' id='word_1_484' title='bbox 1718 2442 1772 2473; x_wconf 88' lang='lat' dir='ltr'>sed</span> 
     </span>
     <span class='ocr_line' id='line_1_86' title="bbox 1051 2493 1771 2525; baseline 0.001 -2"><span class='ocrx_word' id='word_1_485' title='bbox 1051 2504 1158 2524; x_wconf 85' lang='lat' dir='ltr'>verum</span> <span class='ocrx_word' id='word_1_486' title='bbox 1173 2493 1294 2524; x_wconf 86' lang='lat' dir='ltr'>videtur</span> <span class='ocrx_word' id='word_1_487' title='bbox 1308 2496 1448 2524; x_wconf 81' lang='lat' dir='ltr'>rabidum</span> <span class='ocrx_word' id='word_1_488' title='bbox 1458 2508 1467 2524; x_wconf 91' lang='lat'><em>:</em></span> <span class='ocrx_word' id='word_1_489' title='bbox 1490 2494 1510 2524; x_wconf 88' lang='lat' dir='ltr'>i.</span> <span class='ocrx_word' id='word_1_490' title='bbox 1525 2505 1551 2525; x_wconf 88' lang='lat' dir='ltr'>e.</span> <span class='ocrx_word' id='word_1_491' title='bbox 1567 2494 1661 2524; x_wconf 89' lang='lat' dir='ltr'>motis</span> <span class='ocrx_word' id='word_1_492' title='bbox 1674 2493 1771 2524; x_wconf 82' lang='lat' dir='ltr'>fauci-</span> 
     </span>
     <span class='ocr_line' id='line_1_87' title="bbox 1050 2544 1770 2584; baseline -0.001 -10"><span class='ocrx_word' id='word_1_493' title='bbox 1050 2546 1108 2575; x_wconf 91' lang='lat' dir='ltr'>bus</span> <span class='ocrx_word' id='word_1_494' title='bbox 1122 2544 1284 2575; x_wconf 83' lang='lat' dir='ltr'>efferatum</span> <span class='ocrx_word' id='word_1_495' title='bbox 1291 2557 1301 2582; x_wconf 79' lang='lat'>3</span> <span class='ocrx_word' id='word_1_496' title='bbox 1323 2550 1357 2574; x_wconf 90' lang='lat' dir='ltr'>ut</span> <span class='ocrx_word' id='word_1_497' title='bbox 1374 2545 1489 2584; x_wconf 88' lang='lat' dir='ltr'>passim</span> <span class='ocrx_word' id='word_1_498' title='bbox 1512 2547 1653 2575; x_wconf 83' lang='lat' dir='ltr'>insanum</span> <span class='ocrx_word' id='word_1_499' title='bbox 1675 2554 1770 2581; x_wconf 86' lang='lat' dir='ltr'>mare,</span> 
     </span>
     <span class='ocr_line' id='line_1_88' title="bbox 1052 2594 1769 2626; baseline -0.004 -1"><span class='ocrx_word' id='word_1_500' title='bbox 1052 2602 1082 2625; x_wconf 85' lang='lat' dir='ltr'>et</span> <span class='ocrx_word' id='word_1_501' title='bbox 1097 2595 1135 2625; x_wconf 85' lang='lat' dir='ltr'>ad</span> <span class='ocrx_word' id='word_1_502' title='bbox 1157 2595 1279 2626; x_wconf 88' lang='lat' dir='ltr'>solitam</span> <span class='ocrx_word' id='word_1_503' title='bbox 1301 2597 1414 2625; x_wconf 90' lang='lat' dir='ltr'>harum</span> <span class='ocrx_word' id='word_1_504' title='bbox 1435 2594 1607 2626; x_wconf 85' lang='lat' dir='ltr'>dictionum</span> <span class='ocrx_word' id='word_1_505' title='bbox 1628 2603 1769 2623; x_wconf 86' lang='lat' dir='ltr'>commu-</span> 
     </span>
     <span class='ocr_line' id='line_1_89' title="bbox 1052 2646 1769 2687; baseline -0.003 -11"><span class='ocrx_word' id='word_1_506' title='bbox 1052 2647 1214 2677; x_wconf 83' lang='lat' dir='ltr'>tationem:</span> <span class='ocrx_word' id='word_1_507' title='bbox 1241 2658 1315 2677; x_wconf 89' lang='lat' dir='ltr'>nam</span> <span class='ocrx_word' id='word_1_508' title='bbox 1343 2649 1470 2687; x_wconf 81' lang='lat' dir='ltr'>rapidus</span> <span class='ocrx_word' id='word_1_509' title='bbox 1494 2651 1525 2676; x_wconf 89' lang='lat' dir='ltr'>et</span> <span class='ocrx_word' id='word_1_510' title='bbox 1548 2646 1673 2675; x_wconf 79' lang='lat' dir='ltr'>rabidus</span> <span class='ocrx_word' id='word_1_511' title='bbox 1695 2653 1769 2675; x_wconf 91' lang='lat' dir='ltr'>con·</span> 
     </span>
     <span class='ocr_line' id='line_1_90' title="bbox 1051 2696 1769 2739; baseline -0.004 -11"><span class='ocrx_word' id='word_1_512' title='bbox 1051 2699 1141 2729; x_wconf 87' lang='lat' dir='ltr'>fundi</span> <span class='ocrx_word' id='word_1_513' title='bbox 1167 2699 1268 2730; x_wconf 86' lang='lat' dir='ltr'>solent</span> <span class='ocrx_word' id='word_1_514' title='bbox 1294 2699 1468 2739; x_wconf 84' lang='lat' dir='ltr'>saepissime.</span> <span class='ocrx_word' id='word_1_515' title='bbox 1514 2696 1707 2727; x_wconf 82' lang='lat' dir='ltr'>Restituatur</span> <span class='ocrx_word' id='word_1_516' title='bbox 1721 2696 1769 2726; x_wconf 89' lang='lat' dir='ltr'>in·</span> 
     </span>
     <span class='ocr_line' id='line_1_91' title="bbox 1051 2746 1768 2790; baseline -0.003 -11"><span class='ocrx_word' id='word_1_517' title='bbox 1051 2760 1143 2789; x_wconf 87' lang='lat' dir='ltr'>super</span> <span class='ocrx_word' id='word_1_518' title='bbox 1168 2750 1343 2790; x_wconf 82' lang='lat' dir='ltr'>deploratus</span> <span class='ocrx_word' id='word_1_519' title='bbox 1375 2747 1543 2780; x_wconf 79' lang='lat' dir='ltr'>versiculus</span> <span class='ocrx_word' id='word_1_520' title='bbox 1573 2746 1768 2785; x_wconf 69' lang='lat' dir='ltr'>columellae,</span> 
     </span>
     <span class='ocr_line' id='line_1_92' title="bbox 1052 2805 1168 2832; baseline 0.017 -2"><span class='ocrx_word' id='word_1_521' title='bbox 1052 2811 1080 2830; x_wconf 85' lang='lat' dir='ltr'>x.</span> <span class='ocrx_word' id='word_1_522' title='bbox 1098 2805 1168 2832; x_wconf 81' lang='lat'>284.</span> 
     </span>
    </p>
   </div>
   <div class='ocr_carea' id='block_1_17' title="bbox 1080 2887 1202 2894">
    <p class='ocr_par' dir='ltr' id='par_1_18' title="bbox 1080 2887 1202 2894">
     <span class='ocr_line' id='line_1_93' title="bbox 1080 2887 1202 2894; baseline 0 0"><span class='ocrx_word' id='word_1_523' title='bbox 1080 2887 1202 2894; x_wconf 95' lang='lat' dir='ltr'> </span> 
     </span>
    </p>
   </div>
   <div class='ocr_carea' id='block_1_18' title="bbox 1084 2871 1718 2946">
    <p class='ocr_par' dir='ltr' id='par_1_19' title="bbox 1084 2871 1718 2946">
     <span class='ocr_line' id='line_1_94' title="bbox 1211 2871 1718 2905; baseline -0.008 -6"><span class='ocrx_word' id='word_1_524' title='bbox 1211 2878 1250 2904; x_wconf 89' lang='lat' dir='ltr'>et,</span> <span class='ocrx_word' id='word_1_525' title='bbox 1260 2877 1356 2905; x_wconf 87' lang='lat' dir='ltr'>arguto</span> <span class='ocrx_word' id='word_1_526' title='bbox 1368 2872 1501 2905; x_wconf 82' lang='lat' dir='ltr'>fugientes</span> <span class='ocrx_word' id='word_1_527' title='bbox 1511 2871 1623 2904; x_wconf 76' lang='lat' dir='ltr'>agmine,</span> <span class='ocrx_word' id='word_1_528' title='bbox 1630 2871 1718 2896; x_wconf 82' lang='lat' dir='ltr'>fontes</span> 
     </span>
     <span class='ocr_line' id='line_1_95' title="bbox 1084 2911 1715 2946; baseline -0.005 -9"><span class='ocrx_word' id='word_1_529' title='bbox 1084 2915 1137 2939; x_wconf 77' lang='lat' dir='ltr'>Nec</span> <span class='ocrx_word' id='word_1_530' title='bbox 1148 2914 1243 2946; x_wconf 83' lang='lat' dir='ltr'>rigidos</span> <span class='ocrx_word' id='word_1_531' title='bbox 1255 2917 1346 2945; x_wconf 83' lang='lat' dir='ltr'>potare</span> <span class='ocrx_word' id='word_1_532' title='bbox 1354 2913 1444 2944; x_wconf 83' lang='lat' dir='ltr'>juvat,</span> <span class='ocrx_word' id='word_1_533' title='bbox 1460 2918 1509 2938; x_wconf 87' lang='lat' dir='ltr'>nec</span> <span class='ocrx_word' id='word_1_534' title='bbox 1519 2911 1574 2937; x_wconf 83' lang='lat' dir='ltr'>sole</span> <span class='ocrx_word' id='word_1_535' title='bbox 1585 2914 1715 2942; x_wconf 78' lang='lat' dir='ltr'>tepentes.</span> 
     </span>
    </p>
   </div>
  </div>
 </body>
</html>
