1926 3224
224 232 313 272 156

714 228 773 275 T.
815 224 1189 274 LUCRETII

366 356 595 399 Arboribus
614 354 767 396 ueteres
787 353 974 394 decidere
993 352 1160 393 falcibus
1179 366 1341 393 ramos-.-
1563 393 1566 395 Α

250 434 331 472 935
363 431 490 479 Quod
509 429 568 470 sol
586 436 707 483 atque
730 427 880 468 imbres
900 426 1114 476 dederant,
1145 425 1256 481 quod
1276 433 1386 466 terra
1404 435 1561 468 crearat

366 504 521 558 Sponte
540 501 627 552 sua,
658 501 752 543 satis
771 500 814 541 id
833 499 1019 555 placabat
1037 507 1204 554 pectora
1223 498 1394 540 donum.

364 575 621 618 Glandiferas
638 576 745 616 inter
764 574 963 616 curabant
983 587 1160 627 corpora
1180 587 1354 628 quercus

367 649 634 704 Plerumque3
666 657 721 698 et,
752 663 845 704 quae
865 662 975 688 nunc
994 646 1180 702 hyberno
1199 654 1384 701 tempore
1404 646 1556 695 cernis,

366 723 527 765 Arbuta
545 723 719 778 puniceo
739 721 828 763 fieri
846 729 1008 762 matura
1026 720 1176 770 colore,

254 877 386 907 Rusticus,
396 877 521 909 impresso
532 877 631 902 motitus
639 884 748 902 vomere
759 880 862 907 terram,

285 916 455 942 Thesaurum
462 917 539 942 sulcis
550 917 695 949 prosiluisse
705 917 788 943 videt.

227 980 290 1011 Ubi
321 981 463 1011 consulas
493 981 771 1022 Cannegieterum3
800 981 944 1012 omnium

225 1031 339 1076 potius2
367 1031 468 1072 quod·
489 1031 618 1062 eruditis
653 1032 790 1064 nimium
817 1031 943 1068 adsolet,

225 1094 320 1125 quam
336 1085 474 1115 Lucretii
497 1086 568 1121 mei,
591 1096 771 1122 memorem,
795 1086 882 1116 ducis
906 1086 945 1115 li-

225 1141 274 1165 cet
287 1141 379 1175 atque
397 1136 531 1166 auctoris
553 1138 706 1167 omnibus.
753 1137 868 1167 Confer
885 1137 945 1167 Co-

223 1186 342 1216 lumell.
365 1187 396 1216 ii.
420 1190 448 1217 4.
471 1191 516 1218 10.
548 1188 814 1218 Venustissimum
843 1188 948 1218 locum

223 1235 343 1267 Hilarii
356 1237 390 1267 in
404 1247 476 1277 gen.
494 1241 564 1268 105.
585 1240 646 1269 huc
661 1239 876 1278 pertinentem,
892 1238 946 1268 ad-

226 1287 357 1318 scribere
372 1288 448 1328 quid
466 1288 566 1319 vetat?

239 1364 352 1393 Jamque
363 1369 435 1393 seges
446 1362 539 1387 tenera
553 1363 673 1387 fructum
686 1362 815 1387 fundebat
827 1363 917 1390 arista.

239 1402 310 1425 Cum
321 1402 384 1433 juga
396 1401 468 1426 nulla
479 1400 578 1431 forent,
590 1405 617 1426 et
630 1407 723 1425 vomer
733 1401 820 1425 nullus
829 1401 924 1430 aratri;

239 1441 354 1473 Mugiret
365 1441 451 1466 nullus
467 1441 596 1472 proscissis
608 1444 698 1465 taurus
709 1440 736 1464 in
746 1441 823 1464 arvis.

224 1514 277 1545 Ita
304 1515 513 1545 rescribimus:
546 1514 652 1555 vulgo,
681 1518 704 1533 “
720 1525 775 1546 nec
803 1515 947 1552 vomer;''

224 1566 368 1596 omnibus
390 1565 516 1605 insuper
530 1565 624 1605 longe
646 1564 826 1604 pravissima
840 1565 948 1596 distin-

224 1617 341 1658 guendi
357 1618 476 1648 ratione
492 1628 615 1657 pessum
630 1617 716 1648 datis.

266 1669 341 1699 Ver.
359 1672 430 1701 935.
452 1681 569 1709 neque.-
596 1669 639 1699 sic
662 1670 697 1700 P.
719 1669 815 1699 Vind.
839 1669 879 1699 V.
902 1669 949 1700 ed.

226 1724 261 1750 Δ.
274 1724 309 1751 Σ.
327 1726 372 1750 Ω.
389 1719 522 1750 editores
537 1731 608 1755 nec;
628 1719 722 1755 libris,
739 1720 785 1750 uti
801 1721 949 1759 suspicor,

225 1780 288 1800 non
312 1769 420 1800 minus
448 1770 703 1810 repugnantibus,
729 1780 823 1810 quarn
851 1771 950 1809 po'e'tae

226 1831 321 1851 more.

267 1871 344 1902 Ver.
361 1874 430 1903 934.
453 1873 590 1902 decidere
604 1883 712 1903 ramos.
755 1872 856 1908 Maro,
874 1873 948 1902 AEn.

228 1922 267 1953 xi.
283 1923 312 1953 5.

389 2003 530 2028 quercum,
541 1998 628 2023 decisis
639 1999 757 2030 undique
767 1999 915 2023 ramis—.

270 2060 342 2091 Ver.
367 2064 437 2093 955.
470 2062 541 2092 Hos
571 2072 675 2093 versus
704 2063 949 2104 elegantissimos

227 2111 312 2142 idem
334 2112 532 2143 Mantuanus
554 2123 655 2152 presse
678 2113 817 2144 imitatus
840 2120 896 2152 est,
916 2115 950 2144 in

227 2173 294 2203 geo.
309 2163 340 2193 ii.
357 2166 427 2194 500.
450 2170 542 2204 atque
564 2165 641 2194 adeo
666 2165 846 2195 Macrobius
866 2166 950 2196 locos

224 2212 414 2253 jamdudum
427 2215 613 2254 composuit,
632 2215 665 2245 in
684 2215 744 2246 Sat.
760 2215 798 2246 vi.
817 2219 842 2246 1.
858 2216 910 2247 fin.

257 2287 325 2319 Quos
335 2287 403 2311 rami
412 2286 527 2317 fructus,
537 2294 596 2320 quos
609 2288 664 2320 ipsa
675 2288 794 2314 volentia
803 2295 874 2319 rura,

257 2327 347 2357 sponte
355 2325 440 2351 tulere
449 2326 508 2356 ηιᾱ,
519 2327 688 2358 carpsit—.

270 2395 346 2426 Ver.
364 2400 435 2428 956.
451 2403 594 2436 pectora:
619 2397 715 2429 Vind.
731 2399 772 2428 V.
795 2399 842 2429 ed.
861 2399 898 2430 Β.
915 2399 951 2430 L.

231 2452 271 2476 ΓΠ.
287 2451 322 2477 Σ.
333 2453 452 2486 pectore
457 2463 467 2483 ;
491 2458 660 2487 perperam.
691 2449 868 2490 Vulgatum
881 2451 952 2481 Ma-

229 2498 351 2528 crobius
366 2499 488 2529 exhibet
502 2499 521 2529 l.
536 2510 561 2530 c.
585 2500 662 2530 Pius
672 2501 776 2537 etiam,
787 2503 939 2541 placarat.

273 2550 354 2581 Ibid.
372 2553 514 2590 placabat
532 2558 678 2591 pectora:
712 2553 732 2584 i.
756 2563 781 2584 e.
807 2554 954 2585 reddebat

230 2602 334 2637 mitia‚·
367 2602 451 2633 fame
479 2603 566 2644 quasi
586 2605 743 2645 furentia.
787 2605 952 2644 Horatius,

230 2658 284 2683 sat.
300 2653 330 2683 ii.
348 2657 375 2683 8.
391 2656 420 2685 5.
905 2658 909 2659 ⁷

262 2725 332 2755 Quae
344 2726 429 2757 prima
439 2727 533 2752 iratum
545 2732 662 2754 ventrem
671 2730 819 2762 placaverit
830 2739 897 2757 etca:

232 2803 326 2834 quem
350 2797 526 2828 committas
548 2799 643 2830 etiam
667 2800 741 2832 ibid.
764 2805 857 2833 218.
903 2801 955 2832 Ita

233 2844 340 2884 Silius,
364 2850 386 2865 ‘⁴
401 2849 503 2878 rabidi
514 2849 636 2890 jejunia
648 2853 796 2892 verm-is‚”
821 2854 905 2885 Pun.
922 2853 953 2884 ii.

233 2898 305 2927 472.

1030 874 1119 908 Ibid.
1130 884 1271 917 pectora:
1297 876 1315 906 i.
1332 887 1357 906 e.
1383 875 1486 911 corda,
1509 875 1557 906 vel
1579 885 1710 915 praecor-

985 927 1050 965 (Πᾶς
1082 942 1157 969 n‘rop,
1182 929 1307 970 καρδιαν,
1329 927 1377 957 vel
1401 930 1525 967 ψυχὴν
1554 937 1714 966 compares

986 980 1077 1020 Virg.
1095 981 1172 1010 AEn.
1188 980 1229 1010 ix.
1245 983 1315 1009 413.
1340 982 1409 1008 414.
1433 985 1463 1008 et
1485 985 1621 1008 nostram
1640 979 1713 1009 silv.

990 1030 1065 1060 Crit.
1082 1030 1113 1060 ii.
1136 1040 1165 1068 p.
1185 1033 1254 1060 155.
1278 1028 1406 1058 Diocles
1433 1028 1603 1068 Carystius,
1629 1028 1713 1067 apud

990 1082 1105 1111 Athen.
1121 1081 1222 1119 deipn.
1242 1080 1273 1109 ii.
1288 1083 1338 1110 27.
1364 1080 1376 1109 ἑ
1393 1091 1491 1110 marm
1514 1078 1535 1109 δ’
1552 1092 1625 1110 εστιν
1643 1084 1713 1110 ΕΤ-

991 1135 1266 1162 ΚΑΡΔΙΩΤΕΡΟΣ
1284 1143 1334 1160 και
1351 1141 1561 1168 ευπεττοτερος.

1033 1189 1105 1218 Ver.
1123 1191 1194 1220 937.
1217 1188 1385 1219 curabant:
1413 1188 1451 1218 Ο.
1470 1193 1514 1218 Ω.
1536 1188 1716 1218 curabat.—

990 1251 1132 1280 corpora:
1160 1240 1208 1270 M.
1229 1245 1374 1280 pectora;
1397 1238 1544 1269 consueta
1557 1244 1714 1278 permuta-

991 1297 1087 1321 tione.

1045 1354 1126 1384 Ibid.
1161 1354 1360 1394 Glandg'feras
1389 1365 1525 1394 quercus.
1582 1353 1716 1386 Ovidius

991 1404 1148 1442 epitheton
1164 1404 1294 1443 excepit,
1310 1405 1343 1434 in
1359 1410 1432 1434 met.
1449 1405 1502 1434 xii.
1517 1407 1589 1434 528.

1021 1487 1080 1511 Vidi
1092 1493 1142 1518 ego
1154 1489 1300 1516 Petraeum‚
1312 1491 1456 1512 conantem
1470 1487 1584 1513 evellere
1594 1487 1665 1513 terra

1023 1526 1201 1558 Glandufimm
1211 1534 1400 1559 quercum—.

994 1605 1094 1640 Unde,
1119 1607 1159 1636 ob
1188 1605 1323 1646 figuram
1346 1608 1519 1646 glandium,
1551 1607 1714 1648 Corippus‚

993 1658 1037 1688 iii.
1057 1661 1126 1689 172.

1024 1737 1143 1769 Confferae
1153 1737 1240 1763 veluti
1254 1744 1328 1763 sacra
1339 1738 1408 1764 inter
1418 1739 1529 1764 flumina
1541 1747 1655 1772 quercus.

1036 1812 1115 1842 Ibid.
1143 1813 1340 1853 Glandifhras
1362 1824 1502 1853 quercus,
1530 1820 1561 1843 et
1583 1815 1717 1852 Arbuca‚

992 1874 1052 1894 ver.
1070 1867 1139 1896 9:39.
1185 1864 1272 1895 Hinc
1295 1864 1409 1904 pendet
1428 1865 1594 1905 Virgilius,
1615 1875 1683 1906 geo.
1698 1865 1718 1895 i.

996 1917 1063 1944 148.

1134 1993 1219 2018 quum
1228 1989 1283 2019 jam
1291 1988 1407 2020 glandes,
1417 1992 1499 2020 atque
1510 1988 1612 2019 arbuta,
1623 1994 1707 2014 sacrae

1000 2033 1151 2060 Deficerent
1162 2034 1263 2066 sylvae;
1281 2038 1309 2060 et
1320 2035 1425 2060 victum
1438 2036 1549 2060 Dodona
1561 2039 1684 2067 negaret.

995 2114 1016 2129 “
1034 2112 1153 2142 Arbuta
1169 2117 1275 2141 autem
1296 2118 1369 2142 sunt
1390 2113 1482 2142 rubra
1505 2122 1599 2151 poma
1619 2111 1718 2152 sylva-

994 2165 1015 2180 “
1032 2162 1134 2192 rum.’'
1182 2162 1306 2192 Servius
1321 2162 1360 2192 ad
1375 2162 1489 2193 locum.

1036 2220 1110 2250 Ver.
1127 2224 1198 2252 959.
1216 2223 1365 2260 puniceo:
1394 2221 1536 2257 editores,
1563 2222 1718 2264 poenz'ceo:;

994 2277 1100 2302 contra
1121 2271 1214 2301 libros
1229 2272 1388 2303 universos
1410 2272 1443 2302 in
1459 2273 1518 2303 hoc
1533 2272 1719 2304 loca—‘ma-

995 2329 1084 2354 tura:
1112 2330 1152 2354 Π.
1172 2330 1296 2355 natura.

1040 2381 1119 2412 Ibid.
1143 2384 1272 2413 Arbuta.
1318 2384 1488 2419 Arnobius,
1508 2383 1560 2414 lib.
1575 2384 1606 2413 ii.
1626 2394 1655 2423 p.
1671 2387 1722 2415 90.

996 2435 1019 2452 “
1037 2433 1124 2469 Quid
1139 2434 1236 2471 enim,
1259 2434 1284 2463 si
1306 2435 1363 2465 hoc
1387 2434 1481 2465 modo
1501 2434 1625 2473 culpam
1647 2433 1721 2463 veli-

997 2486 1019 2501 “
1036 2493 1107 2513 mus
1122 2484 1263 2525 infligere
1278 2485 1431 2523 prioribus
1453 2485 1514 2514 illis
1533 2491 1626 2525 atque
1641 2483 1721 2514 anti-

999 2539 1020 2555 “
1036 2536 1191 2576 quissimis
1206 2537 1326 2575 seculis,
1351 2537 1446 2578 quod,
1469 2537 1601 2568 inventis
1621 2535 1720 2576 frugi-

997 2590 1019 2605 “
1035 2588 1102 2623 bus,
1131 2590 1259 2627 glandes
1281 2589 1460 2631 spreverint,
1485 2594 1516 2618 et
1542 2586 1720 2626 repudiave-

997 2642 1019 2657 “
1036 2640 1099 2669 rint
1119 2641 1226 2670 arbuta
1237 2639 1278 2669 ?’'
1310 2639 1464 2670 Luxuriat
1486 2639 1519 2668 in
1546 2639 1604 2668 hoc
1627 2646 1719 2676 argu-

995 2697 1103 2721 mento
1127 2691 1352 2721 hilarissimum
1381 2690 1542 2731 ingenium
1573 2687 1720 2725 Nasonis,

997 2741 1037 2772 ad
1052 2748 1125 2772 met.
1145 2743 1165 2772 i.
1185 2745 1253 2773 101.

998 2827 1055 2857 Ipsa
1067 2832 1174 2858 quoque
1184 2825 1319 2856 immunis,
1331 2827 1466 2854 rastroque
1476 2823 1588 2852 intacta,
1602 2829 1649 2847 nec
1661 2823 1721 2848 ullis

998 2866 1090 2890 saucia
1101 2866 1263 2894 vomeribus,
1277 2871 1324 2896 per
1334 2871 1361 2889 se
1371 2863 1452 2888 dabat
1462 2862 1552 2887 omnia
1564 2862 1657 2893 tfflus5

997 2905 1178 2938 contentique
1189 2907 1262 2936 cibis,
1273 2905 1345 2931 nullo
1358 2907 1482 2936 cogente,
1495 2903 1597 2931 creatis,
