1926 3224
578 221 811 270 LIBER
847 219 1155 268 SEXTUS.

1513 228 1606 269 245

272 354 514 410 Subscipere
533 353 624 396 haec
644 352 767 395 animi
791 351 1005 408 tranquill&
1024 366 1125 407 pace
1144 351 1304 394 valebis.

329 429 432 470 Inde
451 428 589 470 videre
608 427 714 478 licet,
737 427 864 482 qualis
875 426 963 480 jam
983 425 1066 468 vita
1085 433 1293 481 sequatur3

271 503 411 552 Quam
432 502 597 558 quidem
619 509 664 542 ut
683 516 708 541 a
726 501 844 540 nobis
864 500 969 540 ratio
989 499 1195 540 verissima
1213 500 1334 556 longe

184 581 237 617 80
270 577 457 631 Rojiciat‚
479 588 725 631 quamquam
745 580 840 613 sunt
859 587 884 612 a
903 586 969 611 me
988 571 1116 612 multa
1134 572 1330 626 profecta,

267 650 404 691 Multa
424 657 560 689 tamen
579 653 747 695 restant,
769 652 810 685 et
829 651 923 685 sunt
943 643 1129 685 ornanda
1148 645 1282 698 politis

268 722 462 762 Versibus
470 738 482 769 3
516 727 556 760 et
576 719 680 760 ratio
700 716 909 773 supersim,
931 716 1116 772 coelique,
1139 716 1335 768 tenenda,

270 796 374 836 Sunt
396 800 668 848 tempestates,
691 800 731 834 et
749 791 921 834 fulmina
941 791 1049 833 clara
1068 790 1273 842 canenda3

121 950 152 982 ii.
167 954 238 982 457.
253 961 280 981 v.
299 954 372 982 459.
392 950 501 982 Claud.
517 949 588 981 bell.
608 949 693 981 Gild.
708 952 780 982 515.
795 954 841 980 at-

121 1013 182 1044 que
197 1002 269 1033 alibi
285 1003 316 1032 iu
332 1002 401 1032 aliis
416 1002 622 1042 scriptoribus.

164 1062 240 1091 Ver.
259 1064 308 1092 75.
330 1061 648 1102 simnlacrafuerunl:
673 1061 692 1092 i.
708 1072 733 1092 e.
751 1065 840 1092 “nec

122 1116 145 1131 “
160 1111 275 1142 valebis
296 1111 462 1152 tranquill&
486 1119 592 1142 mente
617 1122 654 1142 ea
676 1112 840 1144 simulacra

123 1167 145 1182 ‘¹
160 1163 374 1203 contemplari,
389 1174 458 1204 quae
473 1164 617 1203 primitus
631 1163 670 1194 ad
685 1174 770 1194 veras
785 1163 838 1195 de-

123 1217 145 1232 “
162 1224 252 1244 orum
279 1214 393 1254 figuras
416 1220 489 1245 sunt
513 1215 696 1254 expressa:'’
724 1215 794 1246 vide
815 1227 842 1247 v.

125 1269 343 1296 1168-1174.
387 1266 458 1296 Viri
481 1265 565 1296 docti
591 1277 655 1296 non
685 1266 843 1297 intellexe-

120 1322 195 1346 runt
208 1316 327 1354 locum;
350 1322 382 1347 et
401 1316 475 1347 inde
489 1317 687 1356 arripuerunt
701 1317 840 1348 avidissi-

120 1377 172 1397 me
195 1367 358 1397 lectionem
385 1368 421 1398 P.
448 1367 609 1408 fhruntur,
640 1368 725 1398 haud
748 1368 842 1399 dubie

121 1418 204 1448 maizi
225 1418 334 1449 fraude
356 1419 564 1457 importatam,
597 1419 737 1460 quamvis
762 1429 841 1449 non-

123 1469 202 1500 nihil
230 1469 330 1500 faveat
365 1469 545 1509 depravatio
574 1470 615 1501 V.
653 1470 701 1502 ed.
729 1480 843 1510 nempe

111 1524 236 1565 jerunt,
257 1523 360 1564 elapso
374 1536 404 1554 u.
450 1524 490 1554 In
513 1525 562 1554 his
583 1531 688 1555 autem
707 1525 842 1555 versibus

121 1575 287 1606 Lucretius
315 1575 354 1606 de
386 1575 528 1615 populari
565 1577 667 1615 potius
696 1576 842 1615 opinione

111 1625 267 1666 loquitur,
289 1635 384 1666 quam
399 1625 465 1663 sufi,
486 1631 517 1656 et
532 1627 758 1666 Epicureorum
772 1636 840 1665 per-

119 1676 324 1707 suasionibus.

162 1728 238 1758 Ver.
261 1730 310 1759 76.
348 1730 390 1759 In
417 1731 544 1760 menteis
569 1731 723 1760 hominum
748 1735 839 1769 potes

121 1779 258 1819 accipere
273 1789 329 1819 pro
344 1781 384 1810 In
401 1782 554 1816 mentibus,
579 1780 618 1810 ad
632 1781 841 1821 frequentissi-

120 1840 206 1862 mam
220 1831 317 1870 po'etis
331 1831 539 1862 formularum
554 1833 796 1870 conversionem,
812 1839 844 1864 et

120 1892 195 1914 cum
220 1883 463 1923 praecedentibus
487 1885 696 1925 conjungere3
726 1885 785 1922 vel,
807 1892 844 1917 ut

119 1939 273 1965 structura
294 1935 345 1973 sit,
368 1937 478 1966 nuncia
495 1937 528 1966 in
544 1938 679 1975 meneeis,
701 1947 757 1976 pro
772 1936 841 1967 vul-

119 1985 186 2026 gari
207 1988 318 2016 nuntia
341 1988 382 2016 ad
406 1993 528 2017 mentes:
553 1997 623 2028 quae
651 1987 730 2017 ratio
754 1988 842 2018 nobis

119 2037 316 2078 potissimum
331 2038 454 2070 arridet.

162 2096 243 2127 Ibid.
267 2098 443 2138 Subscipere
457 2100 584 2130 valebis.-
608 2098 628 2129 i.
644 2109 669 2129 e.
694 2100 838 2136 Quoties-

118 2157 242 2188 cunque
256 2148 435 2179 solennibus
456 2149 548 2180 sacris
569 2149 771 2181 delubrorum
784 2151 839 2181 dap

118 2198 167 2227 bis
178 2209 318 2238 operam,
337 2200 462 2231 animus
473 2211 539 2231 non
555 2203 674 2232 vacabit
687 2212 707 2232 a
720 2208 841 2241 pertur-

119 2248 303 2287 bationibus,
339 2261 410 2292 quae
445 2251 559 2292 vulgus
598 2252 845 2291 superstitiosum

117 2299 307 2340 inquietant,
327 2307 358 2330 et
381 2307 456 2332 sunt
477 2303 606 2332 homine
631 2302 730 2339 docto,
753 2310 845 2344 atque

120 2350 280 2390 praeceptis
303 2351 506 2392 philosophiae
530 2352 667 2392 imbuto,
689 2354 842 2395 indignis-

120 2410 218 2431 slmae.

162 2452 237 2482 Ver.
252 2455 303 2483 80.
327 2453 478 2493 Rejicmt:
505 2458 540 2486 Σ.
564 2456 704 2492 Reiciat5
727 2466 779 2486 me
792 2467 843 2488 ve-

120 2503 283 2534 hementer
293 2504 626 2546 probante—Infima
635 2520 645 2536 :
664 2506 760 2537 Vind.
770 2519 842 2547 pro-

108 2555 185 2596 saea
193 2570 204 2591 ;
230 2565 300 2595 quae
315 2561 420 2585 tamen
435 2557 565 2587 varietas
579 2557 720 2588 collatori
741 2559 844 2598 potius

121 2606 322 2647 ignavissimo
350 2606 536 2646 imputanda
564 2614 620 2647 est,
648 2610 844 2641 temerariam

119 2655 276 2687 editorum
313 2657 481 2688 lectionem
519 2660 714 2700 propaganti,
749 2671 844 2702 quam

118 2708 321 2747 membranis,
334 2709 381 2739 uti
396 2709 542 2749 suspicor.

163 2768 246 2800 Ibid.
270 2769 405 2810 Rejice‘at
420 2781 438 2800 a
455 2771 547 2801 nobis.
582 2770 688 2802 Simile
702 2771 842 2814 regimen

120 2823 168 2848 est
179 2818 323 2860 Virgilio,
339 2820 373 2850 in
388 2820 444 2851 ecl.
460 2820 502 2851 iii.
518 2825 568 2853 96.

182 2899 290 2934 Tityre,
301 2903 431 2934 pascentis
441 2902 569 2934 aflumine
580 2904 642 2930 reice
652 2905 773 2938 capellas.

930 948 1011 980 Ibid.
1029 949 1164 990 profata.
1205 948 1325 979 Omnes
1349 948 1436 980 codd.
1457 949 1605 991 prqf'ecla.

888 1001 1024 1040 Optime.
1061 1002 1095 1031 C.
1121 1001 1226 1040 Nepos
1248 1001 1281 1030 in
1299 1001 1416 1031 Attico:
1445 1005 1467 1020 “
1484 1002 1520 1032 P.
1537 1013 1609 1033 vero

887 1055 909 1069 “
926 1051 1099 1082 Volumnio
1123 1062 1159 1082 ea
1180 1051 1299 1089 tribuit,
1323 1059 1359 1082 ut
1380 1052 1471 1091 plura
1485 1065 1503 1082 α
1517 1061 1608 1093 patre

884 1106 906 1121 “
916 1104 1075 1145 proficisci
1089 1112 1152 1132 non
1168 1103 1356 1141 potuerint.’'
1382 1103 1606 1135 BENTLmus.

927 1153 998 1183 Ver.
1015 1157 1064 1184 82.
1086 1152 1225 1193 supersim
1245 1155 1385 1193 coelique.-
1405 1154 1448 1183 ita
1458 1155 1609 1193 scriptum

886 1210 932 1235 est
948 1205 980 1235 in
997 1205 1035 1236 Ο.
1054 1212 1098 1236 Ω.
1117 1215 1175 1235 nec
1191 1205 1310 1235 variant
1324 1205 1420 1235 Vind.
1436 1206 1473 1236 L.
1491 1206 1537 1235 M.
1550 1206 1610 1236 nisi

887 1257 970 1296 quod
994 1258 1129 1287 habeant
1161 1259 1255 1294 coelis,
1278 1256 1400 1286 vitiose:
1427 1257 1464 1287 P.
1491 1257 1533 1287 V.
1559 1258 1610 1288 ed.

888 1309 955 1338 coelz'
968 1310 1135 1348 speciesque
1141 1323 1152 1345 ‚·
1177 1313 1211 1338 Δ.
1227 1309 1294 1339 coeli
1308 1314 1470 1348 terraeque5
1497 1315 1536 1339 Π.
1552 1320 1610 1340 coe-

885 1360 990 1399 lisque,
1012 1358 1132 1388 omissis
1146 1358 1284 1398 reliquis:
1313 1364 1347 1390 Σ.
1374 1361 1441 1390 coeli
1466 1361 1505 1390 sit
1527 1371 1609 1400 qua*-

886 1421 951 1450 que.
996 1410 1168 1447 Nimirum,
1191 1424 1224 1441 το
1248 1409 1402 1450 supersim,
1426 1421 1480 1449 pro
1504 1423 1606 1442 rerum

885 1475 1076 1505 superarum,
1096 1464 1218 1494 videtur
1243 1464 1349 1495 scribis
1371 1465 1504 1504 illepidis
1529 1467 1606 1508 inje-

885 1516 962 1546 cisse
984 1514 1180 1554 scrupulum3
1202 1515 1285 1555 quod
1312 1515 1459 1547 demiror:
1499 1517 1568 1548 vide
1590 1518 1610 1548 i.

888 1571 959 1598 128.
996 1567 1116 1605 Cicero,
1142 1566 1243 1597 Acad.
1269 1567 1300 1597 ii.
1327 1570 1446 1597 41.-—“
1471 1569 1611 1599 humana

889 1623 912 1638 “
926 1619 1128 1659 despicimus;
1151 1620 1383 1660 cogitantesque
1397 1631 1506 1660 supera
1519 1627 1611 1662 atque

887 1674 909 1689 “
925 1673 1066 1708 coelestz'a,
1080 1671 1146 1700 haec
1161 1676 1275 1708 nostra,
1295 1676 1331 1700 ut
1339 1671 1451 1711 exigua
1462 1677 1494 1702 et
1504 1672 1610 1702 minu-

887 1725 909 1741 “
925 1732 989 1760 ma,
1021 1722 1282 1753 contemnimus.'‘
1327 1723 1372 1752 Et
1401 1723 1474 1754 ibid.
1505 1724 1612 1762 paullo

887 1773 1035 1811 superius,
1057 1779 1131 1802 sect.
1148 1775 1267 1803 59.—“
1282 1772 1407 1810 coelum,
1431 1773 1541 1812 solem,
1562 1775 1608 1805 lu-

887 1827 910 1842 “
925 1833 1011 1861 nam,
1026 1823 1139 1858 stellas,
1156 1834 1265 1862 supera
1282 1823 1416 1863 denique
1430 1826 1610 1855 omnia—.‘’

928 1874 1003 1904 Ver.
1018 1877 1068 1904 85.
1080 1874 1222 1915 fulmina
1238 1875 1337 1904 clara:
1362 1874 1399 1904 L.
1416 1874 1464 1904 M.
1484 1882 1528 1906 Ω.
1539 1878 1610 1916 fla-

885 1927 968 1955 mina
984 1926 1086 1960 clara‚·
1109 1924 1215 1955 redeas
1237 1930 1385 1955 annotata
1409 1925 1449 1955 ad
1475 1925 1495 1956 i.
1519 1929 1611 1959 1002.

883 1976 958 2006 hinc
972 1975 1057 2006 enim
1071 1975 1260 2014 suspiciones
1277 1981 1390 2005 nostrae
1410 1976 1450 2006 de
1471 1977 1527 2008 illo
1543 1977 1611 2009 loco

885 2038 949 2058 non
974 2027 1170 2058 mediocriter
1187 2027 1548 2068 juvantur.—-canemla.·
1574 2034 1611 2061 Δ.

885 2081 1028 2110 cavenda.

925 2130 1001 2160 Ver.
1017 2133 1066 2159 84.
1089 2140 1247 2169 quomque,
1268 2128 1318 2158 vel
1344 2140 1479 2169 cunque:
1508 2130 1552 2160 sic
1574 2131 1611 2162 P.

887 2180 927 2212 V.
942 2181 990 2211 ed.
1006 2182 1043 2212 B.
1061 2181 1100 2212 O.
1119 2186 1153 2212 Δ.
1169 2185 1204 2213 Σ.
1222 2187 1267 2211 Ω.
1283 2180 1388 2221 vulgo,
1403 2192 1528 2222 quaeque
1537 2196 1548 2217 ,-
1569 2188 1610 2214 Π.

886 2243 1015 2273 quaque.

930 2285 1006 2314 Ver.
1022 2287 1073 2315 85.
1096 2286 1242 2324 trepides:
1269 2284 1366 2315 Vind.
1391 2284 1430 2315 O.
1455 2291 1495 2315 Π.
1513 2289 1546 2317 Σ.
1564 2291 1609 2317 Ω..

887 2338 1038 2376 trepidas;
1074 2342 1108 2368 A.
1147 2337 1401 2377 trepidans.—Et
1431 2336 1511 2367 ordo
1550 2344 1610 2368 est:

888 2390 910 2405 ‘⁶
927 2387 989 2424 Ne,
1009 2397 1117 2417 amens
1144 2387 1178 2429 (i.
1194 2398 1219 2417 e.
1242 2387 1339 2417 animi
1355 2394 1566 2419 consternatus
1581 2394 1613 2419 et

889 2440 911 2456 “
929 2438 1140 2478 vacuefactus)
1177 2438 1315 2477 partibus
1338 2437 1406 2467 coeli
1431 2438 1535 2469 divisis
1559 2441 1610 2480 (ut

889 2489 1019 2530 “Virg.
1050 2490 1125 2520 AEn.
1156 2489 1208 2520 xii.
1240 2489 1326 2529 776.)
1353 2487 1496 2529 trepides,'
1524 2490 1611 2520 unde

888 2543 910 2558 “
927 2539 1081 2580 ignis—:”
1103 2541 1123 2571 i.
1140 2551 1157 2570 e
1180 2540 1404 2570 tremebundus
1426 2541 1541 2581 cogites
1564 2547 1610 2572 at-

886 2600 946 2630 que
961 2590 1107 2631 inquiras.
1131 2591 1297 2630 Horatius,
1314 2591 1362 2621 od.
1379 2591 1412 2622 ii.
1430 2595 1480 2622 11.
1497 2596 1525 2623 4.

1233 2685 1283 2704 nec
1294 2678 1400 2711 trepides
1409 2679 1437 2703 in
1448 2685 1509 2703 usus

947 2718 1083 2742 Poscentis
1094 2719 1149 2743 aevi
1158 2726 1257 2750 pauca:

885 2792 905 2823 i.
920 2802 945 2823 e.
973 2795 996 2811 “
1012 2793 1123 2823 anxius
1145 2804 1181 2824 ac
1203 2792 1441 2824 festinabundus
1464 2793 1608 2825 animum

887 2848 909 2863 ‘⁶
931 2844 971 2874 ad
1007 2859 1172 2885 αναγκαιας
1208 2846 1280 2876 vitae
1307 2859 1405 2888 χρειας
1439 2845 1608 2877 advertas.'’

887 2895 971 2926 Nam
986 2895 1029 2926 sic
1044 2896 1242 2929 scribendum
1257 2903 1344 2937 puto,
1360 2897 1426 2928 vice
1441 2909 1538 2930 usum.
