1926 3224
308 229 400 271 368

782 227 843 274 T.
887 224 1261 272 LUCRETII

439 355 642 411 Inpellant
660 362 707 396 ut
726 369 816 396 eam
839 354 1056 411 Magnesia
1074 355 1245 396 flumina
1264 356 1362 396 saxi.

496 429 584 469 Nec
603 436 740 469 tamen
760 427 850 470 haec
869 428 927 469 ita
946 437 1041 469 sunt
1060 428 1230 470 aliarum
1250 443 1388 470 rerum
1408 429 1553 481 aliena,

439 503 500 544 Ut
519 501 620 542 mihi
641 502 768 543 multa
789 516 935 557 parum
954 517 1105 559 genere
1124 516 1178 543 ex
1198 502 1277 543 hoc
1298 502 1620 557 subpeditentur‚

299 579 405 617 1065
438 576 545 625 Quae
564 590 792 618 memorare
811 590 959 631 queam
978 576 1086 617 inter
1106 590 1147 616 se
1168 575 1424 632 singulariter
1445 586 1552 632 apta.

494 650 604 691 Saxa
622 649 733 690 vides
752 650 933 705 primum
953 649 1036 690 sola
1057 649 1282 690 coolescere
1302 649 1426 691 calce:

435 723 605 766 Glutine
623 724 809 765 materies
829 724 994 765 taurino
1007 723 1198 780 jungitur
1219 722 1316 773 una,

321 879 371 903 Sed
382 878 500 910 gravidae
511 879 612 911 fruges,
622 883 649 905 et
660 879 752 905 Bacchi
763 881 888 906 Massicus
897 881 996 911 humor,

318 925 526 957 Inplevere—.

285 1013 443 1045 Animum
464 1021 570 1046 autem
594 1017 744 1056 advertas,
774 1024 891 1059 quanto
911 1029 1002 1058 opere

285 1067 344 1098 hoc
359 1069 482 1099 schema
503 1070 535 1100 in
558 1071 737 1102 nominibus
749 1072 879 1112 propriis
901 1072 1001 1103 domi-

285 1125 384 1150 netur.
419 1120 544 1151 Addam
559 1121 704 1162 denique,
719 1128 756 1152 ut
767 1122 927 1153 domei-ear
942 1123 1001 1153 lec-

286 1175 386 1200 torem
421 1171 551 1210 plenius,
588 1172 750 1213 castigatos
783 1183 887 1203 versus
924 1173 1005 1211 Silii,

286 1220 371 1252 Pun.
386 1222 445 1252 xvi.
462 1224 534 1253 370.

312 1323 403 1355 Ipsum
415 1323 513 1353 AEtola,
525 1330 593 1355 vago
604 1323 727 1348 Diomedi
740 1323 859 1352 condita,
869 1324 950 1355 Tyde

312 1373 430 1397 Miserat:
453 1375 601 1403 exceptum
614 1372 724 1404 Trojand
735 1373 769 1396 ab
780 1371 874 1404 origine
883 1380 1004 1405 equorum

312 1420 478 1449 Tradebant,
489 1426 554 1450 quos
565 1421 671 1449 AEneae,
681 1420 823 1445 Simoentis
833 1421 867 1445 ad
879 1421 974 1451 undas,

312 1469 404 1495 Victor
414 1471 534 1502 Tydides
544 1471 647 1503 magnis
655 1472 806 1498 abduxerat
817 1473 894 1498 ausis.

282 1555 450 1594 Caeterum,
474 1555 590 1586 librarii
605 1563 733 1596 veteres,
751 1558 842 1598 juxta
856 1569 929 1589 cum
953 1569 1001 1590 re-

277 1607 417 1637 centibus
431 1607 542 1638 criticis
556 1608 737 1649 exquisitius
757 1609 882 1640 dicendi
899 1619 1000 1650 genus

276 1655 407 1689 minime
430 1659 586 1697 callentes,
609 1659 688 1690 illud
714 1671 788 1691 saxa
812 1671 850 1691 ex
872 1662 1008 1693 arbitrio

277 1709 344 1741 sine
358 1711 566 1741 controversia
579 1718 750 1750 posuerunt
764 1713 797 1742 in
812 1719 969 1746 contextu.

320 1777 393 1808 Ver.
415 1781 507 1810 1065.
532 1781 710 1819 singlariter
719 1780 759 1811 P.
773 1780 827 1811 sed
841 1791 906 1812 non
921 1792 1000 1822 opus

278 1837 324 1862 est
338 1832 372 1861 in
387 1832 543 1862 Lucretio.

319 1895 394 1926 Ver.
413 1899 502 1927 1066.
525 1899 622 1927 vides:
648 1897 744 1928 Vind.
766 1898 802 1929 V.
826 1899 872 1929 ed.
897 1900 936 1930 Ο.
960 1905 994 1931 Σ.

280 1953 324 1978 Ω.
339 1949 406 1978 vide
410 1963 421 1984 ,-
439 1957 503 1977 non
518 1947 828 1980 mala—coalescere.-
848 1951 882 1981 P.
900 1951 995 1982 Vind.

279 1998 319 2029 O.
336 1998 373 2034 Q.
390 2003 425 2028 Δ.
449 2004 483 2030 Σ.
505 2000 681 2036 coalescere;
706 1999 808 2031 forsan
832 2008 926 2032 recte:
954 2003 994 2033 V.

278 2048 326 2080 ed.
341 2050 494 2080 calescere.

318 2111 392 2142 Ver.
410 2114 500 2142 1067.
521 2114 664 2144 taurino.-
692 2114 789 2144 Vind.
807 2121 851 2145 Ω.
865 2117 994 2152 aurine,-

277 2166 312 2194 Σ.
328 2162 411 2204 quod
425 2163 508 2194 idem
525 2170 580 2200 est,
603 2167 727 2202 anriv0;
750 2166 791 2196 V.
808 2166 854 2196 ed.
870 2169 994 2204 ταινίας,-

278 2213 318 2244 O.
333 2215 659 2256 amisimffl'ngitur:
685 2217 727 2246 V.
752 2216 798 2247 ed.
825 2224 993 2257 mergatur,-

276 2270 312 2297 Σ.
328 2268 482 2305 mergitur.
527 2266 636 2304 Porro,
659 2267 815 2298 temeritas
839 2268 996 2299 editorum

274 2317 400 2348 intrusit
413 2320 457 2348 ita
473 2324 541 2358 post
554 2322 690 2357 taurino,
712 2326 821 2350 contra
842 2320 994 2358 universa,

273 2368 307 2399 ni
322 2368 424 2408 fallor,
447 2369 634 2409 exemplaria
647 2376 758 2401 vetera.
803 2371 876 2401 noc
890 2378 995 2401 autem

275 2421 399 2451 schema
424 2420 586 2462 tetigimus
606 2421 719 2452 alicubi
741 2422 894 2461 superius,
916 2423 994 2453 etin

274 2472 593 2504 animadversionibus
621 2473 661 2504 ad
694 2473 823 2513 Sophoc.
860 2474 993 2505 Philoct.

277 2525 348 2555 808.

317 2585 398 2616 Ibid.
418 2587 542 2618 Glulz'ne
557 2588 690 2618 taurino.
714 2587 766 2618 De
780 2588 839 2618 hoc
854 2586 996 2617 consulas

273 2636 357 2668 Plin.
373 2642 435 2668 nat.
450 2638 519 2668 hist.
534 2638 637 2669 xxviii.
654 2641 703 2669 71.
726 2639 834 2678 Eurip.
857 2639 995 2669 Cretens.

275 2688 386 2728 sragm.
403 2692 433 2719 2.
450 2695 482 2719 et
496 2689 605 2729 Polyb.
620 2690 659 2720 vi.
675 2693 726 2721 21.

316 2746 390 2777 Ver.
411 2751 504 2779 1068.
531 2759 631 2779 venoe:
659 2748 699 2779 Ο.
722 2753 759 2780 Δ.
779 2750 994 2780 vena-tabu-

272 2798 393 2828 larum:
426 2799 468 2829 V.
493 2799 540 2830 ed.
564 2801 756 2836 rabulatun1;
791 2807 838 2831 Ω.
865 2802 995 2831 tribula-

274 2851 535 2882 runa—hiscam:
562 2857 597 2882 Δ.
613 2857 647 2884 Σ.
662 2855 768 2884 hiscat.

315 2908 390 2939 Ver.
410 2912 501 2941 1069.
531 2911 652 2942 laxare:
679 2912 718 2941 V.
748 2911 796 2942 cd.
824 2913 995 2950 lapsare.—

1050 892 1214 922 ccmpages:
1239 880 1335 912 Vind.
1355 881 1396 912 V.
1411 881 1458 912 ed.
1475 893 1633 923 compage:
1653 883 1777 924 syllabae

1046 944 1098 973 ges
1119 939 1228 964 taurea
1252 932 1364 962 desunt
1380 938 1566 964 A.—caurea
1588 936 1706 965 vincla:
1734 936 1774 966 V.

1047 984 1094 1015 ed.
1121 985 1158 1014 B.
1180 986 1313 1015 stamina
1331 987 1462 1020 marma,-
1488 990 1522 1016 Σ.
1545 997 1641 1016 aurea
1657 989 1771 1018 vincla:

1046 1045 1136 1065 voces
1150 1035 1365 1065 desiderantur
1380 1035 1413 1063 in
1426 1034 1519 1064 Vind.
1533 1040 1574 1072 et,
1589 1045 1645 1074 pro
1656 1039 1771 1075 vincla,

1051 1091 1087 1117 Δ.
1099 1093 1193 1125 gesta.
1218 1085 1305 1115 Ordo
1319 1091 1377 1115 est:
1398 1089 1420 1104 ‘⁶
1434 1086 1539 1120 Quam
1552 1092 1659 1117 taurea
1673 1089 1776 1120 vincla

1050 1141 1072 1155 ‘⁴
1088 1143 1204 1176 queant
1222 1135 1326 1165 laxare
1343 1145 1508 1176 compages
1523 1137 1624 1168 suas.'’

1093 1196 1172 1226 Ibid.
1202 1198 1469 1227 hiscant-—laxare
1495 1209 1650 1238 conpages.
1696 1200 1773 1231 Huc

1047 1247 1201 1287 Virgilius
1225 1245 1331 1277 oculos
1355 1249 1550 1279 convertebat
1577 1249 1617 1280 ad
1650 1251 1727 1282 AEn.
1752 1251 1773 1283 i.

1050 1303 1119 1330 122.

1227 1396 1307 1421 Laxis
1318 1397 1432 1423 laterum
1445 1398 1604 1430 conpagibus,
1616 1406 1710 1426 omnes

1064 1437 1211 1469 Adcipiunt
1222 1438 1361 1464 inimicum
1369 1439 1494 1469 imbrem,
1506 1440 1632 1472 rimisque
1633 1441 1771 1473 fatiscunt.

1049 1511 1134 1542 Nam
1145 1513 1303 1554 fatiscunt
1319 1514 1411 1552 valet,
1434 1516 1625 1546 abundanter
1639 1518 1769 1554 hiscant,

1046 1571 1171 1595 auctore
1188 1566 1308 1602 Servio;
1332 1577 1425 1607 quem
1440 1566 1543 1598 adeas.
1577 1568 1678 1599 Vetus
1693 1580 1770 1600 ono-

1045 1617 1210 1647 masticon:
1239 1622 1261 1636 “
1279 1620 1447 1657 Faciscere,
1475 1619 1614 1660 xoenmff’
1644 1621 1687 1651 Et
1703 1631 1772 1652 rur-

1043 1678 1107 1699 sus:
1136 1672 1158 1687 “
1176 1670 1283 1707 Hisco,
1303 1669 1429 1709 χαινω.”

1087 1727 1170 1758 Ibid.
1192 1730 1296 1759 laxare
1310 1730 1422 1760 vincla.
1455 1729 1619 1769 Corippus,
1634 1730 1655 1761 i.
1674 1734 1726 1762 52.

1075 1808 1201 1833 Nondum
1213 1809 1291 1841 plena
1302 1809 1377 1840 quies
1387 1809 1489 1834 vinctos
1499 1809 1644 1835 laxaverat
1657 1814 1740 1836 artus.

1046 1879 1096 1910 Sic
1111 1880 1324 1912 scribendum:
1350 1881 1428 1918 libri,
1444 1884 1542 1913 victos.

1082 1939 1156 1970 Ver.
1174 1944 1265 1971 1070.
1280 1942 1313 1971 in
1330 1942 1414 1971 abest
1431 1941 1526 1972 Vind.
1545 1941 1583 1972 V.
1598 1941 1644 1972 ed.
1664 1942 1705 1973 Ο.
1724 1943 1763 1979 Q.

1040 1995 1074 2020 A.
1095 1997 1139 2021 Ω.
1166 1992 1249 2022 unde
1264 1992 1341 2022 mihi
1358 1992 1446 2023 valde
1462 1993 1618 2032 probabile
1632 1993 1763 2030 videtur,

1038 2040 1222 2072 Lucretium
1237 2052 1301 2072 non
1323 2042 1411 2072 aliter
1433 2043 1598 2082 scripsisse,
1621 2050 1652 2074 et
1666 2045 1762 2083 aqic'a'i

1038 2093 1301 2133 quadrisyllabum
1327 2094 1630 2134 posuisse.—aquaz.-
1669 2094 1765 2125 vind.

1041 2149 1076 2174 Δ.
1104 2150 1148 2174 Ω.
1170 2156 1262 2184 aqua.
1306 2145 1408 2175 Voces
1434 2147 1468 2176 in
1499 2148 1595 2186 aqua'z'
1613 2147 1762 2186 funtibus

1040 2198 1152 2227 audent
1170 2196 1385 2226 desiderantur
1401 2197 1433 2226 in
1455 2202 1489 2228 Σ.

1083 2254 1163 2284 Ibid.
1184 2257 1290 2286 latices
1314 2258 1438 2286 audenc-
1464 2255 1526 2285 His
1549 2255 1763 2287 audacioribus

1037 2305 1076 2335 ad
1091 2305 1297 2336 inanimatam
1314 2317 1380 2336 rem
1403 2317 1422 2336 a
1437 2306 1521 2336 vitali
1543 2306 1644 2337 ductis
1664 2313 1761 2338 trans-

1038 2357 1205 2388 lationibus
1220 2358 1357 2388 abundat
1374 2365 1489 2388 noster:
1509 2357 1578 2388 vide
1593 2369 1620 2389 v.
1635 2363 1708 2391 591.
1723 2360 1762 2391 iv.

1037 2415 1110 2442 8:20.
1142 2418 1172 2442 et
1193 2423 1262 2453 quae
1289 2412 1427 2444 diximus
1449 2413 1522 2444 ibid.
1545 2414 1586 2444 ad
1607 2424 1666 2446 ver.
1691 2419 1762 2446 246.

1037 2464 1212 2495 Lambinus
1235 2465 1329 2495 etiam
1355 2467 1433 2495 bene
1458 2465 1564 2496 laudat
1585 2476 1645 2497 ver.
1672 2470 1762 2499 1190.

1037 2518 1096 2547 boc
1124 2516 1212 2546 libro.
1254 2517 1373 2557 Heynii
1397 2517 1555 2557 judicium
1585 2519 1692 2557 probo,
1715 2517 1758 2548 sic

1037 2567 1208 2598 animosius
1221 2567 1400 2607 accipientis
1415 2568 1518 2598 locum
1531 2568 1670 2609 Virgilii,
1691 2578 1759 2609 geo.

1037 2619 1069 2649 ii.
1090 2622 1161 2651 215.
1185 2629 1255 2660 quae
1281 2620 1359 2650 ratio
1382 2620 1611 2659 nobismetipsis
1635 2629 1758 2660 quoque

1039 2669 1161 2701 dudum
1177 2677 1285 2709 sponte
1301 2670 1483 2710 complacita
1498 2676 1555 2701 est:

1038 2760 1069 2783 Et
1081 2759 1168 2791 tophus
1179 2760 1269 2784 scaber
1279 2762 1318 2789 et,
1331 2759 1410 2792 nigris
1421 2765 1501 2784 exesa
1512 2757 1653 2789 chelydris,

1039 2800 1108 2822 Creta
1122 2802 1214 2830 negant
1225 2798 1288 2823 alios
1302 2805 1381 2829 aeque
1394 2797 1557 2829 serpentibus
1568 2803 1643 2828 agros

1039 2838 1152 2863 Dulcem
1165 2838 1234 2863 ferre
1245 2839 1346 2868 cibum,
1357 2843 1384 2864 et
1396 2844 1491 2863 curvas
1501 2836 1621 2868 praebere
1633 2835 1755 2862 latebras.

1041 2913 1193 2944 Conferas
1207 2913 1278 2946 ibid.
1295 2922 1356 2945 ver.
1371 2915 1441 2944 ¹254.
1463 2911 1625 2943 Claudian.
1641 2911 1674 2942 in
1688 2910 1756 2942 Ru.
