1926 3224
525 267 760 318 LIBER
806 263 1165 325 QUINTUS.
1523 265 1585 311 47

238 402 307 444 Ex
327 402 406 444 alio
426 408 546 458 atque
566 401 646 443 alio
665 401 797 442 lucem
821 400 976 455 jactare
996 397 1182 445 subortu,

127 481 209 518 305
242 476 298 518 Et
317 477 496 532 primum
517 474 719 531 quidquid
739 474 1000 515 flammarum
1019 470 1192 526 perdere
1212 480 1390 522 semper3

240 549 495 592 Inviolabilia
513 549 604 589 haec
625 562 677 587 ne
697 546 838 587 credas
858 544 963 585 forte
977 545 1127 599 vigere.

297 623 505 676 Denique,
527 634 614 659 non
634 617 788 672 lapides
809 631 972 671 quoque
992 615 1099 655 vinci
1119 615 1251 655 cernis
1271 615 1323 656 ab
1343 612 1454 655 aevo?

240 695 340 736 Non
360 693 458 734 altas
478 691 625 733 turreis
645 704 779 739 ruere,
802 696 843 730 et
862 695 1095 743 putrescere
1117 686 1242 727 saxa?

239 766 339 808 Non
359 764 529 807 delubra
548 763 688 814 desim,
711 762 1022 817 simulacraque,
1044 760 1146 802 fessa
1165 759 1317 801 fatisci?

97 938 296 980 emplaribus‚
321 937 405 968 instt.
430 941 506 967 orat.
520 936 561 968 ix.
577 940 606 968 5.
624 947 654 977 p.
671 939 746 968 805.
770 935 819 967 ed.

98 993 209 1025 Burm.

140 1052 222 1084 Ibid.
265 1058 390 1084 tremere
426 1051 548 1090 ignibus
585 1052 717 1086 instant‚-
764 1051 821 1080 In-

97 1111 189 1138 stant.
238 1104 382 1145 Hujusce
397 1102 599 1143 repetitionis,
610 1112 705 1143 quam
716 1101 820 1142 tetigi-

97 1165 171 1187 mus
185 1155 225 1186 ad
238 1155 284 1186 iii.
302 1158 350 1186 15.
372 1159 403 1185 et
418 1154 504 1192 alibi,
520 1153 680 1193 specimen
695 1152 820 1193 perpul-

98 1209 212 1238 chrum
226 1207 390 1237 Homerus
403 1205 537 1241 exhibet,
551 1205 586 1234 in
604 1204 644 1235 11.
663 1210 700 1235 T.
709 1206 782 1236 571.
794 1209 825 1235 et

100 1264 139 1291 X.
158 1261 228 1290 127.
243 1268 314 1299 quae
328 1257 496 1298 posteriora
509 1257 680 1296 proferam:

180 1349 229 1382 Τῳ
239 1346 402 1382 οοιριζεμεναι,
413 1346 461 1372 ἁτε
473 1345 585 1381 nor-potios
595 1345 668 1375 'affleog
676 1354 712 1378 τε,

180 1393 302 1429 Παρθενος
316 1393 388 1423 πῖθεος
402 1391 435 1424 τ’,
449 1393 570 1428 amplisu-ou
580 1397 720 1422 αλληλοισι.

148 1467 231 1499 Ibid.
252 1473 378 1499 tremere
398 1469 521 1508 ignibus
536 1469 652 1498 instant
659 1482 669 1503 ;
693 1468 829 1505 Instant,

104 1531 214 1552 nec—.
258 1519 369 1550 Cicero
392 1519 427 1549 in
452 1519 542 1549 Arat.
570 1521 641 1549 554.
663 1527 738 1548 cum
762 1519 831 1557 pari

103 1572 215 1604 salvem
229 1569 394 1613 elegantia,
417 1576 449 1601 et
462 1570 592 1601 artificio
605 1579 825 1601 numerorum:

137 1664 171 1689 Et
181 1661 322 1688 matutinis
331 1661 456 1686 acredula
466 1660 574 1685 vocibus
585 1660 676 1688 ἐνιπαὶ,-

135 1702 239 1729 Vocibus
250 1701 339 1731 instar,
349 1704 378 1726 et
387 1700 508 1725 adsiduas
518 1699 583 1730 jacit
595 1705 642 1724 ore
653 1699 783 1730 querelas.

149 1775 223 1808 Ver.
238 1779 311 1807 500.
334 1776 474 1807 Instant:
495 1780 538 1806 Π.
553 1775 829 1814 Priscant.-rup-

103 1834 153 1860 ta.-
177 1831 215 1860 Σ.
236 1825 346 1864 codex,
360 1831 470 1865 empta.

151 1888 226 1920 Ver.
248 1892 324 1920 301.
348 1893 568 1927 properanter:
604 1890 640 1917 Δ.
657 1892 833 1927 properant.

111 1943 194 1972 -ei.·
219 1940 263 1971 sic
284 1939 386 1970 Vind.
413 1939 453 1969 O.
476 1942 512 1969 Δ.
529 1945 570 1968 Π.
586 1942 622 1970 Σ.
640 1944 686 1969 Ω.
709 1937 835 1979 elegan-

109 1992 183 2028 tius,
192 1995 224 2022 et
234 1990 334 2031 magis
345 1989 385 2020 ad
399 1989 474 2020 Cari
485 1998 618 2019 morem:
637 1987 742 2029 vulgo,
758 1989 835 2029 (ήκω

110 2042 196 2085 quod
210 2047 317 2072 tamen
332 2040 421 2071 nullo
433 2039 528 2070 modo
542 2038 797 2079 repudiavissem‚
811 2039 838 2069 si

111 2093 256 2126 codicum
271 2092 308 2122 L.
325 2092 374 2122 M.
395 2091 558 2121 varietates
581 2090 763 2131 diligentius
787 2100 835 2121 re-

110 2144 243 2178 censitas
257 2143 451 2174 haberemus.

156 2204 230 2235 Ver.
259 2207 332 2235 502.
369 2205 536 2234 celeratur:
576 2202 620 2232 sic
648 2203 841 2233 membranae

113 2255 214 2287 Vind.
235 2255 273 2286 L.
289 2255 340 2285 M.
356 2254 396 2285 O.
413 2258 448 2285 Δ.
464 2259 500 2286 Σ.
521 2259 567 2284 Ω..
592 2259 623 2283 et
645 2252 741 2284 editio
755 2253 838 2284 Jun-

115 2305 200 2342 tina3
223 2305 261 2336 P.
278 2306 318 2336 V.
334 2305 382 2336 ed.
406 2311 447 2336 Π.
463 2306 620 2336 toleratur.
665 2303 839 2342 Nimirum,

115 2356 166 2387 vel
179 2367 195 2387 e
210 2356 402 2387 elementum
416 2356 495 2386 forte
504 2356 630 2386 fortuna
640 2355 675 2385 in
686 2367 702 2386 o
713 2355 840 2393 abierat,

117 2413 210 2448 atque
220 2406 289 2446 jam
302 2412 447 2437 exortum
461 2409 613 2438 celeratur
634 2406 725 2437 facile
739 2406 842 2436 detor-

119 2464 190 2490 tum
204 2457 298 2488 estin
320 2459 466 2488 toleratur
472 2473 482 2495 ;
506 2458 555 2488 vel
576 2457 719 2488 librarius
744 2456 843 2496 illepi-

120 2509 189 2546 dus,
202 2514 231 2540 et
242 2508 494 2549 exquisitissimas
505 2509 685 2542 Lucretiani
693 2509 846 2539 sermonis

121 2561 263 2592 Veneres
277 2570 317 2590 ne
332 2559 520 2599 primoribus
534 2560 664 2601 quidem
685 2559 778 2590 labris
799 2565 844 2589 te-

121 2623 183 2644 nus
207 2612 353 2648 sentiens,
377 2611 434 2642 sua
447 2618 558 2651 sponte
573 2611 710 2651 corrupit
723 2611 844 2650 locum3

121 2663 223 2694 verbis
245 2662 471 2704 signatissimis,
486 2668 517 2692 et
532 2672 626 2702 opere
640 2663 779 2693 maximo
797 2673 845 2693 se-

120 2714 219 2750 lectis,
246 2714 479 2745 concinnatum.
524 2713 702 2744 Translatio
733 2719 788 2751 est,
811 2719 848 2745 ut

122 2772 242 2806 putem,
258 2777 296 2797 ex
311 2766 478 2797 hominum
494 2765 710 2804 multitudine,
736 2777 768 2797 se
782 2766 846 2796 vio-

122 2817 223 2848 lenter
236 2817 499 2857 protrudentium,
516 2823 547 2847 et
562 2817 700 2847 celeriter
714 2816 748 2847 in
762 2823 846 2847 tran-

124 2867 187 2898 situ
201 2868 444 2901 succedentium.
489 2868 658 2909 Horatius,
673 2869 758 2910 epist.
774 2868 809 2901 ii.
819 2872 849 2899 2.

127 2922 141 2949 1
149 2922 198 2951 76.

891 942 1383 954 ———.--.—-——-—
1392 933 1420 955 et
1432 930 1517 956 haeres

896 974 1041 999 Haeredem
1061 972 1180 1003 alternis,
1193 972 1269 997 velut
1285 971 1357 996 unda
1376 971 1529 1003 supervenit
1544 976 1591 995 un-

989 1013 1063 1038 dam.

864 1076 985 1108 Pariter
1000 1074 1168 1115 Virgilius,
1187 1074 1262 1104 AEn.
1277 1084 1302 1103 v.
1318 1077 1391 1104 524.

1077 1143 1234 1174 calcemque
1245 1141 1308 1166 terit
1316 1141 1373 1172 jam
1381 1141 1454 1166 calce
1466 1141 1567 1166 Diores.

911 1211 986 1241 Ver.
999 1212 1072 1241 505.
1094 1210 1274 1248 stellasque:
1302 1206 1400 1236 Vind.
1424 1207 1533 1237 stellas.
1550 1212 1594 1237 Ω.

870 1268 988 1300 autem,
1000 1262 1176 1301 putandum
1191 1265 1244 1290 est.

915 1314 990 1344 Ver.
1005 1316 1078 1343 304.
1100 1313 1239 1342 subortu:
1259 1309 1296 1340 P.
1314 1308 1354 1339 V.
1372 1308 1419 1339 ed.
1437 1308 1477 1339 O.
1498 1312 1534 1339 A.
1554 1314 1599 1339 Ω.

871 1368 925 1398 sub
947 1371 1031 1401 ortu5
1056 1363 1147 1394 male.
1191 1361 1365 1393 Lambinus
1379 1362 1458 1391 bene
1473 1360 1600 1391 suscita-

872 1417 947 1448 viti.
960 1420 1052 1447 1048.
1061 1415 1093 1446 ii.
1106 1418 1198 1445 1157.
1214 1413 1326 1455 quibus
1337 1412 1465 1453 adjicias
1474 1412 1493 1442 i.
1508 1414 1597 1443 1055.

873 1468 964 1498 Hinc
979 1473 1066 1498 extra
1080 1466 1213 1496 dubium
1227 1464 1329 1504 posita
1348 1463 1471 1494 videtur
1492 1460 1598 1494 emen·

873 1519 958 1549 datio
973 1518 1112 1556 Manilii,
1128 1517 1169 1548 ad
1182 1517 1225 1547 iii.
1240 1520 1312 1547 526.

904 1587 983 1611 Stent
994 1585 1051 1611 veri
1058 1584 1195 1610 stellarum
1206 1583 1296 1613 obitus,
1307 1583 1417 1614 verique
1427 1582 1552 1607 subortus.

874 1644 974 1681 Libri,
1009 1646 1031 1662 “
1048 1643 1210 1673 stellarum
1238 1641 1364 1676 ortus,·''
1402 1646 1438 1670 ut
1465 1641 1603 1670 subortus

874 1694 1036 1725 stellarum
1050 1704 1189 1724 occasum
1204 1692 1369 1732 significet:
1400 1691 1485 1732 quod
1506 1690 1599 1720 mini-

875 1755 927 1776 me
942 1744 1119 1775 ferendum.
1164 1743 1328 1783 Virgilius,
1344 1753 1412 1783 geo.
1428 1743 1447 1773 i.
1466 1745 1537 1773 257.

890 1813 945 1837 Nec
956 1811 1056 1836 frustra
1066 1810 1204 1842 signorum
1211 1808 1291 1833 obitus
1298 1808 1480 1840 speculamur,
1487 1812 1515 1834 et
1524 1812 1603 1833 ortus.

920 1874 999 1904 Ver.
1022 1875 1096 1904 505.
1109 1874 1333 1914 flammarum:
1358 1869 1401 1900 sic
1427 1870 1464 1900 L.
1492 1871 1539 1900 Μ.
1564 1870 1604 1900 O.

879 1929 917 1956 A.
934 1929 969 1957 Σ.
987 1931 1031 1956 Ω.
1048 1934 1123 1955 cum
1136 1923 1288 1960 Juntin233
1305 1921 1342 1952 P.
1355 1920 1452 1951 Vind.
1463 1921 1500 1951 B.
1505 1922 1605 1961 flam-

879 1977 961 2013 ma'i;
984 1983 1022 2007 ut
1034 1975 1178 2016 vulgares
1199 1973 1287 2004 editi:
1315 1972 1355 2003 V.
1378 1972 1426 2002 ed.
1437 1973 1606 2013 flammas,-

881 2034 923 2059 Π.
943 2025 1293 2069 flamare.—Conferas
1316 2030 1424 2055 autem
1450 2034 1511 2054 ver.
1535 2025 1607 2054 285.

880 2080 1031 2119 superius.

922 2132 997 2162 Ver.
1012 2134 1084 2162 506.
1106 2140 1162 2161 ne:
1187 2128 1230 2159 V.
1244 2127 1292 2158 ed.
1309 2131 1345 2158 A.
1360 2131 1396 2158 Σ.
1413 2132 1457 2157 Ω.
1473 2137 1545 2162 nem
1559 2135 1608 2155 ar-

883 2181 983 2223 repta,
1009 2181 1056 2213 uti
1071 2181 1118 2220 fit,
1143 2179 1284 2219 proxime
1306 2177 1449 2209 veniente
1464 2177 1610 2208 dictionis

885 2240 999 2266 secutae
1012 2233 1114 2264 litera.

929 2286 1003 2316 Ver.
1019 2288 1092 2316 508.
1115 2285 1246 2315 turreis.-
1271 2282 1314 2313 V.
1330 2281 1377 2312 ed.
1392 2282 1492 2311 terris.

930 2337 1012 2368 Ibid.
1030 2342 1202 2376 putrescere
1225 2345 1316 2365 sama:
1342 2331 1520 2363 committas
1545 2332 1610 2362 Lu-

887 2399 954 2421 can.
971 2388 1022 2418 vii.
1034 2390 1108 2419 597.
1135 2385 1298 2417 Claudian.
1308 2384 1342 2414 in
1353 2383 1484 2422 Eutrop.
1497 2382 1529 2414 ii.
1541 2385 1612 2414 277.

888 2451 929 2472 ne
944 2440 1049 2480 plures
1064 2438 1206 2470 excitem.

932 2493 1007 2522 Ver.
1035 2494 1108 2522 509.
1131 2490 1256 2520 delubra
1271 2486 1369 2518 deam.
1405 2486 1510 2523 Maro,
1537 2486 1613 2517 AEn.

888 2544 921 2575 ii.
938 2547 1010 2574 248.

982 2604 1036 2628 Nos
1052 2601 1156 2627 delubra
1167 2599 1241 2625 deam
1250 2598 1379 2623 miseri—.

934 2660 1015 2691 Ibid.
1039 2661 1207 2691 simulacra
1214 2657 1302 2698 fissa
1307 2656 1422 2697 fatisci
1428 2669 1438 2686 :
1465 2655 1484 2685 i.
1501 2665 1526 2685 e.
1549 2664 1615 2685 aevo

890 2712 1017 2748 domita,
1034 2712 1068 2741 in
1089 2711 1185 2741 rimas
1199 2708 1325 2748 aperiri:
1351 2708 1458 2738 redeas
1468 2712 1617 2737 annotata

892 2764 981 2795 nobis
996 2764 1034 2794 de
1049 2765 1108 2794 hoc
1123 2764 1216 2793 verbo
1230 2761 1270 2791 ad
1289 2760 1331 2791 iii.
1351 2764 1424 2792 459.

935 2816 1010 2846 Ver.
1033 2819 1105 2846 510.
1124 2816 1302 2855 protollere.-
1328 2813 1372 2843 sic
1398 2811 1496 2842 Vind.
1522 2811 1559 2841 L.
1584 2815 1618 2842 Σ.

893 2868 967 2906 soli;
1001 2868 1048 2899 M.
1073 2869 1244 2907 psetollere,·
1279 2865 1424 2902 Juntina‚
1449 2865 1616 2905 protelere:

893 2919 1014 2961 reliqui,
1038 2920 1217 2960 procellere;
1243 2917 1282 2949 de
1308 2916 1404 2948 simili
1427 2915 1538 2948 erroris
1552 2923 1623 2954 pro-
