1926 3224
817 244 878 290 T.
916 242 1290 292 LUCRETII

460 373 541 415 Sed
559 378 671 426 patet
688 370 860 419 inmani,
879 377 922 410 et
941 378 1054 410 vasto
1072 378 1286 424 respectat,
1306 370 1434 412 hiatu.

516 443 611 493 Qua
631 458 676 484 re
694 443 817 484 etiam
837 444 976 484 nativa
993 457 1203 485 necessum
1223 452 1283 485 est
1302 443 1522 486 confiteare

458 518 567 559 Haec
587 517 743 558 eadem:
775 527 907 573 neque
926 518 1050 567 enim,
1073 518 1233 559 mortali
1253 531 1426 572 corpore
1444 532 1536 574 quae
1556 527 1663 569 sunt,

459 591 526 632 Ex
545 590 708 632 infinito
721 592 808 646 jam
827 599 1012 646 tempore
1031 590 1165 632 adhuc
1178 591 1409 646 'potuissent

346 671 426 706 380
457 665 638 707 Inmensi
656 665 809 706 validas
828 665 905 706 aevi
926 673 1188 706 contemnere
1207 665 1338 706 vireis.

312 821 356 851 Et
376 830 450 851 sane
472 819 629 858 impendio
649 819 815 849 sublimem
832 818 939 858 januae
961 818 1032 849 Leti
1052 824 1053 827 ’

312 873 401 902 nobis
429 871 600 911 imaginem
629 870 773 910 figuravit
801 869 891 908 po‘elta
920 875 1032 900 noster.

315 921 419 952 Orosii
433 927 600 955 tentamen‚
627 920 659 949 in
675 919 744 949 bist.
761 919 803 950 iii.
819 923 846 950 4.
863 919 955 950 lautis
970 919 1030 950 lec-

312 973 431 1002 toribus
459 977 583 1012 gratum
611 971 819 1010 superveniet:
851 974 873 990 “
892 971 1033 1010 Repente

313 1027 336 1041 “
353 1021 506 1062 siquidem
535 1022 639 1054 medio
668 1022 754 1052 urbis
782 1027 863 1052 terra
887 1022 1032 1060 dissiluit,

314 1076 336 1091 “
351 1079 493 1113 vastoque
507 1078 660 1112 praerupte
674 1075 795 1103 hiantia
816 1074 896 1104 sulco
912 1073 1035 1103 inferna

313 1127 336 1143 “
347 1123 546 1163 patuerune.'’
570 1118 678 1164 vulgo
693 1123 817 1163 legitur,
832 1126 954 1154 hiantia
964 1125 1032 1154 sub-

312 1179 365 1212 ito;
389 1174 614 1215 supervacanea
638 1175 831 1215 loquacitate,
856 1185 929 1206 cum
953 1186 1031 1215 prae-

312 1227 435 1257 cesserit
455 1232 584 1266 repente.
632 1227 796 1262 Caeterum‚
823 1227 952 1267 hujusce
974 1226 1033 1257 loci

311 1277 486 1309 sublimitas
496 1279 536 1308 ab
550 1277 724 1308 imitatione
733 1288 797 1309 non
807 1278 956 1308 deterruit
966 1278 1033 1309 Sta-

311 1329 348 1360 tii
373 1329 692 1369 magniloquentiam3
714 1329 748 1359 in
773 1339 837 1370 quo
861 1335 975 1359 conatu
1001 1339 1034 1359 se

312 1381 495 1422 neutiquam
510 1380 658 1419 traduxit,
682 1380 780 1411 Theb.
797 1380 858 1410 viii.
872 1383 947 1411 576.

567 1463 718 1496 stygiisque
728 1464 821 1489 emissa
831 1463 958 1493 tenebris,

344 1506 414 1528 Mors
424 1503 522 1528 fruitur
532 1503 618 1533 coelo;
637 1503 848 1533 bellatoremque
857 1502 973 1527 volando

341 1545 475 1574 Campum
486 1542 582 1574 operit,
591 1542 722 1574 nigroque
732 1542 802 1568 viros
813 1542 909 1567 invitat
918 1541 999 1566 hiatu.

311 1617 414 1647 Locus
428 1627 502 1647 sane
516 1617 700 1656 depravatus
710 1616 824 1657 legitur
829 1630 838 1655 ;
853 1617 906 1647 sed
921 1617 954 1647 in
965 1627 1032 1647 cor-

312 1668 440 1709 rigendo
453 1675 577 1708 tempus
591 1670 711 1700 trahere
729 1669 798 1709 jam
820 1679 905 1699 nunc
923 1668 1031 1704 nolim,

310 1731 383 1751 cum
398 1721 432 1750 in
447 1721 553 1751 animo
574 1721 614 1751 sit
635 1734 684 1752 συν
708 1726 773 1761 Θεῳ
800 1720 933 1750 Statium
957 1730 1031 1750 mox

311 1772 449 1812 aggredi,
471 1778 502 1802 et
516 1772 583 1803 orbi
598 1772 733 1802 literario
749 1772 842 1812 longe
855 1771 1031 1811 politiorem

311 1823 543 1859 dare—Porro,
569 1829 711 1854 nostrum
740 1823 773 1852 in
803 1823 901 1853 oculis
924 1824 1033 1854 habuit

315 1874 465 1911 Avienus,
485 1874 615 1904 Anthol.
630 1873 698 1904 Lat.
715 1874 824 1904 Burm.
841 1874 884 1904 iii.
902 1879 952 1905 62.
970 1878 1017 1905 15.

374 1957 429 1982 lllic
441 1957 536 1982 divisas
548 1957 699 1989 complorat
711 1958 800 1982 navita
812 1965 923 1990 puppes3

403 1998 451 2022 Hic
464 2001 553 2029 pastor
563 1998 623 2022 miti
634 1998 731 2029 perluit
742 2005 822 2023 amne
833 2004 922 2030 pecus.

379 2039 434 2064 ulie
446 2039 567 2065 immanes
579 2042 648 2064 Mon
659 2041 738 2065 obvia
747 2041 826 2065 solvit
836 2041 919 2066 hiatus
921 2049 934 2069 ,·

404 2079 452 2104 Hic
463 2080 573 2111 gaudet,
583 2080 667 2105 curvi
678 2080 747 2106 falce
757 2081 849 2111 recisa,
860 2082 949 2107 Ceres.

313 2153 494 2184 Dictionem
517 2156 629 2186 divisas
655 2155 688 2184 in
710 2155 811 2194 primo
834 2166 923 2187 versu
945 2156 1034 2188 valde

311 2205 458 2236 cruciavit
474 2206 639 2236 Heinsius:
659 2207 683 2237 si
699 2206 774 2247 quid
786 2208 976 2240 mutandum
986 2210 1032 2246 sit,

312 2268 375 2288 non
402 2258 541 2289 dubitem
566 2270 737 2299 proponere
762 2271 868 2291 vocem
895 2263 930 2291 di
964 2271 1034 2296 ssas,

311 2316 347 2340 ut
374 2310 557 2341 Heinsianis
580 2312 822 2343 divinationibus
847 2312 1031 2352 probabilio-

311 2371 393 2391 rem:
420 2362 473 2392 sed
488 2362 615 2401 vulgata
630 2362 720 2393 lectio
734 2374 791 2403 pro
805 2370 925 2403 apertas
939 2363 1032 2403 longe

312 2412 482 2453 elegantior
496 2414 624 2445 videtur.
649 2415 850 2451 Prudentius,
868 2415 1032 2454 peristeph.

314 2463 371 2493 xiv.
388 2467 437 2494 81.

404 2549 516 2574 AEterne
525 2550 628 2574 rector!
649 2549 742 2575 divide
747 2551 845 2582 januas

404 2587 485 2617 Coeli,
502 2589 634 2614 obseratas
644 2589 782 2621 terrigenis
793 2589 872 2621 prius.

314 2660 380 2691 Nec
396 2662 524 2693 meliore
537 2674 611 2694 cum
633 2674 774 2695 successu
797 2679 830 2695 το
849 2667 918 2696 miti
931 2666 1035 2696 versus

312 2712 440 2743 secundi
470 2714 656 2746 Burmanno
685 2716 857 2747 divexatur:
895 2717 1034 2749 conferas

314 2761 405 2802 Virg.
432 2764 507 2794 AEn.
529 2765 561 2795 ii.
585 2769 657 2797 782.
683 2767 743 2798 viii.
770 2770 819 2798 88.
843 2767 1031 2807 Priscianus,

314 2813 426 2854 perieg.
443 2817 513 2845 797.

314 2885 365 2910 Sed
375 2886 459 2917 mag'ss
469 2887 502 2910 ad
514 2887 627 2912 fluvium
639 2890 786 2921 Maeandri;
800 2891 898 2923 gurgite
908 2892 964 2916 miti

314 2925 399 2956 Quem
412 2926 493 2956 juxta
503 2927 613 2953 volvens
623 2935 650 2954 se
661 2934 812 2955 murmurat
824 2931 895 2956 unda
906 2931 1019 2963 Caystri.

1076 819 1230 860 Denique,
1247 829 1311 850 non
1327 818 1500 850 audiendus
1515 825 1561 850 est
1576 818 1795 859 Oudendorpi-

1075 879 1123 907 uS‚
1146 870 1223 901 dum
1250 873 1347 908 saevt'c,
1377 880 1433 910 pro
1458 870 1673 900 venustissimo
1699 872 1796 908 solvit,

1075 929 1113 949 ex
1128 919 1305 960 conjectura
1322 920 1389 951 vult
1402 920 1562 950 arbitraria
1577 931 1731 960 reponere.

1092 999 1182 1030 Neque
1192 999 1226 1023 ad
1237 999 1393 1024 Lucretium
1406 1005 1459 1023 non
1471 999 1586 1030 pertinet
1597 998 1662 1023 alius
1671 999 1789 1030 ejusdem

1078 1067 1281 1108 Anthologiae
1298 1067 1478 1104 versiculus,
1493 1067 1533 1097 iv.
1548 1071 1598 1098 65.
1618 1070 1643 1097 1.

1088 1141 1168 1169 Mors,
1179 1145 1242 1170 quae
1250 1143 1381 1171 perpetuo
1392 1142 1505 1163 cunctos
1517 1139 1639 1163 absorbet
1650 1138 1794 1163 hiatu—0

1078 1202 1286 1232 Terentianus
1297 1203 1438 1237 Maurus,
1450 1202 1484 1231 in
1495 1202 1655 1238 Putschio,
1667 1212 1696 1241 p.
1706 1204 1800 1232 2411.

1095 1284 1162 1307 Nam
1174 1289 1262 1314 neque
1274 1285 1344 1307 Mors
1353 1282 1431 1307 avide
1442 1282 1530 1314 nigros
1537 1281 1664 1314 pandebat
1673 1282 1769 1311 hiatu,

1094 1323 1148 1347 Nec
1160 1322 1245 1346 vitam
1263 1322 1327 1347 sorti
1336 1321 1488 1347 retinebant
1498 1321 1612 1346 stamine
1620 1322 1720 1346 Parcae.

1079 1390 1144 1421 Ore
1159 1390 1270 1431 grandi
1287 1390 1390 1427 Silius,
1414 1391 1499 1422 Pun.
1514 1390 1549 1421 ii.
1569 1392 1641 1422 548.
1660 1389 1802 1421 elocutus

1077 1446 1137 1470 est:

1094 1519 1164 1542 Mors
1176 1518 1306 1550 graditur,
1320 1521 1398 1543 vareo
1405 1518 1520 1550 pandens
1531 1525 1598 1544 cava
1604 1521 1712 1551 guttura
1722 1518 1799 1550 rictu,

1091 1557 1246 1588 casuroque
1255 1557 1340 1582 inhiat
1350 1557 1520 1590 populo—-

1079 1626 1147 1656 Nec
1159 1625 1266 1656 minus
1274 1626 1359 1656 idem
1369 1626 1546 1667 magnifice,
1560 1626 1636 1658 ibid.
1649 1627 1714 1658 xiii.
1726 1629 1799 1658 560.

1090 1706 1142 1729 Has
1152 1704 1248 1735 passim
1265 1704 1372 1736 nigrum
1381 1704 1497 1736 pandens
1506 1707 1576 1730 Mors
1587 1704 1672 1730 lurida
1682 1705 1784 1731 rictum

1095 1746 1173 1776 Itque
1183 1745 1305 1776 reditque
1313 1745 1384 1775 vias3
1401 1749 1428 1770 et
1440 1746 1522 1777 portis
1533 1746 1658 1771 omnibus
1668 1750 1749 1771 errat.

1075 1814 1212 1855 Egregie
1225 1814 1341 1844 Seneca
1350 1824 1416 1844 rem
1428 1814 1548 1851 extulit,
1562 1814 1596 1844 in
1609 1814 1716 1854 OEdip.
1729 1818 1800 1847 164.

1167 1903 1237 1926 Mors
1251 1904 1308 1926 atra
1317 1902 1408 1926 avidos
1419 1901 1469 1926 oris
1479 1901 1564 1926 hiatus

1171 1942 1277 1972 pandit,
1289 1945 1316 1967 et
1327 1948 1420 1967 ornnes
1430 1942 1550 1974 explicat
1564 1942 1626 1968 alas.

1080 2019 1141 2055 Sic,
1170 2019 1290 2058 opinor,
1325 2019 1539 2050 rescribendus
1565 2025 1620 2050 est.
1678 2020 1796 2061 Vulgo,

1078 2073 1164 2102 Mors
1179 2073 1241 2102 alta
1250 2085 1260 2102 :
1277 2072 1346 2102 vide
1365 2082 1420 2102 nos
1435 2072 1474 2102 de
1488 2073 1547 2102 hoc
1561 2082 1664 2103 errore
1678 2072 1798 2104 librari-

1072 2133 1167 2153 orum
1182 2133 1284 2162 supra,
1307 2133 1366 2154 ver.
1381 2127 1453 2154 246.
1469 2130 1500 2154 et
1513 2124 1552 2154 iv.
1571 2127 1639 2154 185.
1685 2124 1798 2165 Neque

1078 2175 1110 2204 in
1141 2175 1273 2205 transitu
1303 2174 1457 2205 medicam
1482 2185 1613 2206 manum
1640 2175 1799 2206 Venantio

1079 2228 1260 2264 Fortunato,
1281 2226 1320 2256 ad
1335 2227 1373 2256 iv.
1390 2229 1420 2258 5.
1441 2230 1469 2257 1.
1486 2237 1549 2257 non
1565 2227 1799 2258 admovebimus

1079 2288 1152 2309 cum
1168 2278 1338 2308 certlSSlmO
1353 2288 1509 2309 successu:

1107 2357 1200 2382 Invida
1212 2359 1292 2387 Mors,
1307 2356 1393 2382 rabido
1402 2358 1525 2388 quamvis
1535 2356 1666 2382 miniteris
1675 2357 1759 2388 hiatu,

1141 2397 1200 2420 Non
1211 2399 1304 2422 tamen
1314 2397 1341 2421 in
1352 2400 1458 2421 sanctos
1465 2397 1525 2428 jura
1535 2400 1627 2422 tenere
1637 2396 1718 2422 vales.

1077 2465 1179 2504 Libri,
1208 2468 1332 2506 rapido;
1366 2473 1402 2497 ut
1422 2466 1538 2506 passim
1559 2471 1722 2505 peccatum
1743 2470 1797 2496 est.

1079 2518 1190 2548 Posses
1204 2519 1292 2549 avido
1308 2527 1457 2557 reponere
1461 2528 1471 2554 ;
1487 2516 1542 2547 sed
1555 2516 1634 2547 illud
1645 2525 1717 2547 vero
1730 2515 1798 2547 dix-

1078 2569 1155 2598 erim
1171 2568 1311 2599 similius.
1339 2568 1432 2600 Idem
1445 2578 1531 2606 mox,
1546 2567 1620 2599 ibid.
1635 2572 1665 2599 9.
1684 2570 1712 2597 1.

1109 2648 1212 2672 Ultima
1223 2649 1291 2672 Mors
1299 2647 1382 2672 avido
1395 2647 1512 2680 graviter
1520 2644 1672 2678 properavit
1682 2644 1766 2674 hiatu,

1139 2691 1274 2714 Pastorem
1286 2690 1398 2722 rapiens,
1409 2689 1458 2721 qui
1467 2689 1522 2714 fuit
1531 2694 1606 2713 arma
1616 2687 1711 2719 gregis.

1080 2765 1130 2796 Sic
1146 2765 1332 2806 legendum;
1348 2765 1451 2806 vulgo,
1466 2776 1544 2796 sors:
1571 2764 1642 2795 vide
1657 2764 1796 2795 Bentlei-

1073 2827 1139 2853 um,
1164 2818 1202 2848 ad
1231 2818 1342 2848 Horat.
1365 2817 1453 2856 epist.
1478 2816 1510 2846 ii.
1537 2820 1566 2846 2.
1594 2819 1663 2847 175.
1690 2825 1796 2846 veram

1077 2867 1240 2898 Venusino
1250 2877 1379 2897 manum
1392 2866 1559 2897 rectissime
1571 2866 1794 2897 restituentem.

1118 2921 1199 2952 Ibid.
1221 2923 1343 2952 inmani
1355 2927 1383 2952 ct
1396 2927 1477 2953 vasto
1492 2923 1590 2952 hiatu.
1623 2920 1794 2958 Arnoffius,
