1926 3224
572 211 807 261 LIBER
855 210 1158 260 SEXTUS.

1516 213 1611 256 325

260 343 503 400 Expediam.
566 343 768 395 Primum,
789 344 913 386 totius
933 344 1108 386 subcava
1126 342 1279 385 montis

260 418 336 460 Est
355 428 518 469 natura,
538 417 621 460 fere
641 419 797 460 silicum
818 418 995 460 subfulta
1015 417 1208 459 cavernis.

260 493 466 535 Omnibus
486 501 545 535 est
564 507 690 549 porro
710 493 752 532 in
774 492 974 547 speluncis
993 499 1152 540 ventus,
1174 498 1215 532 et
1234 491 1323 540 a'ei·;

146 572 228 609 685
260 568 419 610 Ventus
437 569 547 610 enim
566 567 627 617 fit,
649 566 720 607 ubi
741 572 800 605 est
820 563 1020 620 agitando
1039 565 1219 619 percitus
1240 566 1323 605 ae'r.

260 641 382 683 Hicc’
403 641 472 682 ubi
492 639 704 695 percaluit,
726 637 986 693 calefecitque
1006 637 1148 678 omnia
1167 638 1322 678 circum

258 715 371 756 Saxa
388 713 540 762 furens,
563 711 643 768 qua
667 711 885 768 contingit,
907 718 1163 766 terramque3
1196 718 1237 752 et
1256 710 1309 752 ab
1329 710 1418 753 ollis

257 787 450 830 Excussit
469 786 646 827 calidum
666 785 842 826 flammis
862 785 1066 826 velocibus
1087 785 1225 842 ignem
1232 802 1246 836 3

255 860 382 902 Tollit
402 875 458 911 se,
480 875 528 902 ac
548 860 668 902 rectis
687 860 745 902 ita
763 860 947 902 faucibus
971 860 1066 902 eicit
1086 859 1186 911 alte,

205 1044 276 1069 Cum
287 1043 345 1069 fera
355 1043 467 1070 diluvies
475 1043 580 1076 quietos

176 1082 266 1108 1m'tae
279 1090 435 1108 amnes—.

157 1157 232 1188 Ver.
248 1161 320 1189 681.
342 1160 451 1189 vastis:
480 1158 522 1189 V.
545 1157 592 1189 ed.
613 1169 716 1196 vasas;
745 1169 837 1199 prop-

113 1214 160 1240 ter
189 1209 427 1240 similitudinem
464 1210 626 1241 literarum
654 1213 681 1242 ti
709 1217 739 1241 et
761 1223 780 1242 a
805 1212 839 1241 in

113 1260 360 1300 Longobardicis
401 1262 640 1292 characteribus.
651 1279 696 1286 —
707 1264 815 1293 AEtnoe
825 1276 836 1293 .-

115 1317 162 1342 Ω..
176 1317 204 1342 et
219 1322 265 1342 ne.

159 1370 241 1401 Ibid.
268 1372 379 1402 AEtnoe
390 1371 583 1413 fhrnacz'bus.
627 1372 755 1414 Virgilii
785 1384 838 1413 pa-

114 1421 223 1452 rallela
237 1422 340 1453 videas
354 1423 387 1453 in
402 1424 483 1454 notis
497 1424 537 1454 ad
550 1434 611 1457 ver.
628 1429 700 1456 669.

154 1487 230 1517 Ver.
245 1490 318 1518 682.
342 1489 493 1518 Primum.
530 1487 614 1518 Vide
632 1487 785 1524 Servium,
801 1487 840 1518 ad

113 1537 190 1568 AEn.
204 1537 247 1568 iii.
263 1541 335 1569 571.
378 1539 561 1569 Lambinus.

155 1597 230 1628 Ver.
245 1601 317 1629 685.
336 1598 408 1640 ιῙὲνε
436 1601 574 1630 silicum:
601 1600 642 1630 V.
672 1599 719 1630 ed.
730 1599 840 1639 ferens

111 1651 161 1680 illi
174 1660 262 1686 σωκ,-
285 1655 319 1680 Δ.
332 1650 420 1691 fores
434 1652 520 1687 illim.
548 1656 582 1683 Σ.
594 1652 666 1692 jere
689 1653 739 1682 ilbi
759 1662 838 1682 cum.

111 1701 308 1742 —subfultm
336 1708 380 1733 Ω.
396 1702 600 1741 vitiosissime,
614 1705 738 1744 suflata.

154 1760 237 1791 Ibid.
258 1763 380 1792 silicum
410 1764 564 1793 cavernis:
601 1762 620 1792 i.
645 1772 671 1792 e.-
701 1761 838 1793 silicibus

111 1812 298 1849 cavernosis;
321 1813 365 1843 ita
386 1813 478 1843 exesa
492 1812 611 1853 reliqua
635 1813 774 1850 materie,
801 1819 838 1844 ut

110 1865 160 1894 11ae
183 1863 246 1894 sint
270 1866 479 1896 columnarum
504 1865 612 1903 instar,
643 1875 713 1905 quae
735 1865 837 1895 solum

110 1915 297 1946 incumbens
321 1918 500 1947 sustineant.
544 1916 632 1946 Hinc
654 1922 760 1946 autern
780 1927 836 1946 au-

110 1965 216 1996 dacior
233 1966 400 1997 Claudiani
421 1967 539 1997 locutio
552 1966 756 2007 intelligenda
778 1972 836 2004 est,

109 2017 144 2047 in
173 2023 251 2056 rapt.
278 2018 365 2048 Pros.
391 2018 411 2048 i.
442 2021 513 2049 169.
542 2018 623 2048 hanc
652 2017 837 2057 ipsissimam

110 2078 178 2100 rem
192 2069 364 2100 tractantis:

110 2159 181 2191 Quae
191 2160 300 2192 scopulos
310 2163 447 2186 tormenta
457 2161 565 2186 rotant?
584 2166 646 2192 quae
657 2164 734 2186 tanta
743 2167 837 2188 caver-

203 2207 250 2224 nas

111 2239 155 2264 Vis
162 2238 284 2271 glomerat
292 2240 368 2264 2—-

110 2309 131 2340 i.
147 2321 172 2341 e.
191 2313 213 2328 “
229 2321 378 2351 magnam
389 2311 452 2341 vim
467 2322 610 2343 cavarum
627 2314 748 2343 silicum
764 2322 836 2352 ege-

111 2364 134 2380 “
149 2361 219 2392 rit.‘’
254 2362 335 2392 Haec
349 2367 454 2392 autem
471 2362 636 2402 explicatio
651 2363 750 2393 verbis
763 2364 838 2394 Vir-

110 2412 236 2453 gilianis
250 2419 337 2443 extra
354 2413 441 2444 dubii
456 2413 534 2444 fines
548 2414 683 2453 ponitur,
699 2414 740 2445 ad
760 2414 836 2446 AEn.

110 2463 154 2494 iii'.
170 2466 241 2495 575.

126 2546 266 2571 interdum
277 2546 398 2578 scopulos,
407 2547 550 2578 avolsaque
561 2548 661 2573 viscera
672 2548 783 2578 montis,

124 2586 219 2618 Erigit,
230 2589 369 2617 eructans3
388 2587 586 2618 liquefactaque
596 2594 663 2612 saxa
673 2588 721 2612 sub
731 2595 807 2614 auras

125 2627 197 2652 Cum
208 2626 313 2658 gemitu
322 2626 515 2658 glomerat—-.

152 2702 229 2732 Ver.
246 2705 318 2733 684.
340 2704 374 2732 in
395 2704 546 2743 speluncis
567 2710 688 2735 ventus:
711 2703 778 2734 redi
797 2704 837 2734 sis

110 2763 171 2784 ver.
187 2756 258 2783 536.
303 2753 383 2791 Nec,
405 2764 497 2793 super
518 2755 578 2785 hoc
593 2756 700 2785 AEtnae
720 2755 838 2786 montis

111 2811 308 2843 argumento,
331 2804 497 2835 lectoribus
512 2805 570 2835 erit
583 2805 759 2847 injucunda
773 2806 835 2837 col-

110 2854 186 2885 latio
211 2856 382 2897 rationum,
410 2867 495 2899 quas
510 2857 657 2890 Jusfinus
681 2857 835 2900 allegavit,

111 2905 146 2936 in
160 2905 231 2938 hist.
246 2906 286 2939 iv.
304 2911 331 2940 1.

925 1035 1000 1066 Ver.
1017 1038 1090 1067 685.
1116 1036 1236 1067 Ventus
1259 1041 1302 1066 est
1317 1035 1464 1075 agitando
1474 1035 1612 1074 percitus

881 1091 943 1119 a'e‘r.
989 1087 1297 1128 Optima‘definitio‚
1322 1093 1355 1117 et
1379 1097 1449 1127 quae
1473 1086 1610 1125 philoso-

881 1141 951 1179 phis
965 1140 1123 1170 hodiernis
1143 1140 1183 1170 sit
1204 1139 1396 1178 complacita.
1441 1138 1528 1167 Nihil
1544 1138 1610 1178 egis

884 1191 1078 1229 Aristoteles,
1101 1197 1228 1222 meteor.
1244 1190 1276 1220 ii.
1291 1194 1320 1220 4.
1344 1195 1378 1220 et
1402 1189 1455 1220 alii
1471 1189 1610 1219 somnia-

882 1249 975 1281 tores,
990 1244 1026 1273 in
1040 1244 1099 1274 hac
1115 1243 1245 1273 materia
1259 1242 1378 1273 versati.

926 1294 1001 1325 Ver.
1017 1298 1088 1325 686.
1113 1295 1224 1325 Hicc':
1249 1293 1293 1324 ita
1307 1292 1418 1323 malim
1435 1293 1500 1323 Hic
1514 1291 1610 1321 libro·

882 1355 954 1375 rum
978 1345 1126 1385 accipere,
1154 1350 1278 1384 propter
1298 1344 1451 1385 majorem
1479 1343 1612 1383 hujusce

883 1397 1011 1427 rationis
1048 1397 1246 1433 evidentiam,
1284 1402 1315 1427 et
1347 1394 1612 1426 constructionem

882 1449 1070 1487 faciliorem;
1093 1457 1285 1489 quamquam
1302 1454 1334 1478 et
1350 1448 1431 1478 Heic
1454 1456 1519 1476 non
1534 1445 1610 1476 alie-

883 1510 961 1530 num
977 1500 1066 1530 foret.

926 1552 1001 1581 Ver.
1017 1554 1088 1582 687.
1112 1552 1281 1590 contingit,-
1309 1549 1406 1580 Vind.
1430 1548 1469 1579 V.
1492 1548 1540 1579 ed.
1564 1554 1610 1580 Ω..

882 1605 1027 1642 conligit;
1049 1602 1337 1643 frequentissimum
1352 1611 1406 1641 per
1421 1610 1568 1631 errorem.

927 1662 1128 1703 Ibid.furens
1143 1668 1267 1692 ventus.
1284 1662 1304 1692 i.
1320 1672 1346 1692 e.
1361 1662 1497 1691 rabidus.
1520 1659 1610 1691 Hinc

884 1715 1036 1747 Ovidium
1050 1716 1216 1754 emacules,
1234 1716 1268 1745 in
1283 1715 1370 1754 epist.
1385 1714 1468 1745 xviii.
1483 1717 1535 1745 37.

943 1789 980 1814 At
990 1791 1031 1818 tu,
1048 1789 1082 1813 de
1092 1788 1187 1813 rabidis
1197 1787 1450 1812 immansuetissime
1461 1786 1560 1817 ventis,

942 1828 1014 1860 Quid
1024 1835 1135 1854 mecum
1146 1828 1220 1854 certa
1232 1828 1325 1860 praelia
1336 1831 1430 1852 mente
1442 1827 1526 1859 geris?

880 1901 980 1940 Libri,
1002 1903 1122 1941 rapidis
1128 1917 1138 1938 ;
1163 1901 1216 1932 sed
1234 1900 1488 1931 emendationem
1503 1909 1610 1930 veram

880 1964 947 1984 esse
962 1967 995 1985 ero
1010 1953 1196 1995 adjunctum
1218 1953 1501 1984 i'm'lnansuetc‘ssime
1523 1952 1609 1982 evin-

879 2006 930 2036 cit.

924 2058 999 2089 Ver.
1015 2062 1087 2089 688.
1111 2059 1255 2089 Eoecussit
1273 2059 1417 2099 flammis
1443 2060 1544 2097 ignem
1571 2058 1609 2087 ab

879 2112 962 2146 ollis;
986 2119 1108 2148 nempe,
1125 2109 1218 2147 saxis,
1234 2109 1282 2139 vel
1296 2110 1444 2147 silicibus,
1463 2119 1523 2139 ver.
1535 2113 1609 2140 685.

881 2162 980 2199 Hine,
1001 2168 1037 2192 ut
1053 2161 1183 2191 varietas
1198 2161 1238 2191 sit
1251 2162 1396 2201 phraseos
1410 2161 1444 2191 in
1460 2161 1610 2202 Virgilio,

880 2212 971 2253 po’e'tzi
1001 2212 1144 2253 elegante
1173 2212 1280 2253 digna,
1311 2219 1342 2243 et
1370 2213 1444 2254 quia
1473 2223 1609 2254 magnus

880 2270 965 2294 vates
994 2265 1180 2305 magistrum
1201 2275 1294 2295 suum
1318 2275 1382 2295 non
1415 2270 1532 2295 temere
1559 2274 1609 2295 re-

880 2315 1003 2356 linquat
1017 2316 1217 2352 intentatum,
1241 2316 1270 2346 ei
1292 2315 1373 2346 libro
1394 2325 1520 2355 prorsus
1532 2325 1610 2346 con-

882 2369 992 2406 sentio,
1015 2367 1069 2408 qui
1083 2368 1128 2398 sic
1142 2367 1298 2408 scripserit
1311 2367 1352 2398 ad
1367 2369 1441 2399 AEn.
1456 2368 1476 2398 i.
1494 2371 1566 2399 174.

895 2450 934 2475 Ac
946 2450 1065 2481 primum
1076 2449 1140 2474 silici
1150 2449 1293 2474 scintillam
1306 2449 1416 2474 excussit
1425 2449 1553 2480 Achates,

896 2489 1069 2520 suscepitque
1079 2488 1163 2521 ignem
1175 2489 1254 2519 foliis,
1265 2493 1348 2520 atque
1358 2489 1431 2513 arida
1441 2488 1545 2513 circum

895 2528 1068 2553 Nuttimenta
1078 2528 1162 2558 dedit,
1179 2529 1320 2560 rapuitque
1331 2528 1358 2552 in
1367 2527 1466 2553 fomite
1473 2527 1608 2558 flammas.

881 2599 1059 2640 Vulgatum
1073 2602 1193 2631 excudit
1208 2599 1301 2630 facile
1315 2599 1472 2638 irrepserit
1486 2609 1523 2629 ex
1538 2608 1607 2639 geo.

880 2650 900 2681 i.
916 2654 987 2682 155.
1009 2657 1041 2682 et
1062 2657 1167 2682 nostra
1188 2651 1281 2681 lectio
1302 2650 1433 2681 vividior
1454 2655 1501 2681 est
1514 2655 1609 2691 atque

880 2701 1040 2732 efficacior.

922 2754 997 2784 Ver.
1013 2757 1085 2786 689.
1107 2755 1196 2786 eicit:
1222 2753 1266 2784 ita
1289 2757 1324 2785 Δ.
1340 2758 1376 2794 Σ.
1398 2764 1499 2795 neque
1521 2752 1608 2784 aliud

880 2805 978 2836 voluit
992 2806 1141 2837 mendosa
1156 2805 1223 2837 cod.
1238 2812 1282 2837 Ω.
1294 2805 1451 2846 scriptura⁷
1467 2815 1606 2845 pronun-

878 2858 1013 2890 ciatione
1027 2858 1135 2890 vitiosa
1156 2858 1273 2900 genita,
1294 2860 1397 2890 eiscit:
1421 2858 1529 2899 vulgo,
1550 2857 1607 2898 eji-

879 2911 931 2941 cic.
