1926 3224
607 203 842 253 LIBER
889 200 1193 251 SEXTUS.
1558 210 1649 254 317

308 337 502 396 Largiter
520 337 564 378 in
584 344 701 378 tanto
721 336 853 392 spatio
871 343 1010 377 tamen
1029 333 1184 376 auferet
1202 331 1336 375 undis.

364 412 479 454 Tum
497 426 638 468 porro,
660 411 794 453 ventei
814 424 978 466 quoque
996 423 1199 466 magnam.
1211 407 1351 450 tollere
1369 413 1529 463 partem

305 485 512 528 Humoris
531 491 717 540 possunt,
739 491 945 524 verrentes
963 495 1133 536 aequora
1152 481 1303 522 ventei:

196 563 278 601 625
313 559 408 601 Unfi
429 566 551 600 nocte
570 559 654 599 vias
673 556 869 612 quoniam
889 568 1075 609 persaepe
1092 553 1278 595 videmus

309 633 479 681 Siccari,
501 631 712 685 mollisque
731 629 806 670 luti
827 641 1089 669 concrescere
1109 634 1275 668 crustas.

368 705 592 754 Praeterea,
614 703 737 744 docui
757 702 934 744 multum
954 716 1122 758 quoque
1141 700 1282 742 tollere
1301 701 1445 742 nubeis

307 778 561 827 Humorem,
584 791 738 833 magno
758 784 1006 832 conceptum
1025 790 1078 816 ex
1097 789 1265 830 aequore
1284 774 1421 830 ponti;

308 851 366 893 Et
383 851 534 907 passim
555 858 643 894 toto
665 858 869 894 terrarum
890 864 1082 908 spargere
1101 849 1146 892 in
1168 849 1274 900 orbi,

160 1010 291 1051 rapidus
320 1010 542 1049 praeponenti53
571 1019 672 1050 quum
701 1012 831 1050 rapidus
857 1009 891 1040 in

160 1063 222 1093 hoc
244 1072 304 1092 usu
326 1061 437 1099 valeat,
459 1063 574 1101 raptim
598 1063 755 1100 devorans,
778 1067 809 1092 et
836 1072 890 1092 ex-

162 1112 323 1144 hauriens:
349 1112 403 1153 qui
429 1122 538 1142 sensus
559 1112 658 1142 menti
681 1113 780 1152 po'etae
795 1112 891 1154 longe

164 1163 446 1196 commodissimus.
492 1164 559 1195 Nos
573 1164 612 1195 de
638 1165 696 1195 hac
711 1175 745 1195 re
759 1164 830 1204 plus
844 1175 892 1196 se-

164 1215 229 1247 mel
243 1214 326 1246 alibi.
350 1215 461 1254 Porro,
476 1225 551 1245 cum
561 1216 621 1246 hoc
638 1215 713 1246 Cari
722 1215 793 1247 loco
808 1226 893 1247 com-

163 1261 295 1299 'mittant
308 1267 439 1298 lectores
454 1278 480 1298 v.
496 1271 676 1300 385—595.

209 1319 285 1349 Ver.
312 1322 384 1350 617.
421 1320 546 1349 humore
575 1321 760 1351 madentez's:
802 1319 896 1351 Vind.

131 1362 293 1401 ‘'Zdnzore
308 1371 458 1401 addentis.
497 1369 672 1408 Nimirum,
696 1370 842 1401 distracto
857 1383 895 1407 m,

131 1436 140 1449 ·.
150 1426 208 1452 '‘ex
232 1424 386 1453 humorem
402 1423 534 1459 ademtis,
565 1422 704 1453 celeriter
718 1422 838 1454 factum
852 1429 899 1454 est

164 1466 304 1512 hicmare,
327 1481 358 1505 et
375 1476 498 1505 humore
513 1476 663 1506 addentis.

213 1525 296 1557 Ibid.
318 1528 421 1557 vesteis
435 1528 559 1557 humore
575 1529 752 1558 madenteis.
798 1527 898 1559 Haud

160 1578 274 1629 “multo
287 1580 376 1612 aliter
392 1579 602 1622 Mantuanus,
618 1583 694 1614 AEn.
709 1593 736 1614 v.
755 1585 826 1615 179.

334 1662 622 1694 madiddquefluensin
632 1666 707 1689 veste
717 1665 862 1690 Menoetes.

127 1749 130 1752 -
165 1728 173 1733 ⁸
212 1731 290 1764 Ver.
307 1736 381 1766 619.
406 1735 468 1764 At:
489 1739 523 1765 A.
539 1735 609 1769 A‹1,·
635 1740 672 1765 ut
685 1735 727 1766 V.
744 1735 791 1767 ed.
806 1736 902 1767 etiam

170 1794 229 1824 pro
253 1795 315 1816 var.
334 1786 570 1828 lect-qwlage:
599 1788 644 1818 sic
666 1787 765 1819 Vind.
789 1787 826 1818 L.
853 1788 900 1819 M.

171 1842 206 1867 et
218 1836 318 1877 prisca
332 1838 383 1869 Pii
397 1838 604 1879 exemplaria:
632 1840 671 1870 P.
687 1839 728 1870 V.
747 1839 794 1870 ed.
812 1839 849 1870 Β.
866 1845 902 1871 Δ.

171 1891 209 1920 Σ.
218 1891 326 1929 pelagi
332 1906 344 1926 ,·
363 1890 402 1921 O.
418 1897 464 1922 Ω.
472 1885 805 1931 1›elago.—substratti.·
823 1891 901 1931 pris-

170 1948 208 1969 ca
234 1939 288 1970 Pii
311 1940 412 1977 lectio,
438 1942 478 1973 O.
505 1949 550 1973 Ω.
576 1944 746 1980 subtr-actm
772 1947 807 1975 Σ.
832 1944 900 1974 sub-

173 1996 305 2028 stracta;
329 1992 462 2022 omnino
472 1993 590 2024 vitiose.

199 2042 292 2074 'Ver.
310 2046 383 2074 621.
400 2045 552 2076 Humoris
563 2047 670 2077 delibet
681 2053 814 2086 partem.
831 2046 903 2077 Un-

173 2094 214 2126 de
230 2095 398 2136 Virgilius,
420 2107 516 2138 quem
538 2098 631 2128 multi
643 2104 750 2138 postea
765 2098 906 2129 aemulati

167 2144 262 2186 sunt,
274 2146 370 2188 longe
378 2148 603 2186 venustissime,
619 2150 660 2180 ad
680 2150 757 2181 AEn.
774 2150 794 2180 i.
812 2153 883 2181 256.

300 2230 396 2255 oscula
407 2230 504 2255 libavit
515 2234 669 2256 natae—-t

178 2292 201 2323 i.
218 2302 246 2323 e.
270 2295 294 2311 “
303 2293 392 2334 quasi
408 2295 532 2324 detersit
546 2294 614 2324 suis
627 2293 721 2324 labris
735 2294 855 2335 aliquid
868 2305 907 2325 ex

178 2346 203 2362 “
217 2345 369 2375 mollicula
392 2349 424 2374 et
443 2344 610 2375 humidulo
631 2356 682 2377 ore
702 2344 817 2376 filiae:”
839 2346 909 2376 vide

178 2399 270 2425 notas
284 2395 426 2435 superius
444 2395 484 2426 ad
498 2395 538 2426 iv.
555 2399 646 2427 1165.
662 2402 693 2426 et
711 2396 818 2427 confer
833 2397 908 2427 AEn.

178 2446 232 2477 xii.
247 2450 319 2478 454.
362 2447 413 2478 Sic
428 2447 524 2478 etiam
540 2450 642 2479 oscula
658 2460 786 2489 carpens
799 2448 910 2479 simili-

182 2503 230 2529 ter
254 2498 348 2537 valet,
378 2499 413 2529 in
444 2509 538 2530 sensu
566 2500 724 2539 primario,
754 2511 786 2531 os
806 2500 912 2540 ipsum

180 2550 326 2581 vellicans
340 2559 377 2580 ac
393 2552 608 2587 demersimus,
631 2551 715 2590 apud
730 2551 913 2590 Phaedrum,

180 2605 226 2636 iii.
241 2609 271 2636 8.
290 2609 338 2636 12.
349 2611 381 2636 et
394 2605 479 2636 alios.
504 2606 680 2645 Ausonius,
701 2606 826 2637 Mosell.
840 2609 912 2637 444.

183 2657 323 2688 carmine
339 2657 460 2689 mellito
475 2669 561 2697 sane,
585 2658 628 2689 sic
642 2665 760 2696 autom,
783 2659 844 2688 nisi
858 2668 910 2689 me

182 2709 345 2741 subductae
360 2710 495 2741 rationes
508 2711 630 2749 fallant,
653 2709 863 2741 emendando:

596 2792 644 2815 Fas
655 2790 723 2815 mihi
732 2797 839 2816 sacrum

215 2832 409 2857 Prae-strinxisse
420 2839 530 2858 amnem
542 2832 619 2858 tenui
628 2832 758 2862 libamine,
768 2832 865 2857 Musae!

185 2905 208 2937 i.
233 2916 260 2938 e.
281 2909 393 2940 haustu
417 2909 628 2952 superficiario
657 2912 793 2948 tantum,
815 2906 916 2949 qualis

935 1006 1081 1038 libamini
1095 1016 1168 1037 sane
1182 1005 1272 1037 tenui
1287 1005 1370 1036 solus
1388 1011 1547 1037 consonet.
1580 1006 1662 1037 Vul-

934 1069 986 1100 g0,
1004 1060 1239 1090 'Perstrinxissa
1270 1056 1429 1097 Denique,
1448 1058 1572 1088 Marius
1587 1059 1663 1089 Vic-

934 1117 984 1142 tor
998 1121 1031 1142 se
1046 1110 1169 1141 lautum
1184 1109 1366 1149 scriptorem
1378 1109 1531 1148 praestitit,
1546 1110 1578 1140 in
1594 1121 1664 1151 gen.

935 1162 978 1194 iii.
994 1166 1068 1195 504.
1086 1163 1130 1194 ita
1143 1162 1269 1203 punctis
1282 1160 1396 1192 melius
1406 1161 1564 1201 dispositis
1578 1163 1665 1193 exhi-

936 1214 1070 1245 bendus:

940 1307 1015 1330 Tum
1027 1311 1113 1330 sacras
1125 1305 1226 1338 epulas,
1235 1305 1413 1336 mediumque
1423 1304 1532 1330 invecta
1542 1308 1667 1336 paratum

939 1344 1077 1377 Praecipiti
1086 1351 1176 1375 cursu,
1186 1343 1298 1369 delibans
1301 1344 1412 1375 flamma
1424 1344 1541 1368 voravit.

984 1429 1060 1460 Ver.
1077 1429 1330 1469 622..Largiter:
1350 1428 1388 1458 P.
1404 1428 1555 1468 Largius,-
1573 1427 1670 1458 etiam

943 1481 1036 1512 bene:
1064 1487 1096 1511 et
1118 1481 1227 1512 eodem
1251 1486 1368 1520 spectat
1389 1479 1556 1520 depravata
1578 1480 1671 1511 lectio

942 1533 977 1562 in
997 1532 1037 1564 V.
1055 1532 1104 1563 ed.
1120 1533 1158 1563 B.
1180 1531 1522 1573 Largitus.—a²gferet:
1550 1537 1586 1564 Σ.
1610 1543 1670 1562 au-

932 1583 1018 1624 firt;
1045 1590 1089 1614 Ω.
1107 1583 1239 1624 auferat.

987 1643 1064 1674 Ver.
1086 1646 1159 1675 625.
1195 1654 1311 1684 quoque
1334 1654 1495 1684 magnam:
1529 1642 1674 1673 hodierni

946 1694 1089 1733 editores,
1118 1701 1227 1726 contra
1256 1695 1350 1726 libros
1379 1705 1490 1725 omnes
1517 1705 1613 1731 mem,
1643 1700 1676 1725 et

946 1745 1024 1776 alios
1040 1745 1126 1776 haud
1140 1745 1236 1776 dubie
1251 1751 1400 1783 vetustos,
1424 1745 1505 1775 nihil
1527 1755 1590 1775 non
1607 1745 1676 1775 ausi

945 1795 978 1826 in
1006 1796 1162 1832 Lucretio,
1194 1796 1410 1826 dederuntex
1434 1796 1562 1825 arbitrio
1586 1805 1676 1826 voces

945 1847 1158 1887 transpositas,
1174 1857 1322 1887 magnam⁴
1335 1857 1460 1887 quoque.

988 1908 1064 1937 Ver.
1086 1911 1164 1939 624.
1192 1913 1359 1938 verrentes.-
1386 1906 1428 1935 V.
1449 1905 1497 1936 ed.
1521 1912 1675 1937 vertentes.

944 1961 1103 1990 —ventei.·
1129 1959 1167 1990 P.
1185 1959 1228 1990 Ο.
1246 1961 1281 1990 Σ.
1293 1960 1402 1998 ponti,-
1427 1957 1491 1993 sed,
1515 1968 1578 1996 prae
1594 1958 1676 1988 anti-

945 2010 1102 2051 quissimis
1123 2009 1352 2049 exemplaribus
1372 2014 1467 2049 atque
1489 2009 1677 2039 emendatis-

948 2061 1045 2098 simis,
1063 2072 1127 2092 non
1143 2061 1293 2092 audiendi
1310 2067 1383 2091 sunt
1397 2061 1430 2090 hi
1446 2061 1530 2090 libri:
1556 2062 1614 2090 has
1627 2059 1677 2090 in-

949 2123 1042 2152 super
1050 2112 1297 2153 jucundissimas
1319 2111 1521 2151 repetitiones
1535 2111 1678 2142 Lucreti-

950 2175 988 2194 us
1002 2175 1095 2204 opere
1110 2174 1228 2205 magno
1250 2170 1282 2194 et
1303 2163 1431 2201 amavit,
1452 2169 1483 2193 et
1498 2163 1677 2204 frequenta-

949 2215 1009 2253 vit;
1028 2222 1126 2255 prout
1147 2216 1181 2246 in
1203 2215 1416 2255 superioribus
1437 2215 1512 2245 satis
1534 2215 1680 2246 vidimus.

953 2267 1142 2298 Committas
1152 2267 1248 2298 etiam
1264 2278 1291 2297 v.
1305 2269 1376 2298 267.
1392 2266 1679 2302 589.-—Caeterum,

952 2319 994 2352 de
1011 2319 1184 2360 quantitate
1195 2317 1400 2348 exhalationis
1408 2317 1539 2357 hujusce
1553 2317 1585 2347 in
1602 2318 1680 2347 mari

955 2371 1078 2411 Caspio,
1115 2369 1273 2401 calculum
1315 2368 1481 2407 subduxit,
1513 2367 1683 2398 luculentis

954 2422 1128 2453 rationibus
1149 2420 1406 2460 computabilem‚
1435 2420 1470 2449 in
1493 2419 1585 2449 Actis
1606 2419 1681 2449 Phi-

954 2474 1127 2514 losophiciS‚
1164 2472 1385 2503 subtilissimus
1419 2477 1451 2501 et
1484 2470 1684 2502 doctissimus

955 2533 1160 2561 astronomus,
1185 2524 1332 2555 Halleius
1347 2528 1475 2554 nostras.

997 2586 1074 2615 Ver.
1089 2587 1161 2616 625.
1183 2586 1346 2624 quoniam:
1372 2583 1414 2612 V.
1439 2581 1487 2612 ed.
1510 2593 1597 2618 cum3
1613 2581 1640 2611 ’ἰ.
1657 2591 1683 2612 e.

956 2649 1061 2679 quum,
1085 2635 1134 2666 vel
1148 2636 1214 2676 q'riz:
1242 2640 1276 2666 Δ.
1295 2640 1329 2667 Σ.
1345 2636 1500 2674 quomodo.

997 2698 1072 2728 Ver.
1088 2701 1160 2728 626.
1181 2698 1297 2740 mollis:
1317 2696 1354 2726 P.
1369 2696 1485 2725 molleis
1491 2708 1502 2729 ‚-
1523 2692 1578 2723 sed
1592 2691 1683 2722 male.

1001 2757 1082 2789 Ibid.
1105 2768 1294 2789 concrescere
1309 2761 1438 2788 crustas.
1473 2754 1554 2791 Quae
1565 2753 1682 2785 deliba-

959 2810 1002 2841 vit
1017 2811 1084 2850 apis
1100 2809 1277 2847 Minciana,
1300 2807 1340 2838 ad
1350 2818 1418 2848 geo.
1433 2806 1478 2837 iii.
1494 2809 1567 2837 360.

975 2909 1139 2934 Concrescunt
1148 2906 1245 2932 subitae
1256 2904 1374 2932 curremi
1384 2904 1411 2930 in
1423 2902 1536 2929 flumine
1546 2903 1647 2927 crustae.
