1926 3224
573 258 808 307 LIBER
856 257 1215 315 QUINTUS.
1573 265 1633 309 79

291 390 417 439 Quod
436 404 580 448 genus,
601 391 645 431 in
665 390 783 432 nobis
804 390 994 447 quaedam
1013 390 1105 432 licet
1124 390 1167 431 in
1188 388 1360 431 statione

176 468 258 504 480
290 464 482 506 Membra
504 480 684 515 manere,
707 473 844 506 tamen
864 479 991 520 quom
1011 465 1090 506 sint
1113 480 1175 515 ea,
1198 479 1291 521 quae
1312 469 1563 505 moveantur.

348 539 446 580 Hiis
466 539 591 595 igitur
611 538 731 578 rebus
752 538 951 588 retractis,
973 546 1083 578 terra
1102 546 1285 592 repente,

291 611 495 653 Maxuma
514 610 594 665 quii
614 624 725 650 nunc
746 624 788 650 se
807 610 924 663 ponti
950 610 1071 666 plaga
1090 611 1240 651 caerula
1259 612 1406 662 tendit,

290 683 492 733 Subcidit,
515 690 555 724 et
575 683 677 724 salso
698 682 878 724 subfodit
897 683 1060 740 gurgite
1079 683 1218 725 fossas:

187 837 266 871 Ibid.
289 837 414 868 Lectori
435 847 506 868 meo
528 847 593 867 non
614 837 789 878 injucunda
806 837 868 868 for-

143 898 219 922 tasse
251 889 346 920 fuerit
375 889 506 929 hujusce
538 888 633 928 partis
662 889 870 930 cosmogoniae

141 941 307 981 descriptio
337 940 528 976 Nasoniana‚
556 945 630 971 met.
653 941 674 970 i.
697 943 747 971 54.
773 950 870 981 quam

139 993 212 1024 ideo
240 992 438 1032 potissimum
463 992 661 1031 adduxerim,
688 998 724 1022 ut
743 992 870 1032 praecla-

139 1054 208 1075 ram
231 1043 483 1074 emendationem
503 1043 614 1074 Jacobi
637 1053 656 1073 a
681 1043 782 1074 Cruce
804 1044 870 1074 Lu-

139 1096 226 1127 cretii
240 1095 419 1126 testimonio
434 1093 631 1125 confirmem:

139 1180 269 1206 Imminet
279 1180 318 1204 his
328 1179 390 1210 a‘er3
409 1179 465 1211 qui,
477 1182 578 1210 quanto
589 1181 630 1204 est
640 1179 757 1211 pondere
769 1183 852 1206 terrae

138 1220 243 1245 Pondus
253 1225 332 1250 aquae
343 1218 439 1248 levius,
451 1221 529 1243 tanto
541 1222 581 1244 est
592 1219 727 1244 onerosior
738 1219 803 1251 igni.

137 1258 195 1283 Illic
207 1261 235 1283 et
247 1258 366 1286 nebulas,
378 1257 431 1282 illic
442 1257 585 1282 consistere
596 1258 690 1288 nubes,

136 1297 227 1329 jussit,
239 1301 266 1322 et
278 1297 410 1321 humanas
420 1299 529 1320 motura
539 1296 660 1321 tonitrua
669 1300 789 1328 mentes;

139 1338 172 1362 Et
183 1343 248 1362 cum
259 1336 427 1366 fulminibus,
440 1335 569 1361 facientes
577 1336 702 1368 fulgura,
712 1341 816 1363 ventos.

137 1411 256 1452 Vulgo,
282 1412 410 1453 frigora
417 1427 428 1448 ;
466 1411 674 1450 ineptissime:
720 1413 864 1449 tonitrus,

137 1463 268 1499 fulmen,
293 1469 324 1493 et
337 1463 457 1504 fulgur,
483 1462 599 1501 passim
623 1463 794 1494 consociari
816 1474 865 1494 so·

137 1514 211 1545 lent.
259 1513 376 1545 Confer
404 1519 512 1544 autem
538 1519 693 1552 nostrum,
725 1514 763 1544 vi.
794 1518 865 1545 268.

138 1569 210 1597 269.
241 1568 419 1596 294—500.
453 1574 526 1594 cum
558 1564 667 1595 multis
695 1564 771 1595 locis
799 1564 867 1595 aliis

137 1614 278 1656 ejusdem
299 1615 379 1645 libri.
427 1615 596 1653 Caeterum,
621 1615 775 1645 Heinsius
796 1627 866 1646 con-

136 1669 234 1699 sidere
249 1666 380 1702 volebat,
404 1677 459 1705 pro
481 1668 657 1703 consistere;
681 1667 733 1696 cui
750 1667 867 1697 Lucre-

136 1717 174 1748 tii
187 1727 291 1748 versus
306 1718 407 1747 obstat
427 1716 604 1756 suspicioni.
650 1717 719 1747 Nec
735 1717 866 1747 Manili-

136 1779 194 1800 um
208 1779 273 1800 non
288 1768 470 1805 admovebo,
490 1778 590 1809 quum
604 1767 669 1799 una
683 1768 776 1808 opera
793 1779 868 1799 con-

132 1821 275 1862 jacturae,
293 1831 389 1862 quam
404 1820 608 1857 vindicamus,
624 1820 736 1860 faveat,
762 1826 794 1851 et
816 1821 868 1852 Pii

138 1874 261 1906 refellat
275 1874 499 1905 divinationem
515 1873 556 1905 ad
570 1884 630 1905 ver.
643 1876 715 1906 475.
737 1874 867 1916 Legun-

138 1932 190 1957 tur
203 1936 309 1958 versus
325 1926 360 1956 in
374 1926 395 1956 i.
412 1929 482 1958 152.

167 2008 309 2033 Proximus
319 2008 347 2032 in
358 2010 452 2033 tenues
464 2007 568 2032 discedit
577 2008 682 2040 spiritus
696 2014 783 2038 auras,

167 2048 292 2080 aeraque
301 2048 428 2073 extendit
440 2048 562 2073 medium
575 2055 622 2080 per
633 2048 722 2073 inania
732 2048 843 2073 mundi:

167 2090 253 2120 Ignem
261 2087 344 2118 flatus
355 2088 401 2113 alit
413 2088 545 2118 vicinum,
556 2088 678 2113 subditus
688 2089 778 2113 astris:

137 2162 159 2193 i.
170 2172 196 2194 e.
221 2166 244 2182 “
260 2173 353 2199 aurae,
369 2163 419 2193 vel
434 2163 530 2201 venti,
552 2163 726 2194 coelestibus
740 2164 866 2204 ignibus

138 2217 163 2233 “
177 2215 353 2256 propinqui,
376 2215 466 2256 ignes
479 2215 650 2252 inferiores,
672 2226 726 2245 seu
739 2215 867 2256 fulgura

139 2267 162 2283 “
178 2265 383 2306 tonitrusque,
403 2265 578 2298 nutriunt.’'
623 2267 667 2296 Et
681 2266 777 2306 vulgo
791 2267 866 2297 scri-

137 2314 222 2347 bitur
242 2315 277 2344 in
298 2326 388 2346 versu
402 2316 505 2356 primo
526 2319 698 2347 descendit:
723 2327 780 2347 nos
801 2318 866 2347 usi-

137 2371 236 2396 tatam
249 2365 381 2396 librariis
394 2367 656 2405 permutationem
671 2377 736 2396 esse
751 2367 867 2398 factam

138 2416 302 2452 credimus,
333 2415 470 2457 adeoque
493 2418 704 2458 conjecturam
719 2418 866 2449 collinea-

138 2466 248 2497 vimus.
294 2466 447 2498 Consulas
460 2467 577 2499 ibidem
595 2469 786 2500 Bentleium.

183 2525 256 2556 Ver.
271 2527 343 2556 476.
360 2536 418 2566 per
443 2537 576 2562 summas
600 2530 696 2559 labier
719 2540 804 2560 oras:
829 2535 866 2560 ut

139 2577 267 2608 aetheria
280 2577 403 2608 lumina
416 2577 574 2610 labuntur.
608 2580 772 2621 VirgiliuS,
790 2582 864 2612 AEn.

139 2629 181 2660 iii.
198 2631 270 2661 515.

199 2701 289 2728 Sidera
299 2705 400 2728 cuncta
410 2706 498 2734 notat,
508 2704 592 2729 tacito
603 2704 713 2730 labentia
723 2705 791 2731 coelo.

180 2775 255 2808 Ver.
278 2779 350 2808 477.
373 2783 535 2818 utrasque.-
569 2779 613 2809 sic
634 2779 741 2809 omnia
762 2784 865 2811 vetera

138 2824 181 2859 ad
199 2836 302 2858 unum
323 2828 529 2868 exemplar123
553 2830 687 2861 editores
709 2832 864 2862 temerarii

139 2875 179 2907 de
192 2888 248 2908 suo
261 2885 402 2920 utrosque
424 2880 584 2919 infersere,
610 2887 645 2912 ut
669 2881 774 2919 mode,
798 2882 864 2922 pari

139 2937 214 2962 cum
228 2930 369 2971 audacia,
385 2931 424 2967 ad
439 2942 498 2964 ver.
516 2935 586 2964 473.

957 838 1038 869 Ibid.
1061 841 1146 870 viva:
1168 840 1187 871 i.
1204 850 1230 870 e.
1253 839 1335 870 “ita
1355 846 1391 871 ut
1413 840 1531 882 agitent
1545 851 1637 883 vege-

914 891 937 907 “
951 896 994 927 ta,
1026 890 1163 927 mobilia,
1201 891 1348 929 efficacia,
1377 891 1526 929 florentia,
1556 903 1638 930 vera,

915 944 937 959 “
954 951 1096 980 corpora3
1129 949 1159 972 et
1190 943 1299 973 officiis
1327 944 1390 973 suis
1416 950 1542 975 strenue
1564 945 1639 976 fun-

915 995 936 1010 “
951 993 1088 1033 gemia.”
1132 993 1306 1025 Lambinus
1325 995 1393 1025 heic
1415 996 1638 1035 opportunissi-

913 1053 965 1073 me
979 1043 1116 1074 admovit
1130 1050 1271 1075 nostrum
1289 1045 1419 1084 Carum,
1435 1046 1454 1076 i.
1472 1050 1563 1077 1055.

1105 1125 1212 1150 summi
1224 1132 1332 1157 quoque
1345 1132 1410 1158 gens
1419 1127 1591 1152 animantum

943 1165 1059 1196 Floreat,
1069 1169 1097 1191 et
1108 1167 1215 1191 vivant
1225 1165 1332 1190 labentes
1343 1166 1441 1190 aetheris
1451 1166 1532 1198 ignes.-

908 1245 929 1275 i.
958 1255 984 1276 e.
1019 1248 1042 1264 “
1067 1245 1156 1285 lapsu
1184 1257 1240 1286 per
1269 1247 1384 1276 aethera
1412 1257 1445 1277 se
1467 1247 1551 1278 vivos
1572 1258 1637 1279 esse

909 1299 933 1315 “
948 1297 1110 1336 probent.”
1157 1298 1268 1329 Cernis
1283 1298 1455 1329 locutiones
1476 1300 1639 1341 utriusque

908 1347 968 1378 loci
979 1348 1168 1380 amicissimo
1177 1360 1329 1380 consensu
1338 1350 1471 1381 vicissim
1482 1351 1540 1381 sibi
1551 1361 1636 1382 com-

908 1399 1122 1431 modissimam
1144 1412 1273 1441 operam
1288 1412 1409 1433 navare.
1446 1403 1522 1434 Non
1540 1404 1638 1444 igitur

909 1460 960 1481 res
983 1451 1088 1492 exigit,
1114 1459 1150 1482 ut
1173 1453 1213 1483 ad
1239 1454 1458 1484 Bentleianam
1479 1455 1637 1495 conjectu-

910 1511 989 1540 ram,
1013 1514 1083 1543 quae
1108 1505 1186 1534 mihi
1212 1515 1335 1546 quoque
1349 1506 1450 1544 primo
1472 1506 1589 1537 intuitu
1604 1517 1638 1537 se

911 1554 1189 1590 commendaverat,
1220 1557 1280 1586 hoc
1305 1562 1443 1595 tempore
1471 1558 1637 1597 confugia-

910 1616 996 1644 mus;
1031 1610 1054 1625 “
1072 1617 1201 1647 corpora
1222 1609 1340 1648 priva”
1371 1609 1500 1640 scilicet:
1541 1620 1638 1650 quam

910 1657 1079 1688 dictionem
1104 1666 1135 1689 et
1160 1659 1234 1690 alibi
1257 1661 1321 1690 viro
1337 1661 1533 1701 sagacissimo
1548 1662 1638 1692 novi-

910 1718 982 1738 mus
996 1710 1143 1746 universi,
1174 1712 1278 1741 Musis
1297 1713 1382 1742 haud
1404 1712 1641 1752 plaudentibus,

910 1766 1050 1790 veterum
1064 1761 1185 1800 scriptis
1199 1762 1395 1793 inculcatam.

953 1819 1028 1849 Ver.
1040 1822 1112 1851 478.
1143 1821 1283 1851 Vorsent:
1309 1821 1329 1850 i.
1345 1825 1371 1851 e.
1396 1828 1553 1859 moveant,
1569 1822 1636 1863 agi-

910 1876 986 1908 tent,
1010 1872 1072 1902 huc
1087 1871 1161 1902 illuc
1176 1882 1232 1911 pro
1248 1883 1281 1903 re
1302 1873 1376 1903 nata
1395 1874 1482 1905 sedes
1497 1881 1620 1905 mutent
1626 1888 1638 1913 ;

909 1922 980 1954 vide
995 1933 1052 1953 nos
1072 1923 1112 1954 ad
1127 1934 1188 1954 ver.
1205 1926 1276 1955 475.
1323 1925 1502 1964 Creechius,
1525 1926 1580 1966 qui
1602 1926 1637 1956 in

910 1973 967 2005 sua
982 1974 1236 2014 interpretatione
1257 1978 1376 2008 volvant
1391 1977 1501 2016 posuit,
1527 1978 1636 2018 exqui-

910 2026 1031 2057 sitiores
1046 2027 1173 2058 virtutes
1188 2028 1332 2059 dictionis
1354 2029 1539 2070 neutiquam
1554 2040 1636 2061 asse-

910 2083 1002 2108 cutus
1017 2083 1073 2108 est.
1118 2079 1285 2120 Virgilius,
1301 2080 1358 2110 ecl.
1376 2090 1404 2110 x.
1420 2083 1473 2111 67.

939 2169 994 2192 Nec
1005 2167 1035 2198 si,
1047 2175 1133 2199 quum
1143 2169 1260 2194 moriens
1270 2169 1324 2194 alta
1336 2169 1401 2194 iiber
1410 2173 1468 2194 aret
1480 2169 1507 2194 in
1518 2170 1606 2201 ulmo,

939 2206 1099 2239 AEthiopum
1110 2215 1244 2232 versemus
1255 2215 1328 2238 oves,
1337 2209 1386 2233 sub
1396 2209 1481 2234 sidere
1491 2210 1589 2235 Cancri
1597 2217 1606 2234 :

910 2287 929 2318 i.
945 2298 971 2318 e.
993 2290 1053 2320 huc
1067 2295 1095 2320 et
1111 2290 1184 2321 illuc
1200 2301 1338 2330 agamus,
1356 2289 1404 2320 vel
1418 2300 1632 2323 exerceamus:

910 2339 957 2368 uti
980 2341 1076 2378 probe
1106 2340 1244 2378 Servius;
1268 2341 1338 2377 sive,
1365 2347 1401 2371 ut
1425 2352 1500 2372 cum
1518 2342 1638 2373 Graecis

909 2389 1028 2430 loquar,
1051 2399 1234 2432 οωπολωμεν·
1258 2403 1328 2433 quae
1343 2398 1390 2422 est
1405 2393 1527 2433 Heynii
1541 2403 1637 2433 expo-

909 2441 979 2472 sitio
1000 2442 1095 2483 longe
1110 2444 1326 2474 venustissima
1348 2443 1504 2481 omnium,
1528 2449 1560 2474 et
1580 2454 1636 2484 ap-

907 2492 1037 2524 tissima.
1084 2494 1200 2524 Rideas
1229 2495 1357 2532 interea,
1385 2500 1496 2525 nasute
1520 2494 1632 2527 lector!

909 2544 1147 2576 duumvirorum
1177 2552 1337 2576 tentamen
1362 2546 1545 2583 miserabile,
1571 2557 1634 2578 ser-

908 2607 1017 2627 vemus.
1063 2596 1123 2626 Sed
1153 2597 1238 2626 enim
1263 2597 1440 2636 appositum
1464 2603 1510 2628 est
1537 2597 1634 2628 etiam

909 2647 1062 2686 glossema
1076 2654 1176 2679 vetus:
1205 2651 1227 2666 ‘⁶
1251 2650 1348 2686 Verte,
1366 2650 1554 2689 μεταέαλλω
1568 2662 1634 2689 χω-

911 2701 933 2716 “
948 2696 1027 2740 poev.’'

952 2759 1026 2791 Ver.
1043 2763 1114 2791 480.
1136 2766 1326 2792 moveantur:
1353 2761 1389 2792 P.
1408 2766 1546 2792 moveant
1569 2771 1633 2792 nos.

907 2819 1051 2843 —tamen
1075 2814 1160 2843 abest
1181 2813 1222 2843 V.
1248 2812 1296 2844 ed.
1344 2813 1387 2844 In
1411 2823 1472 2843 ver.
1494 2815 1568 2843 478.
1591 2813 1636 2853 ni

907 2866 1026 2900 monde}
1051 2869 1086 2894 ut
1100 2863 1186 2894 solet.

951 2925 1024 2956 Ver.
1040 2927 1112 2956 481.
1134 2925 1290 2958 retractis:
1323 2924 1344 2958 i.
1363 2935 1389 2956 e.
1423 2924 1458 2956 in
1482 2923 1634 2956 diversam
