1926 3224
256 213 347 253 158

753 210 812 258 Τ.
850 209 1226 261 LUCRETII

390 339 599 395 Denique,
626 345 728 379 nota
747 338 875 394 vagiS,
907 339 1113 394 sylvestria
1131 340 1282 395 templa
1300 344 1492 387 tenebant

391 412 698 468 Nympharum3
730 411 876 466 quibus
895 412 1086 454 excibant
1104 413 1278 456 humore
1295 416 1449 458 fluenta

390 485 585 534 Lubrica,
615 483 799 539 proluvie
817 484 930 542 larga
949 486 1083 527 lavere
1101 486 1270 530 humida
1289 505 1402 541 saxa,

391 557 581 599 Humida
600 571 713 607 saxa,
745 572 866 613 super
886 559 1006 600 viridi
1026 560 1215 603 stillantia
1233 577 1393 614 musco;

277 636 360 672 950
391 631 447 672 Et
465 632 616 686 partim
633 631 758 687 plano
776 641 944 683 scatere,
976 642 1098 690 atque
1117 651 1345 693 erumpere,
1377 653 1534 694 campo.

446 704 536 746 Nec
554 705 654 746 dum
673 720 738 747 res
755 706 842 762 igni
862 706 1020 748 scibant
1039 716 1231 760 tractare,
1262 726 1393 767 neque
1413 714 1472 754 uti

245 857 358 882 inseruit
368 857 454 883 donec
465 865 520 883 sese
531 858 682 883 malesuada
693 860 826 892 voluptas,

245 895 285 919 Ac
295 902 386 920 secum
398 896 480 921 luxus
491 900 518 921 et
530 903 650 922 amorem
661 898 766 924 invexit
777 899 901 924 habendi.

243 933 312 958 Hinc
323 935 394 964 odia,
401 935 463 959 hinc
471 935 540 965 lites,
548 935 611 960 hinc
620 936 701 967 fraus,
711 937 774 964 hinc
783 939 859 969 livor,
870 943 898 964 et
908 939 968 970 irae,

244 972 351 1003 Caedes,
360 980 446 1004 arma,
455 980 544 1004 cruor,
555 976 706 1007 conflictus,
716 978 819 1009 praelia,
830 983 939 1006 mortes.

284 1046 358 1077 Ver.
376 1051 448 1080 945.
473 1051 652 1081 Claricitat:
681 1051 702 1082 i.
728 1063 754 1083 e.
783 1053 865 1084 clara
893 1065 967 1086 voce

244 1096 348 1136 lapsfis
371 1098 444 1130 ciet:
468 1110 531 1140 quo
554 1102 704 1132 vocabulo
730 1103 965 1144 significantius,

241 1149 410 1186 venustius,
434 1155 525 1191 atque
533 1151 693 1190 pulchrius
701 1153 898 1192 picturatum,
913 1167 968 1187 ne-

242 1210 297 1231 mo
313 1208 432 1240 poterat
444 1205 640 1245 excogitasse.
685 1206 768 1237 Nam
785 1208 824 1238 de
839 1210 965 1240 veritate

241 1252 370 1293 hujusce
386 1253 536 1291 lectionis,
561 1267 657 1297 quam
683 1268 721 1288 ex
735 1259 898 1290 ruderibus
911 1271 963 1291 va-

239 1302 390 1334 riantium
405 1305 626 1344 scripturarum
644 1309 800 1339 Simeonis
815 1311 902 1341 Bosii
916 1322 963 1341 sa-

240 1354 356 1393 gacitas
371 1355 525 1395 expiscata
539 1363 595 1395 est,
618 1359 707 1388 nulla
724 1359 762 1389 lis
776 1362 894 1391 moveri
909 1362 962 1391 de-

239 1406 300 1436 bet.
345 1406 396 1437 Sic
419 1414 524 1438 autem
554 1419 586 1439 se
609 1411 724 1440 habent
752 1411 965 1451 discrepantiae

241 1454 401 1488 librorum.
475 1461 636 1490 claricitat
664 1463 742 1492 late:
777 1462 814 1492 P.
846 1465 967 1494 Clarior

239 1510 371 1543 amitat,-
398 1509 439 1538 V.
462 1509 509 1539 ed.
534 1510 571 1540 B.
599 1513 778 1542 Claritatia
794 1519 838 1548 te;
864 1514 900 1543 L.
919 1514 965 1544 M.

241 1564 283 1588 Π.
312 1565 343 1589 et
367 1559 495 1599 quidam
525 1561 576 1591 Pii
606 1562 693 1593 codd.
720 1565 961 1601 Clarii-italiam,-

238 1618 340 1649 neque
354 1610 443 1641 aliter
458 1611 558 1642 multo
575 1617 608 1644 Σ.
627 1615 775 1645 Claricita
788 1618 879 1646 liare:
896 1627 966 1656 quae

238 1666 368 1700 receptae
386 1662 510 1693 lectioni
534 1674 596 1694 non
620 1665 819 1704 dissentiunt,
844 1667 869 1697 si
895 1667 962 1698 lite-

238 1720 306 1741 ram
321 1714 333 1742 i
348 1723 421 1743 cum
436 1716 447 1744 l
463 1721 651 1753 commutes;
674 1716 744 1746 vide
762 1727 819 1747 nos
834 1717 873 1746 ad
888 1728 963 1747 verr.

239 1766 310 1795 749.
327 1768 399 1796 765.
421 1767 568 1805 superius.
587 1767 627 1798 O.
646 1774 690 1798 Ω..
716 1770 837 1799 Clarior
847 1771 962 1805 aetate,-

238 1819 275 1845 Δ.
293 1817 379 1846 Clam
385 1817 479 1856 juvat
494 1824 605 1848 aescate.
652 1819 885 1850 Somniculosus
899 1821 962 1851 col-

240 1865 320 1896 lator
348 1867 540 1898 verissimam
567 1870 752 1908 scripturam
775 1871 842 1901 cod.
867 1872 897 1901 V
900 1872 963 1903 ind.

239 1916 414 1956 adscripsit;
437 1918 490 1948 sed
507 1929 546 1948 ne
561 1919 696 1958 dubites,
709 1922 786 1961 quin
802 1922 964 1963 negligen-

237 1971 285 1996 ter
309 1977 345 1997 ac
371 1968 527 1999 mendose.
573 1970 672 2000 Haud
700 1971 898 2011 importunus
914 1985 964 2004 ac·

239 2017 361 2047 cesserit
375 2018 501 2059 Virgilii
516 2020 695 2059 versiculus,
709 2022 742 2052 in
759 2023 834 2054 AEn.
850 2024 880 2054 ii.
892 2028 964 2056 301.

254 2089 397 2114 Clarescmzt
408 2090 514 2121 sonitus,
525 2099 717 2125 armorumque
726 2094 826 2127 ingruit
837 2096 940 2122 horror.

282 2154 357 2184 Ver.
375 2159 444 2186 946.
467 2162 538 2187 nola
561 2160 663 2196 vagis:
689 2158 733 2188 ita
755 2159 906 2199 scriptum
924 2168 969 2192 est

238 2205 453 2244 sincerissime,
469 2213 500 2237 et
515 2209 752 2247 appositissime,
768 2210 802 2240 in
818 2211 854 2242 P.
870 2212 908 2242 V.
921 2213 968 2243 ed.

237 2257 275 2287 B.
293 2262 327 2288 A.
345 2264 385 2288 Π.
402 2263 439 2289 Σ.
459 2265 503 2289 Ω..
529 2263 552 2277 “
568 2261 683 2300 templa
699 2261 825 2299 scilicet,
845 2263 886 2293 ad
900 2274 969 2305 quae

237 2311 260 2326 “
275 2308 308 2337 in
324 2309 490 2348 erroribus,
501 2316 536 2340 ut
550 2316 622 2350 apta
631 2311 806 2349 domiciliis,
826 2314 969 2345 animum

239 2360 261 2375 “
279 2358 505 2390 adverterant.”
551 2361 677 2397 Quibus
698 2363 774 2403 quid
796 2363 965 2402 pulchrius,

240 2414 270 2438 et
285 2410 464 2449 argumenti
486 2420 579 2451 scopo
593 2414 845 2446 convenientius?
869 2416 966 2447 Vind.

237 2458 264 2487 si
279 2459 402 2490 credere
423 2461 471 2491 fas
485 2462 525 2492 sit
546 2462 694 2499 collatori,
717 2467 900 2506 noctivagz‘s;
924 2474 966 2506 et,

238 2508 363 2540 silentio
391 2511 602 2552 Havercampi
626 2521 711 2551 teste,
736 2516 774 2546 L.
795 2517 843 2547 M.
870 2521 966 2548 nocti-

237 2562 308 2599 vagi
315 2575 326 2595 ,-
352 2562 398 2591 uti
415 2563 493 2593 solet
507 2564 654 2605 evulgari.
690 2567 836 2598 Ducibus
851 2574 968 2608 autem,

238 2618 304 2641 tam
327 2614 538 2652 perfunctorie
563 2627 680 2648 munus
705 2629 799 2650 suum
823 2621 965 2652 obeunti-

237 2663 304 2699 bus,
332 2675 395 2695 non
424 2673 540 2698 temere
555 2669 727 2701 fidendum.
775 2672 842 2702 Nos
856 2683 967 2713 propo-

238 2713 304 2743 sitis
328 2717 406 2747 nihil
439 2720 560 2757 melius,
591 2723 861 2764 commodiusque,
886 2725 966 2756 desi-

238 2763 392 2796 dera-mus.
436 2770 597 2802 Bentleius
612 2773 748 2805 malebat
762 2782 846 2807 nocte
862 2778 943 2816 vagi.

295 2814 376 2846 Ibid.
413 2820 571 2858 sylvestria
600 2826 729 2864 templa:
768 2826 787 2855 i.
819 2837 845 2857 e.
879 2832 967 2857 antra

239 2867 398 2900 montium
425 2881 663 2912 cavernosorum,
698 2877 854 2914 κολπωδεις
886 2884 966 2911 KOI·

1013 870 1188 898 ΛΟΤΗΤΑΣ
1218 879 1334 909 πετρων
1368 868 1417 898 vel
1447 878 1535 899 saxea
1570 874 1659 907 lectu,
1695 874 1733 900 ull

1011 927 1097 956 mox,
1111 928 1171 948 ver.
1188 922 1256 950 982.
1282 918 1404 949 Redeas
1418 919 1458 950 ad
1473 924 1560 949 notas
1575 919 1607 949 iu
1623 919 1642 950 i.
1659 923 1732 950 121.

1011 974 1043 998 et
1073 967 1156 999 locos
1180 968 1223 998 ibi
1252 976 1439 1007 provocatos,
1492 969 1633 1006 Plautus,
1665 969 1731 1000 mil.

1009 1019 1085 1059 glor.
1101 1020 1131 1050 ii.
1148 1023 1176 1051 5.
1191 1024 1220 1050 5.

1113 1092 1138 1117 in
1151 1092 1213 1117 locis
1225 1093 1372 1124 Neptuniis,
1383 1093 1532 1124 templisque
1542 1093 1717 1119 turbulentis:

1012 1163 1031 1193 i.
1047 1174 1073 1193 e.
1097 1163 1215 1193 “inter
1240 1173 1396 1200 cavernas,
1421 1168 1451 1193 et
1476 1163 1589 1201 hiatus,
1613 1164 1730 1203 procel-

1009 1219 1031 1235 “
1048 1216 1105 1246 losi
1127 1216 1263 1246 maris:’'
1288 1217 1338 1247 cui
1364 1217 1541 1247 convexitas
1559 1224 1611 1248 est
1637 1219 1733 1249 etiam

1007 1267 1188 1306 superficiei,
1215 1273 1251 1297 ut
1279 1267 1363 1297 coelo.
1409 1267 1452 1298 Et
1473 1268 1644 1299 contendas
1656 1270 1732 1300 AEs-

1008 1319 1147 1359 chylum‚
1164 1319 1269 1349 Prom.
1286 1318 1377 1348 vinct.
1395 1321 1574 1350 445—468.

1050 1371 1123 1400 Ver.
1146 1373 1217 1400 947.
1248 1370 1402 1399 excibant:
1434 1369 1454 1399 i.
1477 1380 1502 1399 e.
1527 1373 1550 1388 ‘⁶
1565 1371 1731 1402 exsuscita-

1010 1426 1032 1441 “
1048 1423 1124 1451 bant
1138 1430 1233 1460 aquas
1248 1426 1279 1449 et
1289 1420 1532 1458 deproperabant
1543 1421 1732 1461 Nymphae:”

1009 1473 1049 1503 ad
1065 1476 1286 1513 προςωπποιϊαν
1300 1471 1436 1501 maxime
1458 1478 1620 1503 venustam
1635 1473 1734 1512 po'eti-

1009 1534 1148 1564 camque.
1195 1523 1245 1552 Sic
1268 1529 1376 1561 sponte
1391 1523 1600 1554 divinaveram
1616 1525 1733 1556 Lucre-

1009 1577 1089 1606 tium
1106 1575 1269 1614 scripsisse,
1285 1581 1315 1604 et
1330 1575 1373 1605 sic
1388 1574 1634 1607 luculentissime
1648 1587 1733 1608 com·
1786 1574 1788 1576 ¹

1009 1632 1097 1665 paret
1111 1631 1271 1656 exaratum
1285 1625 1318 1655 in
1335 1626 1374 1655 O.
1391 1632 1422 1656 et
1439 1633 1483 1657 o..
1527 1627 1646 1668 Vulgo,
1669 1631 1731 1659 ewi-

1006 1679 1094 1712 bont,·
1128 1683 1164 1706 ut
1194 1677 1230 1706 P.
1259 1681 1296 1707 Δ.
1326 1683 1365 1707 Π.
1394 1682 1428 1708 Σ.
1474 1677 1604 1708 Codices
1626 1684 1732 1709 autem

1007 1729 1104 1759 Vind.
1120 1729 1156 1758 L.
1174 1728 1221 1757 M.
1231 1729 1382 1763 escz'bant;
1401 1739 1471 1768 quae
1486 1729 1636 1769 scriptura
1650 1730 1731 1761 flux-

1006 1781 1076 1818 erit,
1105 1780 1139 1809 ni
1154 1779 1257 1817 fallor,
1279 1790 1316 1810 ex
1343 1781 1524 1820 antiquaria,
1544 1792 1639 1821 quam
1652 1782 1732 1813 mal-

1007 1831 1070 1861 lem
1085 1830 1178 1871 sequi,
1193 1830 1288 1861 seculi
1304 1831 1485 1862 Lucretiani
1500 1833 1730 1873 orthographia,

1006 1883 1174 1917 ecscibant;
1200 1882 1219 1911 i.
1238 1892 1264 1912 e.
1287 1884 1424 1913 excibant
1447 1888 1600 1913 nostrum:
1633 1884 1669 1914 V.
1683 1884 1731 1915 ed.

1008 1934 1156 1964 aestibant.
1213 1933 1285 1963 Hac
1322 1944 1395 1963 sane
1430 1934 1625 1965 restitutione
1655 1935 1734 1965 nihil

1008 1984 1108 2023 magis
1130 1983 1341 2014 indubitatum
1371 1984 1470 2015 credo.
1514 1985 1635 2016 Vocem
1658 1986 1730 2016 Vir-

1007 2035 1103 2075 gilius
1117 2035 1298 2073 saepiuscule
1312 2035 1437 2075 quidem
1454 2030 1603 2066 adhibuit.

1054 2093 1133 2124 Ibid.
1157 2096 1287 2124 humore.
1331 2094 1430 2134 Lego,
1455 2097 1605 2132 humori&
1636 2101 1672 2125 ut
1692 2095 1731 2125 iv.

1011 2144 1064 2174 fin.

1263 2222 1360 2251 guttas,
1373 2219 1400 2244 in
1410 2226 1476 2244 saxa
1486 2220 1631 2250 cadenteis‚

1074 2257 1200 2283 Humoris.

1500 2300 1725 2332 BENTLems.

1011 2380 1099 2410 Nihil
1114 2391 1253 2421 unquam
1268 2381 1331 2412 vidi
1348 2382 1491 2422 equidem
1507 2382 1673 2414 infelicius.

1052 2433 1127 2462 Ver.
1143 2436 1214 2464 948.
1237 2432 1342 2473 larga:
1368 2434 1452 2464 deest
1468 2437 1670 2466 IL—lavere:
1696 2439 1730 2466 A.

1009 2485 1099 2513 luere.

1055 2534 1133 2564 Ibid.
1158 2536 1296 2566 Lubrica
1321 2538 1463 2567 humore:
1491 2536 1511 2567 i.
1537 2547 1563 2567 e.
1587 2540 1609 2556 “
1626 2537 1730 2567 laben-

1012 2588 1033 2603 “
1050 2586 1103 2624 tia,
1127 2586 1175 2616 vel
1190 2587 1328 2626 mobilia,
1354 2594 1477 2628 propter
1491 2588 1653 2619 humidam
1675 2597 1731 2618 na-

1011 2639 1033 2655 “
1051 2643 1152 2668 turam
1163 2639 1196 2669 :’'
1234 2639 1273 2670 de
1310 2640 1539 2680 elegantissima
1574 2644 1730 2670 construc-

1009 2688 1103 2720 tione.
1151 2690 1245 2721 Silius
1261 2691 1400 2728 Italicus,
1415 2692 1474 2722 xiv.
1489 2694 1560 2721 455.

1041 2770 1135 2794 Murali
1145 2777 1211 2795 saxo
1222 2778 1280 2802 per,
1293 2770 1389 2795 lubrica
1399 2770 1529 2802 xanguine,
1539 2772 1655 2794 transtra

1041 2809 1162 2833 Volvitur
1172 2810 1198 2833 in
1210 2810 1317 2839 fluctus,
1327 2809 1440 2841 Lychaei
1451 2809 1570 2839 vulnere,
1581 2809 1700 2840 cydnus.

1011 2879 1154 2920 Ovidius,
1170 2880 1239 2912 fast.
1253 2880 1292 2912 iv.
1305 2882 1376 2911 557.
