<?xml version="1.0" encoding="UTF-8"?>
<!DOCTYPE html PUBLIC "-//W3C//DTD XHTML 1.0 Transitional//EN"
    "http://www.w3.org/TR/xhtml1/DTD/xhtml1-transitional.dtd">
<html xmlns="http://www.w3.org/1999/xhtml" xml:lang="en" lang="en">
 <head>
  <title>
</title>
<meta http-equiv="Content-Type" content="text/html;charset=utf-8" />
  <meta name='ocr-system' content='tesseract 3.04.00' />
  <meta name='ocr-capabilities' content='ocr_page ocr_carea ocr_par ocr_line ocrx_word'/>
</head>
<body>
  <div class='ocr_page' id='page_1' title='image "./tlucretiicarider03lucruoft_0214.png"; bbox 0 0 1926 3224; ppageno 0'>
   <div class='ocr_carea' id='block_1_1' title="bbox 290 201 377 246">
    <p class='ocr_par' dir='ltr' id='par_1_1' title="bbox 290 201 377 246">
     <span class='ocr_line' id='line_1_1' title="bbox 290 201 377 246; baseline 0.046 -4"><span class='ocrx_word' id='word_1_1' title='bbox 290 201 377 246; x_wconf 79' lang='lat'>192</span> 
     </span>
    </p>
   </div>
   <div class='ocr_carea' id='block_1_2' title="bbox 793 197 1280 246">
    <p class='ocr_par' dir='ltr' id='par_1_2' title="bbox 793 197 1280 246">
     <span class='ocr_line' id='line_1_2' title="bbox 793 197 1280 246; baseline 0.002 -1"><span class='ocrx_word' id='word_1_2' title='bbox 793 199 852 245; x_wconf 91' lang='grc' dir='ltr'>Τ.</span> <span class='ocrx_word' id='word_1_3' title='bbox 904 197 1280 246; x_wconf 90' lang='lat' dir='ltr'><strong>LUCRETII</strong></span> 
     </span>
    </p>
   </div>
   <div class='ocr_carea' id='block_1_3' title="bbox 433 324 1439 442">
    <p class='ocr_par' dir='ltr' id='par_1_3' title="bbox 433 324 1439 442">
     <span class='ocr_line' id='line_1_3' title="bbox 433 324 1388 383; baseline -0.005 -13"><span class='ocrx_word' id='word_1_4' title='bbox 433 328 670 376; x_wconf 81' lang='lat' dir='ltr'>Terrarum,</span> <span class='ocrx_word' id='word_1_5' title='bbox 692 332 733 366; x_wconf 90' lang='lat' dir='ltr'>et</span> <span class='ocrx_word' id='word_1_6' title='bbox 751 325 859 366; x_wconf 81' lang='lat' dir='ltr'>festis</span> <span class='ocrx_word' id='word_1_7' title='bbox 878 326 989 383; x_wconf 85' lang='lat' dir='ltr'>cogit</span> <span class='ocrx_word' id='word_1_8' title='bbox 1007 325 1209 367; x_wconf 87' lang='lat' dir='ltr'>celebrare</span> <span class='ocrx_word' id='word_1_9' title='bbox 1227 324 1388 375; x_wconf 86' lang='lat' dir='ltr'>diebus;</span> 
     </span>
     <span class='ocr_line' id='line_1_4' title="bbox 435 397 1439 442; baseline -0.003 0"><span class='ocrx_word' id='word_1_10' title='bbox 435 401 532 442; x_wconf 91' lang='lat' dir='ltr'>Non</span> <span class='ocrx_word' id='word_1_11' title='bbox 553 401 609 441; x_wconf 86' lang='lat' dir='ltr'>ita</span> <span class='ocrx_word' id='word_1_12' title='bbox 628 398 789 440; x_wconf 85' lang='lat' dir='ltr'>difficile</span> <span class='ocrx_word' id='word_1_13' title='bbox 808 406 868 440; x_wconf 89' lang='lat' dir='ltr'>est</span> <span class='ocrx_word' id='word_1_14' title='bbox 887 399 1086 440; x_wconf 87' lang='lat' dir='ltr'>rationem</span> <span class='ocrx_word' id='word_1_15' title='bbox 1106 398 1276 440; x_wconf 88' lang='lat' dir='ltr'>reddere</span> <span class='ocrx_word' id='word_1_16' title='bbox 1295 397 1439 439; x_wconf 87' lang='lat' dir='ltr'>verbis.</span> 
     </span>
    </p>
   </div>
   <div class='ocr_carea' id='block_1_4' title="bbox 491 469 1544 529">
    <p class='ocr_par' dir='ltr' id='par_1_4' title="bbox 491 469 1544 529">
     <span class='ocr_line' id='line_1_5' title="bbox 491 469 1544 529; baseline -0.002 -15"><span class='ocrx_word' id='word_1_17' title='bbox 491 474 658 529; x_wconf 85' lang='lat' dir='ltr'>Quippe</span> <span class='ocrx_word' id='word_1_18' title='bbox 677 481 718 514; x_wconf 92' lang='lat' dir='ltr'>et</span> <span class='ocrx_word' id='word_1_19' title='bbox 737 473 847 515; x_wconf 91' lang='lat' dir='ltr'>enim</span> <span class='ocrx_word' id='word_1_20' title='bbox 862 474 947 529; x_wconf 81' lang='lat' dir='ltr'>jam</span> <span class='ocrx_word' id='word_1_21' title='bbox 968 482 1056 515; x_wconf 86' lang='lat' dir='ltr'>turn</span> <span class='ocrx_word' id='word_1_22' title='bbox 1077 472 1215 514; x_wconf 70' lang='lat' dir='ltr'>divom</span> <span class='ocrx_word' id='word_1_23' title='bbox 1235 472 1422 513; x_wconf 87' lang='lat' dir='ltr'>mortalia</span> <span class='ocrx_word' id='word_1_24' title='bbox 1442 469 1544 513; x_wconf 86' lang='lat' dir='ltr'>secla</span> 
     </span>
    </p>
   </div>
   <div class='ocr_carea' id='block_1_5' title="bbox 433 547 1367 605">
    <p class='ocr_par' dir='ltr' id='par_1_5' title="bbox 433 547 1367 605">
     <span class='ocr_line' id='line_1_6' title="bbox 433 547 1367 605; baseline -0.001 -17"><span class='ocrx_word' id='word_1_25' title='bbox 433 548 631 605; x_wconf 86' lang='lat' dir='ltr'>Egregias</span> <span class='ocrx_word' id='word_1_26' title='bbox 651 549 788 589; x_wconf 83' lang='lat' dir='ltr'>animo</span> <span class='ocrx_word' id='word_1_27' title='bbox 807 548 927 590; x_wconf 85' lang='lat' dir='ltr'>facies</span> <span class='ocrx_word' id='word_1_28' title='bbox 948 548 1138 605; x_wconf 88' lang='lat' dir='ltr'>vigilante</span> <span class='ocrx_word' id='word_1_29' title='bbox 1156 547 1367 596; x_wconf 83' lang='lat' dir='ltr'>videbant3</span> 
     </span>
    </p>
   </div>
   <div class='ocr_carea' id='block_1_6' title="bbox 298 621 1517 823">
    <p class='ocr_par' dir='ltr' id='par_1_6' title="bbox 298 621 1517 823">
     <span class='ocr_line' id='line_1_7' title="bbox 298 621 1454 678; baseline -0.001 -17"><span class='ocrx_word' id='word_1_30' title='bbox 298 623 402 663; x_wconf 85' lang='lat'>1170</span> <span class='ocrx_word' id='word_1_31' title='bbox 434 621 490 662; x_wconf 85' lang='lat' dir='ltr'>Et</span> <span class='ocrx_word' id='word_1_32' title='bbox 508 622 638 678; x_wconf 87' lang='lat' dir='ltr'>magis</span> <span class='ocrx_word' id='word_1_33' title='bbox 657 621 701 662; x_wconf 92' lang='lat' dir='ltr'>in</span> <span class='ocrx_word' id='word_1_34' title='bbox 721 622 888 672; x_wconf 91' lang='lat' dir='ltr'>somnis,</span> <span class='ocrx_word' id='word_1_35' title='bbox 909 622 1100 663; x_wconf 88' lang='lat' dir='ltr'>mirando</span> <span class='ocrx_word' id='word_1_36' title='bbox 1119 621 1301 675; x_wconf 85' lang='lat' dir='ltr'>corporis</span> <span class='ocrx_word' id='word_1_37' title='bbox 1320 627 1454 661; x_wconf 83' lang='lat' dir='ltr'>auctu.</span> 
     </span>
     <span class='ocr_line' id='line_1_8' title="bbox 435 692 1497 751; baseline -0.003 -15"><span class='ocrx_word' id='word_1_38' title='bbox 435 694 532 736; x_wconf 84' lang='lat' dir='ltr'>Hiis</span> <span class='ocrx_word' id='word_1_39' title='bbox 552 695 678 751; x_wconf 87' lang='lat' dir='ltr'>igitur</span> <span class='ocrx_word' id='word_1_40' title='bbox 697 709 858 735; x_wconf 89' lang='lat' dir='ltr'>sensum</span> <span class='ocrx_word' id='word_1_41' title='bbox 879 695 1112 736; x_wconf 81' lang='lat' dir='ltr'>tribuebant</span> <span class='ocrx_word' id='word_1_42' title='bbox 1131 702 1362 749; x_wconf 86' lang='lat' dir='ltr'>propterea,</span> <span class='ocrx_word' id='word_1_43' title='bbox 1385 692 1497 748; x_wconf 88' lang='lat' dir='ltr'>quod</span> 
     </span>
     <span class='ocr_line' id='line_1_9' title="bbox 434 766 1517 823; baseline -0.004 -13"><span class='ocrx_word' id='word_1_44' title='bbox 434 768 629 810; x_wconf 84' lang='lat' dir='ltr'>Membra</span> <span class='ocrx_word' id='word_1_45' title='bbox 647 782 810 808; x_wconf 90' lang='lat' dir='ltr'>movere</span> <span class='ocrx_word' id='word_1_46' title='bbox 829 767 1086 818; x_wconf 85' lang='lat' dir='ltr'>videbantur,</span> <span class='ocrx_word' id='word_1_47' title='bbox 1110 782 1305 823; x_wconf 90' lang='lat' dir='ltr'>vocesque</span> <span class='ocrx_word' id='word_1_48' title='bbox 1325 766 1517 821; x_wconf 85' lang='lat' dir='ltr'>superbas</span> 
     </span>
    </p>
   </div>
   <div class='ocr_carea' id='block_1_7' title="bbox 434 840 1465 895">
    <p class='ocr_par' dir='ltr' id='par_1_7' title="bbox 434 840 1465 895">
     <span class='ocr_line' id='line_1_10' title="bbox 434 840 1465 895; baseline -0.003 -14"><span class='ocrx_word' id='word_1_49' title='bbox 434 841 603 882; x_wconf 87' lang='lat' dir='ltr'>Mittere</span> <span class='ocrx_word' id='word_1_50' title='bbox 622 855 699 895; x_wconf 90' lang='lat' dir='ltr'>pro</span> <span class='ocrx_word' id='word_1_51' title='bbox 719 840 820 881; x_wconf 83' lang='lat' dir='ltr'>facie</span> <span class='ocrx_word' id='word_1_52' title='bbox 839 841 1050 895; x_wconf 64' lang='lat' dir='ltr'>praeclara,</span> <span class='ocrx_word' id='word_1_53' title='bbox 1073 849 1115 882; x_wconf 88' lang='lat' dir='ltr'>et</span> <span class='ocrx_word' id='word_1_54' title='bbox 1135 841 1288 881; x_wconf 91' lang='lat' dir='ltr'>viribus</span> <span class='ocrx_word' id='word_1_55' title='bbox 1308 840 1465 894; x_wconf 86' lang='lat' dir='ltr'>amplis.</span> 
     </span>
    </p>
   </div>
   <div class='ocr_carea' id='block_1_8' title="bbox 435 913 1523 969">
    <p class='ocr_par' dir='ltr' id='par_1_8' title="bbox 435 913 1523 969">
     <span class='ocr_line' id='line_1_11' title="bbox 435 913 1523 969; baseline -0.002 -15"><span class='ocrx_word' id='word_1_56' title='bbox 435 913 734 969; x_wconf 86' lang='lat' dir='ltr'>AEternamque</span> <span class='ocrx_word' id='word_1_57' title='bbox 753 913 907 955; x_wconf 86' lang='lat' dir='ltr'>dabant</span> <span class='ocrx_word' id='word_1_58' title='bbox 926 915 1065 964; x_wconf 85' lang='lat' dir='ltr'>vitam,</span> <span class='ocrx_word' id='word_1_59' title='bbox 1088 915 1184 969; x_wconf 87' lang='lat' dir='ltr'>quia</span> <span class='ocrx_word' id='word_1_60' title='bbox 1203 928 1361 969; x_wconf 89' lang='lat' dir='ltr'>semper</span> <span class='ocrx_word' id='word_1_61' title='bbox 1381 926 1523 953; x_wconf 87' lang='lat' dir='ltr'>eorum</span> 
     </span>
    </p>
   </div>
   <div class='ocr_carea' id='block_1_9' title="bbox 293 1067 1011 1209">
    <p class='ocr_par' dir='ltr' id='par_1_9' title="bbox 293 1067 1011 1209">
     <span class='ocr_line' id='line_1_12' title="bbox 294 1067 1011 1108; baseline -0.004 -7"><span class='ocrx_word' id='word_1_62' title='bbox 294 1068 381 1101; x_wconf 88' lang='lat' dir='ltr'>nobis</span> <span class='ocrx_word' id='word_1_63' title='bbox 408 1068 450 1100; x_wconf 83' lang='lat' dir='ltr'>ad</span> <span class='ocrx_word' id='word_1_64' title='bbox 471 1067 612 1108; x_wconf 86' lang='lat' dir='ltr'>AEschyli</span> <span class='ocrx_word' id='word_1_65' title='bbox 634 1067 769 1098; x_wconf 85' lang='lat' dir='ltr'>Eumen.</span> <span class='ocrx_word' id='word_1_66' title='bbox 799 1071 849 1098; x_wconf 83' lang='lat'>44.</span> <span class='ocrx_word' id='word_1_67' title='bbox 874 1067 946 1098; x_wconf 80' lang='lat' dir='ltr'>lIcet</span> <span class='ocrx_word' id='word_1_68' title='bbox 974 1078 1011 1098; x_wconf 88' lang='lat' dir='ltr'>ea</span> 
     </span>
     <span class='ocr_line' id='line_1_13' title="bbox 295 1118 1009 1158; baseline -0.006 -5"><span class='ocrx_word' id='word_1_69' title='bbox 295 1121 456 1153; x_wconf 87' lang='lat' dir='ltr'>Schutzius</span> <span class='ocrx_word' id='word_1_70' title='bbox 483 1118 631 1150; x_wconf 88' lang='lat' dir='ltr'>morosior</span> <span class='ocrx_word' id='word_1_71' title='bbox 657 1118 761 1149; x_wconf 86' lang='lat' dir='ltr'>minus</span> <span class='ocrx_word' id='word_1_72' title='bbox 786 1120 901 1158; x_wconf 88' lang='lat' dir='ltr'>probet.</span> <span class='ocrx_word' id='word_1_73' title='bbox 945 1119 1009 1150; x_wconf 92' lang='lat' dir='ltr'>Lu-</span> 
     </span>
     <span class='ocr_line' id='line_1_14' title="bbox 293 1172 516 1209; baseline -0.009 -5"><span class='ocrx_word' id='word_1_74' title='bbox 293 1183 398 1209; x_wconf 81' lang='lat' dir='ltr'>canus,</span> <span class='ocrx_word' id='word_1_75' title='bbox 413 1172 432 1202; x_wconf 91' lang='lat' dir='ltr'>i.</span> <span class='ocrx_word' id='word_1_76' title='bbox 446 1175 516 1202; x_wconf 89' lang='lat'>186.</span> 
     </span>
    </p>
   </div>
   <div class='ocr_carea' id='block_1_10' title="bbox 317 1250 1009 1324">
    <p class='ocr_par' dir='ltr' id='par_1_10' title="bbox 317 1250 1009 1324">
     <span class='ocr_line' id='line_1_15' title="bbox 325 1250 934 1286; baseline -0.008 -7"><span class='ocrx_word' id='word_1_77' title='bbox 325 1257 414 1286; x_wconf 80' lang='lat' dir='ltr'>Ingens</span> <span class='ocrx_word' id='word_1_78' title='bbox 424 1253 479 1277; x_wconf 79' lang='lat' dir='ltr'>visa</span> <span class='ocrx_word' id='word_1_79' title='bbox 490 1251 552 1276; x_wconf 88' lang='lat' dir='ltr'>duci</span> <span class='ocrx_word' id='word_1_80' title='bbox 563 1251 658 1276; x_wconf 80' lang='lat' dir='ltr'>Patriae</span> <span class='ocrx_word' id='word_1_81' title='bbox 670 1250 825 1282; x_wconf 79' lang='lat' dir='ltr'>trepidantis</span> <span class='ocrx_word' id='word_1_82' title='bbox 834 1251 934 1282; x_wconf 76' lang='lat' dir='ltr'>imago,</span> 
     </span>
     <span class='ocr_line' id='line_1_16' title="bbox 317 1290 1009 1324; baseline -0.004 -6"><span class='ocrx_word' id='word_1_83' title='bbox 317 1293 394 1318; x_wconf 78' lang='lat' dir='ltr'>Clara</span> <span class='ocrx_word' id='word_1_84' title='bbox 403 1299 450 1324; x_wconf 83' lang='lat' dir='ltr'>per</span> <span class='ocrx_word' id='word_1_85' title='bbox 458 1291 608 1320; x_wconf 85' lang='lat' dir='ltr'>obscuram,</span> <span class='ocrx_word' id='word_1_86' title='bbox 616 1290 694 1314; x_wconf 80' lang='lat' dir='ltr'>vultu</span> <span class='ocrx_word' id='word_1_87' title='bbox 701 1290 881 1320; x_wconf 75' lang='lat' dir='ltr'>moestissima,</span> <span class='ocrx_word' id='word_1_88' title='bbox 890 1294 1009 1315; x_wconf 87' lang='lat' dir='ltr'>noctem.</span> 
     </span>
    </p>
   </div>
   <div class='ocr_carea' id='block_1_11' title="bbox 291 1368 1014 1915">
    <p class='ocr_par' dir='ltr' id='par_1_11' title="bbox 291 1368 1013 1558">
     <span class='ocr_line' id='line_1_17' title="bbox 293 1368 1011 1408; baseline -0.006 -6"><span class='ocrx_word' id='word_1_89' title='bbox 293 1371 446 1402; x_wconf 87' lang='lat' dir='ltr'>Heinsius</span> <span class='ocrx_word' id='word_1_90' title='bbox 461 1368 582 1399; x_wconf 87' lang='lat' dir='ltr'>volebat</span> <span class='ocrx_word' id='word_1_91' title='bbox 604 1369 739 1408; x_wconf 80' lang='lat' dir='ltr'>Lugens;</span> <span class='ocrx_word' id='word_1_92' title='bbox 764 1378 858 1408; x_wconf 90' lang='lat' dir='ltr'>quam</span> <span class='ocrx_word' id='word_1_93' title='bbox 880 1369 1011 1399; x_wconf 85' lang='lat' dir='ltr'>infelici-</span> 
     </span>
     <span class='ocr_line' id='line_1_18' title="bbox 292 1420 1013 1460; baseline -0.006 -6"><span class='ocrx_word' id='word_1_94' title='bbox 292 1430 349 1459; x_wconf 85' lang='lat' dir='ltr'>ter,</span> <span class='ocrx_word' id='word_1_95' title='bbox 380 1422 428 1452; x_wconf 77' lang='lat' dir='ltr'>vel</span> <span class='ocrx_word' id='word_1_96' title='bbox 462 1422 501 1451; x_wconf 92' lang='lat' dir='ltr'>ob</span> <span class='ocrx_word' id='word_1_97' title='bbox 529 1430 659 1460; x_wconf 85' lang='lat' dir='ltr'>sequens</span> <span class='ocrx_word' id='word_1_98' title='bbox 688 1422 885 1450; x_wconf 79' lang='lat' dir='ltr'>moestz&#39;ssima.</span> <span class='ocrx_word' id='word_1_99' title='bbox 930 1420 1013 1450; x_wconf 90' lang='lat' dir='ltr'>Vide</span> 
     </span>
     <span class='ocr_line' id='line_1_19' title="bbox 291 1473 1011 1510; baseline -0.006 -2"><span class='ocrx_word' id='word_1_100' title='bbox 291 1476 481 1510; x_wconf 87' lang='lat' dir='ltr'>Bentleium‚</span> <span class='ocrx_word' id='word_1_101' title='bbox 497 1483 570 1504; x_wconf 88' lang='lat' dir='ltr'>cum</span> <span class='ocrx_word' id='word_1_102' title='bbox 591 1473 740 1503; x_wconf 81' lang='lat' dir='ltr'>Reimaro</span> <span class='ocrx_word' id='word_1_103' title='bbox 755 1473 796 1503; x_wconf 82' lang='lat' dir='ltr'>ad</span> <span class='ocrx_word' id='word_1_104' title='bbox 811 1473 908 1504; x_wconf 87' lang='lat' dir='ltr'>Dion.</span> <span class='ocrx_word' id='word_1_105' title='bbox 927 1474 1011 1505; x_wconf 85' lang='lat' dir='ltr'>Cass.</span> 
     </span>
     <span class='ocr_line' id='line_1_20' title="bbox 292 1527 375 1558; baseline 0 -1"><span class='ocrx_word' id='word_1_106' title='bbox 292 1527 331 1558; x_wconf 88' lang='lat' dir='ltr'>lv.</span> <span class='ocrx_word' id='word_1_107' title='bbox 349 1531 375 1557; x_wconf 92' lang='lat' dir='ltr'>l.</span> 
     </span>
    </p>

    <p class='ocr_par' dir='ltr' id='par_1_12' title="bbox 292 1577 1013 1818">
     <span class='ocr_line' id='line_1_21' title="bbox 334 1577 1012 1608; baseline -0.001 0"><span class='ocrx_word' id='word_1_108' title='bbox 334 1578 408 1608; x_wconf 84' lang='lat' dir='ltr'>Ver.</span> <span class='ocrx_word' id='word_1_109' title='bbox 443 1578 532 1607; x_wconf 75' lang='lat'>1172.</span> <span class='ocrx_word' id='word_1_110' title='bbox 563 1586 692 1607; x_wconf 81' lang='lat' dir='ltr'>movere:</span> <span class='ocrx_word' id='word_1_111' title='bbox 728 1581 772 1606; x_wconf 84' lang='grc' dir='ltr'><strong>Ω.</strong></span> <span class='ocrx_word' id='word_1_112' title='bbox 801 1578 911 1607; x_wconf 79' lang='lat' dir='ltr'>videre.</span> <span class='ocrx_word' id='word_1_113' title='bbox 956 1577 1012 1607; x_wconf 84' lang='lat' dir='ltr'>An</span> 
     </span>
     <span class='ocr_line' id='line_1_22' title="bbox 292 1627 1012 1670; baseline -0.001 -11"><span class='ocrx_word' id='word_1_114' title='bbox 292 1639 348 1670; x_wconf 89' lang='lat' dir='ltr'>pro</span> <span class='ocrx_word' id='word_1_115' title='bbox 372 1631 478 1669; x_wconf 82' lang='lat' dir='ltr'>vigere,</span> <span class='ocrx_word' id='word_1_116' title='bbox 508 1627 593 1668; x_wconf 89' lang='lat' dir='ltr'>quod</span> <span class='ocrx_word' id='word_1_117' title='bbox 615 1627 721 1658; x_wconf 78' lang='lat' dir='ltr'>leviter</span> <span class='ocrx_word' id='word_1_118' title='bbox 749 1627 905 1658; x_wconf 81' lang='lat' dir='ltr'>deflexum</span> <span class='ocrx_word' id='word_1_119' title='bbox 927 1628 965 1658; x_wconf 82' lang='lat' dir='ltr'>sit</span> <span class='ocrx_word' id='word_1_120' title='bbox 994 1639 1012 1658; x_wconf 86' lang='lat' dir='ltr'>a</span> 
     </span>
     <span class='ocr_line' id='line_1_23' title="bbox 292 1678 1013 1719; baseline -0.001 -9"><span class='ocrx_word' id='word_1_121' title='bbox 292 1679 411 1711; x_wconf 68' lang='lat' dir='ltr'>sincera</span> <span class='ocrx_word' id='word_1_122' title='bbox 440 1679 579 1710; x_wconf 83' lang='lat' dir='ltr'>Lucretii</span> <span class='ocrx_word' id='word_1_123' title='bbox 607 1678 755 1718; x_wconf 62' lang='lat' dir='ltr'>scriptura</span> <span class='ocrx_word' id='word_1_124' title='bbox 775 1689 892 1718; x_wconf 82' lang='lat' dir='ltr'>vegere;</span> <span class='ocrx_word' id='word_1_125' title='bbox 923 1679 1013 1719; x_wconf 88' lang='lat' dir='ltr'>cujus</span> 
     </span>
     <span class='ocr_line' id='line_1_24' title="bbox 292 1730 1011 1772; baseline -0.004 -10"><span class='ocrx_word' id='word_1_126' title='bbox 292 1731 421 1772; x_wconf 83' lang='lat' dir='ltr'>proinde</span> <span class='ocrx_word' id='word_1_127' title='bbox 438 1731 600 1771; x_wconf 82' lang='lat' dir='ltr'>vulgatum</span> <span class='ocrx_word' id='word_1_128' title='bbox 623 1741 734 1761; x_wconf 83' lang='lat' dir='ltr'>movere</span> <span class='ocrx_word' id='word_1_129' title='bbox 757 1730 1011 1768; x_wconf 83' lang='lat' dir='ltr'>interpretamen-</span> 
     </span>
     <span class='ocr_line' id='line_1_25' title="bbox 293 1781 954 1818; baseline -0.003 -4"><span class='ocrx_word' id='word_1_130' title='bbox 293 1789 362 1814; x_wconf 88' lang='lat' dir='ltr'>tum</span> <span class='ocrx_word' id='word_1_131' title='bbox 378 1782 488 1813; x_wconf 83' lang='lat' dir='ltr'>fuerit?</span> <span class='ocrx_word' id='word_1_132' title='bbox 514 1781 596 1812; x_wconf 79' lang='lat' dir='ltr'>Vide</span> <span class='ocrx_word' id='word_1_133' title='bbox 613 1781 766 1818; x_wconf 87' lang='lat' dir='ltr'>Nonium,</span> <span class='ocrx_word' id='word_1_134' title='bbox 782 1781 822 1810; x_wconf 89' lang='lat' dir='ltr'>ad</span> <span class='ocrx_word' id='word_1_135' title='bbox 836 1781 867 1811; x_wconf 85' lang='lat' dir='ltr'>ii.</span> <span class='ocrx_word' id='word_1_136' title='bbox 883 1785 954 1812; x_wconf 91' lang='lat'>876.</span> 
     </span>
    </p>

    <p class='ocr_par' dir='ltr' id='par_1_13' title="bbox 293 1831 1014 1915">
     <span class='ocr_line' id='line_1_26' title="bbox 338 1831 1014 1872; baseline 0 -9"><span class='ocrx_word' id='word_1_137' title='bbox 338 1833 418 1863; x_wconf 88' lang='lat' dir='ltr'>Ibid.</span> <span class='ocrx_word' id='word_1_138' title='bbox 440 1843 520 1864; x_wconf 81' lang='lat' dir='ltr'>voces</span> <span class='ocrx_word' id='word_1_139' title='bbox 541 1833 692 1872; x_wconf 78' lang='lat' dir='ltr'>superbas.</span> <span class='ocrx_word' id='word_1_140' title='bbox 737 1831 839 1867; x_wconf 86' lang='lat' dir='ltr'>Maro,</span> <span class='ocrx_word' id='word_1_141' title='bbox 865 1831 939 1862; x_wconf 88' lang='lat' dir='ltr'>AEn.</span> <span class='ocrx_word' id='word_1_142' title='bbox 963 1832 1014 1864; x_wconf 85' lang='lat' dir='ltr'>vii.</span> 
     </span>
     <span class='ocr_line' id='line_1_27' title="bbox 293 1886 364 1915; baseline -0.014 0"><span class='ocrx_word' id='word_1_143' title='bbox 293 1886 364 1915; x_wconf 84' lang='lat'>544.</span> 
     </span>
    </p>
   </div>
   <div class='ocr_carea' id='block_1_12' title="bbox 370 1953 934 1988">
    <p class='ocr_par' dir='ltr' id='par_1_14' title="bbox 370 1953 934 1988">
     <span class='ocr_line' id='line_1_28' title="bbox 370 1953 934 1988; baseline -0.004 -8"><span class='ocrx_word' id='word_1_144' title='bbox 370 1957 504 1988; x_wconf 87' lang='lat' dir='ltr'>Junonem</span> <span class='ocrx_word' id='word_1_145' title='bbox 516 1955 617 1980; x_wconf 82' lang='lat' dir='ltr'>victrix</span> <span class='ocrx_word' id='word_1_146' title='bbox 628 1953 735 1979; x_wconf 81' lang='lat' dir='ltr'>adfatur</span> <span class='ocrx_word' id='word_1_147' title='bbox 744 1961 808 1978; x_wconf 72' lang='lat' dir='ltr'>voce</span> <span class='ocrx_word' id='word_1_148' title='bbox 818 1955 934 1986; x_wconf 61' lang='lat' dir='ltr'>superba.</span> 
     </span>
    </p>
   </div>
   <div class='ocr_carea' id='block_1_13' title="bbox 293 2023 1017 2825">
    <p class='ocr_par' dir='ltr' id='par_1_15' title="bbox 293 2023 1017 2372">
     <span class='ocr_line' id='line_1_29' title="bbox 335 2023 1013 2064; baseline 0.001 -10"><span class='ocrx_word' id='word_1_149' title='bbox 335 2025 410 2055; x_wconf 78' lang='lat' dir='ltr'>Ver.</span> <span class='ocrx_word' id='word_1_150' title='bbox 441 2027 532 2055; x_wconf 85' lang='lat'>1173.</span> <span class='ocrx_word' id='word_1_151' title='bbox 552 2023 642 2064; x_wconf 76' lang='lat' dir='ltr'>facie</span> <span class='ocrx_word' id='word_1_152' title='bbox 666 2023 819 2062; x_wconf 68' lang='lat' dir='ltr'>proeclard</span> <span class='ocrx_word' id='word_1_153' title='bbox 844 2030 871 2054; x_wconf 82' lang='lat' dir='ltr'>et</span> <span class='ocrx_word' id='word_1_154' title='bbox 900 2025 1013 2055; x_wconf 79' lang='lat' dir='ltr'>viribus</span> 
     </span>
     <span class='ocr_line' id='line_1_30' title="bbox 293 2073 1012 2116; baseline -0.003 -10"><span class='ocrx_word' id='word_1_155' title='bbox 293 2077 410 2116; x_wconf 81' lang='lat' dir='ltr'>amplis.</span> <span class='ocrx_word' id='word_1_156' title='bbox 457 2074 630 2111; x_wconf 82' lang='lat' dir='ltr'>Sallustius,</span> <span class='ocrx_word' id='word_1_157' title='bbox 646 2074 723 2113; x_wconf 87' lang='lat' dir='ltr'>Jug.</span> <span class='ocrx_word' id='word_1_158' title='bbox 738 2073 768 2103; x_wconf 88' lang='lat' dir='ltr'>ii.</span> <span class='ocrx_word' id='word_1_159' title='bbox 785 2077 814 2104; x_wconf 82' lang='lat'>2.</span> <span class='ocrx_word' id='word_1_160' title='bbox 859 2077 880 2092; x_wconf 91' lang='lat'><strong>“</strong></span> <span class='ocrx_word' id='word_1_161' title='bbox 898 2074 1012 2114; x_wconf 84' lang='lat' dir='ltr'>Igitur,</span> 
     </span>
     <span class='ocr_line' id='line_1_31' title="bbox 295 2125 1014 2168; baseline -0.001 -10"><span class='ocrx_word' id='word_1_162' title='bbox 295 2131 316 2147; x_wconf 89' lang='lat'><strong>“</strong></span> <span class='ocrx_word' id='word_1_163' title='bbox 329 2129 482 2168; x_wconf 83' lang='lat' dir='ltr'>praeclara</span> <span class='ocrx_word' id='word_1_164' title='bbox 491 2126 606 2167; x_wconf 84' lang='lat' dir='ltr'>facies,</span> <span class='ocrx_word' id='word_1_165' title='bbox 622 2136 745 2166; x_wconf 84' lang='lat' dir='ltr'>maguae</span> <span class='ocrx_word' id='word_1_166' title='bbox 761 2125 887 2162; x_wconf 75' lang='lat' dir='ltr'>divitia»,</span> <span class='ocrx_word' id='word_1_167' title='bbox 901 2126 941 2157; x_wconf 88' lang='lat' dir='ltr'>ad</span> <span class='ocrx_word' id='word_1_168' title='bbox 955 2127 1014 2157; x_wconf 90' lang='lat' dir='ltr'>hoc</span> 
     </span>
     <span class='ocr_line' id='line_1_32' title="bbox 295 2176 1012 2218; baseline -0.001 -10"><span class='ocrx_word' id='word_1_169' title='bbox 295 2181 318 2197; x_wconf 87' lang='lat'><strong>“</strong></span> <span class='ocrx_word' id='word_1_170' title='bbox 334 2178 379 2208; x_wconf 91' lang='lat' dir='ltr'>vis</span> <span class='ocrx_word' id='word_1_171' title='bbox 400 2177 546 2218; x_wconf 79' lang='lat' dir='ltr'>corporiS,</span> <span class='ocrx_word' id='word_1_172' title='bbox 578 2177 638 2207; x_wconf 87' lang='lat' dir='ltr'>alia</span> <span class='ocrx_word' id='word_1_173' title='bbox 659 2176 873 2217; x_wconf 75' lang='lat' dir='ltr'>hujuscemodi</span> <span class='ocrx_word' id='word_1_174' title='bbox 895 2177 1012 2215; x_wconf 86' lang='lat' dir='ltr'>omnia,</span> 
     </span>
     <span class='ocr_line' id='line_1_33' title="bbox 294 2228 1017 2269; baseline -0.003 -9"><span class='ocrx_word' id='word_1_175' title='bbox 294 2232 317 2250; x_wconf 87' lang='lat'><strong>“</strong></span> <span class='ocrx_word' id='word_1_176' title='bbox 333 2229 416 2260; x_wconf 84' lang='lat' dir='ltr'>brevi</span> <span class='ocrx_word' id='word_1_177' title='bbox 431 2228 649 2260; x_wconf 84' lang='lat' dir='ltr'>dilabuntur:”</span> <span class='ocrx_word' id='word_1_178' title='bbox 665 2228 685 2258; x_wconf 87' lang='lat' dir='ltr'>i.</span> <span class='ocrx_word' id='word_1_179' title='bbox 702 2238 728 2259; x_wconf 89' lang='lat' dir='ltr'>e.</span> <span class='ocrx_word' id='word_1_180' title='bbox 745 2230 900 2269; x_wconf 68' lang='lat' dir='ltr'>dfflluunt.</span> <span class='ocrx_word' id='word_1_181' title='bbox 925 2228 1017 2259; x_wconf 90' lang='lat' dir='ltr'>Unus</span> 
     </span>
     <span class='ocr_line' id='line_1_34' title="bbox 293 2279 1016 2320; baseline -0.003 -8"><span class='ocrx_word' id='word_1_182' title='bbox 293 2282 397 2318; x_wconf 85' lang='lat' dir='ltr'>codex,</span> <span class='ocrx_word' id='word_1_183' title='bbox 414 2283 611 2318; x_wconf 81' lang='lat' dir='ltr'>delabuntur;</span> <span class='ocrx_word' id='word_1_184' title='bbox 628 2280 772 2320; x_wconf 86' lang='lat' dir='ltr'>pessime,</span> <span class='ocrx_word' id='word_1_185' title='bbox 791 2279 897 2310; x_wconf 90' lang='lat' dir='ltr'>Cortio</span> <span class='ocrx_word' id='word_1_186' title='bbox 911 2286 1016 2310; x_wconf 76' lang='lat' dir='ltr'>tamen</span> 
     </span>
     <span class='ocr_line' id='line_1_35' title="bbox 294 2331 902 2372; baseline -0.003 -9"><span class='ocrx_word' id='word_1_187' title='bbox 294 2343 358 2363; x_wconf 87' lang='lat' dir='ltr'>non</span> <span class='ocrx_word' id='word_1_188' title='bbox 374 2333 574 2372; x_wconf 83' lang='lat' dir='ltr'>improbante.</span> <span class='ocrx_word' id='word_1_189' title='bbox 620 2331 685 2362; x_wconf 90' lang='lat' dir='ltr'>Adi</span> <span class='ocrx_word' id='word_1_190' title='bbox 700 2332 741 2361; x_wconf 90' lang='lat' dir='ltr'>sis</span> <span class='ocrx_word' id='word_1_191' title='bbox 755 2332 793 2361; x_wconf 90' lang='lat' dir='ltr'>iv.</span> <span class='ocrx_word' id='word_1_192' title='bbox 812 2334 902 2363; x_wconf 88' lang='grc'><strong>1116.</strong></span> 
     </span>
    </p>

    <p class='ocr_par' dir='ltr' id='par_1_16' title="bbox 294 2382 1015 2825">
     <span class='ocr_line' id='line_1_36' title="bbox 337 2382 1010 2418; baseline -0.001 -5"><span class='ocrx_word' id='word_1_193' title='bbox 337 2384 412 2414; x_wconf 85' lang='lat' dir='ltr'>Ver.</span> <span class='ocrx_word' id='word_1_194' title='bbox 430 2387 520 2415; x_wconf 89' lang='lat'>1176.</span> <span class='ocrx_word' id='word_1_195' title='bbox 545 2384 587 2414; x_wconf 76' lang='lat' dir='ltr'>Et</span> <span class='ocrx_word' id='word_1_196' title='bbox 611 2389 720 2414; x_wconf 82' lang='lat' dir='ltr'>tamen.</span> <span class='ocrx_word' id='word_1_197' title='bbox 766 2382 863 2418; x_wconf 82' lang='lat' dir='ltr'>Quasi</span> <span class='ocrx_word' id='word_1_198' title='bbox 885 2382 1010 2413; x_wconf 80' lang='lat' dir='ltr'>dixerit:</span> 
     </span>
     <span class='ocr_line' id='line_1_37' title="bbox 295 2434 1014 2475; baseline -0.001 -9"><span class='ocrx_word' id='word_1_199' title='bbox 295 2438 318 2454; x_wconf 85' lang='lat'><strong>“</strong></span> <span class='ocrx_word' id='word_1_200' title='bbox 335 2437 377 2466; x_wconf 82' lang='lat' dir='ltr'>Et</span> <span class='ocrx_word' id='word_1_201' title='bbox 393 2442 504 2471; x_wconf 82' lang='lat' dir='ltr'>tamen,</span> <span class='ocrx_word' id='word_1_202' title='bbox 528 2435 575 2465; x_wconf 88' lang='lat' dir='ltr'>vel</span> <span class='ocrx_word' id='word_1_203' title='bbox 590 2436 629 2465; x_wconf 94' lang='lat' dir='ltr'>ob</span> <span class='ocrx_word' id='word_1_204' title='bbox 646 2434 797 2464; x_wconf 87' lang='lat' dir='ltr'>rationem</span> <span class='ocrx_word' id='word_1_205' title='bbox 813 2434 922 2473; x_wconf 83' lang='lat' dir='ltr'>solam,</span> <span class='ocrx_word' id='word_1_206' title='bbox 945 2446 1014 2475; x_wconf 89' lang='lat' dir='ltr'>quae</span> 
     </span>
     <span class='ocr_line' id='line_1_38' title="bbox 295 2485 1014 2528; baseline -0.001 -11"><span class='ocrx_word' id='word_1_207' title='bbox 295 2489 319 2505; x_wconf 89' lang='grc'><strong>“</strong></span> <span class='ocrx_word' id='word_1_208' title='bbox 333 2487 484 2528; x_wconf 88' lang='lat' dir='ltr'>sequitur,</span> <span class='ocrx_word' id='word_1_209' title='bbox 507 2486 569 2517; x_wconf 87' lang='lat' dir='ltr'>illis</span> <span class='ocrx_word' id='word_1_210' title='bbox 583 2491 731 2516; x_wconf 85' lang='lat' dir='ltr'>aeternam</span> <span class='ocrx_word' id='word_1_211' title='bbox 747 2487 841 2516; x_wconf 83' lang='lat' dir='ltr'>vitam</span> <span class='ocrx_word' id='word_1_212' title='bbox 858 2485 945 2516; x_wconf 86' lang='lat' dir='ltr'>facile</span> <span class='ocrx_word' id='word_1_213' title='bbox 960 2486 1014 2516; x_wconf 90' lang='lat' dir='ltr'>tri-</span> 
     </span>
     <span class='ocr_line' id='line_1_39' title="bbox 296 2537 1015 2579; baseline -0.001 -10"><span class='ocrx_word' id='word_1_214' title='bbox 296 2541 319 2557; x_wconf 92' lang='lat'><strong><em>“</em></strong></span> <span class='ocrx_word' id='word_1_215' title='bbox 335 2540 478 2577; x_wconf 87' lang='lat' dir='ltr'>buerent;</span> <span class='ocrx_word' id='word_1_216' title='bbox 496 2549 535 2569; x_wconf 89' lang='lat' dir='ltr'>ne</span> <span class='ocrx_word' id='word_1_217' title='bbox 546 2538 726 2579; x_wconf 84' lang='lat' dir='ltr'>confugiam</span> <span class='ocrx_word' id='word_1_218' title='bbox 740 2537 780 2568; x_wconf 87' lang='lat' dir='ltr'>ad</span> <span class='ocrx_word' id='word_1_219' title='bbox 791 2537 1015 2577; x_wconf 69' lang='lat' dir='ltr'>praecedentem</span> 
     </span>
     <span class='ocr_line' id='line_1_40' title="bbox 296 2589 1013 2621; baseline -0.001 0"><span class='ocrx_word' id='word_1_220' title='bbox 296 2593 319 2609; x_wconf 89' lang='lat'><strong>“</strong></span> <span class='ocrx_word' id='word_1_221' title='bbox 335 2590 505 2621; x_wconf 83' lang='lat' dir='ltr'>caussam.”</span> <span class='ocrx_word' id='word_1_222' title='bbox 551 2591 681 2621; x_wconf 88' lang='lat' dir='ltr'>Prorsus</span> <span class='ocrx_word' id='word_1_223' title='bbox 696 2589 804 2620; x_wconf 85' lang='lat' dir='ltr'>eodem</span> <span class='ocrx_word' id='word_1_224' title='bbox 820 2589 914 2620; x_wconf 90' lang='lat' dir='ltr'>modo</span> <span class='ocrx_word' id='word_1_225' title='bbox 928 2589 1013 2620; x_wconf 91' lang='lat' dir='ltr'>locu·</span> 
     </span>
     <span class='ocr_line' id='line_1_41' title="bbox 294 2641 1014 2681; baseline -0.001 -10"><span class='ocrx_word' id='word_1_226' title='bbox 294 2646 345 2671; x_wconf 82' lang='lat' dir='ltr'>tus</span> <span class='ocrx_word' id='word_1_227' title='bbox 360 2647 405 2671; x_wconf 85' lang='lat' dir='ltr'>est</span> <span class='ocrx_word' id='word_1_228' title='bbox 419 2642 509 2680; x_wconf 78' lang='lat' dir='ltr'>po&#39;eta</span> <span class='ocrx_word' id='word_1_229' title='bbox 520 2641 669 2680; x_wconf 87' lang='lat' dir='ltr'>superius,</span> <span class='ocrx_word' id='word_1_230' title='bbox 681 2641 721 2671; x_wconf 87' lang='lat' dir='ltr'>ad</span> <span class='ocrx_word' id='word_1_231' title='bbox 731 2651 791 2670; x_wconf 69' lang='lat' dir='ltr'>ver.</span> <span class='ocrx_word' id='word_1_232' title='bbox 804 2644 894 2671; x_wconf 77' lang='lat'>1124.</span> <span class='ocrx_word' id='word_1_233' title='bbox 917 2641 1014 2681; x_wconf 88' lang='lat' dir='ltr'>Ergo,</span> 
     </span>
     <span class='ocr_line' id='line_1_42' title="bbox 295 2691 1015 2722; baseline 0.001 -2"><span class='ocrx_word' id='word_1_234' title='bbox 295 2691 424 2722; x_wconf 86' lang='lat' dir='ltr'>libenter</span> <span class='ocrx_word' id='word_1_235' title='bbox 432 2692 629 2722; x_wconf 81' lang='lat' dir='ltr'>valedicimus</span> <span class='ocrx_word' id='word_1_236' title='bbox 638 2691 850 2722; x_wconf 82' lang='lat' dir='ltr'>insulsissimis</span> <span class='ocrx_word' id='word_1_237' title='bbox 861 2691 1015 2721; x_wconf 78' lang='lat' dir='ltr'>editorum</span> 
     </span>
     <span class='ocr_line' id='line_1_43' title="bbox 295 2743 1014 2780; baseline 0.001 -9"><span class='ocrx_word' id='word_1_238' title='bbox 295 2744 545 2780; x_wconf 78' lang='lat' dir='ltr'>correctionibus,</span> <span class='ocrx_word' id='word_1_239' title='bbox 569 2744 612 2774; x_wconf 89' lang='lat' dir='ltr'>sic</span> <span class='ocrx_word' id='word_1_240' title='bbox 634 2750 740 2774; x_wconf 85' lang='lat' dir='ltr'>contra</span> <span class='ocrx_word' id='word_1_241' title='bbox 762 2749 896 2773; x_wconf 85' lang='lat' dir='ltr'>vetustos</span> <span class='ocrx_word' id='word_1_242' title='bbox 921 2743 1014 2773; x_wconf 88' lang='lat' dir='ltr'>libros</span> 
     </span>
     <span class='ocr_line' id='line_1_44' title="bbox 296 2794 876 2825; baseline 0.005 -4"><span class='ocrx_word' id='word_1_243' title='bbox 296 2801 417 2822; x_wconf 87' lang='lat' dir='ltr'>versum</span> <span class='ocrx_word' id='word_1_244' title='bbox 432 2795 591 2824; x_wconf 88' lang='lat' dir='ltr'>arbitrario</span> <span class='ocrx_word' id='word_1_245' title='bbox 605 2794 876 2825; x_wconf 82' lang='lat' dir='ltr'>constituentium:</span> 
     </span>
    </p>
   </div>
   <div class='ocr_carea' id='block_1_14' title="bbox 315 2867 1011 2899">
    <p class='ocr_par' dir='ltr' id='par_1_17' title="bbox 315 2867 1011 2899">
     <span class='ocr_line' id='line_1_45' title="bbox 315 2867 1011 2899; baseline 0.001 -9"><span class='ocrx_word' id='word_1_246' title='bbox 315 2867 357 2898; x_wconf 80' lang='lat' dir='ltr'>(Et</span> <span class='ocrx_word' id='word_1_247' title='bbox 367 2869 450 2891; x_wconf 84' lang='lat' dir='ltr'>manet</span> <span class='ocrx_word' id='word_1_248' title='bbox 461 2867 581 2897; x_wconf 79' lang='lat' dir='ltr'>omnino)</span> <span class='ocrx_word' id='word_1_249' title='bbox 594 2871 616 2892; x_wconf 71' lang='lat' dir='ltr'>et</span> <span class='ocrx_word' id='word_1_250' title='bbox 627 2870 699 2899; x_wconf 84' lang='lat' dir='ltr'>quod</span> <span class='ocrx_word' id='word_1_251' title='bbox 711 2868 790 2893; x_wconf 81' lang='lat' dir='ltr'>tantis</span> <span class='ocrx_word' id='word_1_252' title='bbox 803 2868 900 2893; x_wconf 86' lang='lat' dir='ltr'>viribus</span> <span class='ocrx_word' id='word_1_253' title='bbox 911 2871 1011 2893; x_wconf 83' lang='lat' dir='ltr'>auctos.</span> 
     </span>
    </p>
   </div>
   <div class='ocr_carea' id='block_1_15' title="bbox 1054 1062 1777 1207">
    <p class='ocr_par' dir='ltr' id='par_1_18' title="bbox 1054 1062 1777 1207">
     <span class='ocr_line' id='line_1_46' title="bbox 1055 1062 1776 1105; baseline -0.001 -8"><span class='ocrx_word' id='word_1_254' title='bbox 1055 1068 1134 1103; x_wconf 84' lang='lat' dir='ltr'>Quae</span> <span class='ocrx_word' id='word_1_255' title='bbox 1150 1071 1223 1097; x_wconf 78' lang='lat' dir='ltr'>sunt</span> <span class='ocrx_word' id='word_1_256' title='bbox 1241 1065 1356 1096; x_wconf 88' lang='lat' dir='ltr'>Gratiis</span> <span class='ocrx_word' id='word_1_257' title='bbox 1367 1062 1611 1105; x_wconf 87' lang='lat' dir='ltr'>indignabundis</span> <span class='ocrx_word' id='word_1_258' title='bbox 1619 1063 1776 1100; x_wconf 76' lang='lat' dir='ltr'>fabricata,</span> 
     </span>
     <span class='ocr_line' id='line_1_47' title="bbox 1099 1115 1777 1148; baseline 0 0"><span class='ocrx_word' id='word_1_259' title='bbox 1099 1118 1178 1148; x_wconf 83' lang='lat' dir='ltr'>Ibid.</span> <span class='ocrx_word' id='word_1_260' title='bbox 1207 1119 1321 1148; x_wconf 83' lang='lat' dir='ltr'>viribus</span> <span class='ocrx_word' id='word_1_261' title='bbox 1343 1123 1455 1148; x_wconf 77' lang='lat' dir='ltr'>auctos.</span> <span class='ocrx_word' id='word_1_262' title='bbox 1500 1115 1600 1146; x_wconf 91' lang='lat' dir='ltr'>Haud</span> <span class='ocrx_word' id='word_1_263' title='bbox 1628 1116 1777 1148; x_wconf 68' lang='lat' dir='ltr'>absimilis</span> 
     </span>
     <span class='ocr_line' id='line_1_48' title="bbox 1054 1166 1682 1207; baseline 0.002 -9"><span class='ocrx_word' id='word_1_264' title='bbox 1054 1175 1099 1198; x_wconf 90' lang='lat' dir='ltr'>est</span> <span class='ocrx_word' id='word_1_265' title='bbox 1114 1168 1232 1207; x_wconf 87' lang='lat' dir='ltr'>phrasis</span> <span class='ocrx_word' id='word_1_266' title='bbox 1247 1167 1300 1198; x_wconf 86' lang='lat' dir='ltr'>illa</span> <span class='ocrx_word' id='word_1_267' title='bbox 1316 1167 1487 1206; x_wconf 86' lang='lat' dir='ltr'>Homerea,</span> <span class='ocrx_word' id='word_1_268' title='bbox 1505 1166 1543 1197; x_wconf 91' lang='lat'>11.</span> <span class='ocrx_word' id='word_1_269' title='bbox 1559 1173 1593 1198; x_wconf 78' lang='lat' dir='ltr'>A.</span> <span class='ocrx_word' id='word_1_270' title='bbox 1609 1169 1682 1199; x_wconf 85' lang='lat'>510.</span> 
     </span>
    </p>
   </div>
   <div class='ocr_carea' id='block_1_16' title="bbox 1132 1257 1324 1266">
    <p class='ocr_par' dir='ltr' id='par_1_19' title="bbox 1132 1257 1324 1266">
     <span class='ocr_line' id='line_1_49' title="bbox 1132 1257 1324 1266; baseline 0 0"><span class='ocrx_word' id='word_1_271' title='bbox 1132 1257 1324 1266; x_wconf 95' lang='lat' dir='ltr'> </span> 
     </span>
    </p>
   </div>
   <div class='ocr_carea' id='block_1_17' title="bbox 1335 1243 1693 1286">
    <p class='ocr_par' dir='ltr' id='par_1_20' title="bbox 1335 1243 1693 1286">
     <span class='ocr_line' id='line_1_50' title="bbox 1335 1243 1693 1286; baseline 0.003 -16"><span class='ocrx_word' id='word_1_272' title='bbox 1335 1245 1518 1270; x_wconf 83' lang='grc' dir='ltr'><strong>ΟΦΕΛΛΩΣΙ</strong></span> <span class='ocrx_word' id='word_1_273' title='bbox 1530 1243 1575 1270; x_wconf 63' lang='lat' dir='ltr'>‘rei</span> <span class='ocrx_word' id='word_1_274' title='bbox 1587 1246 1693 1286; x_wconf 63' lang='grc' dir='ltr'><strong>ΤΙΜῌ.</strong></span> 
     </span>
    </p>
   </div>
   <div class='ocr_carea' id='block_1_18' title="bbox 1054 1319 1776 1913">
    <p class='ocr_par' dir='ltr' id='par_1_21' title="bbox 1054 1319 1626 1360">
     <span class='ocr_line' id='line_1_51' title="bbox 1054 1319 1626 1360; baseline -0.003 -9"><span class='ocrx_word' id='word_1_275' title='bbox 1054 1327 1233 1360; x_wconf 75' lang='grc' dir='ltr'><strong><em>Οφελλωσιν·</em></strong></span> <span class='ocrx_word' id='word_1_276' title='bbox 1251 1321 1416 1359; x_wconf 50' lang='lat' dir='ltr'>magnonem:</span> <span class='ocrx_word' id='word_1_277' title='bbox 1442 1319 1626 1350; x_wconf 75' lang='lat' dir='ltr'>scholiastes.</span> 
     </span>
    </p>

    <p class='ocr_par' dir='ltr' id='par_1_22' title="bbox 1054 1369 1775 1508">
     <span class='ocr_line' id='line_1_52' title="bbox 1099 1369 1775 1412; baseline 0 -11"><span class='ocrx_word' id='word_1_278' title='bbox 1099 1371 1170 1401; x_wconf 83' lang='lat' dir='ltr'>Ver.</span> <span class='ocrx_word' id='word_1_279' title='bbox 1189 1373 1281 1401; x_wconf 89' lang='lat'>1177.</span> <span class='ocrx_word' id='word_1_280' title='bbox 1304 1369 1366 1401; x_wconf 77' lang='lat' dir='ltr'>ullci</span> <span class='ocrx_word' id='word_1_281' title='bbox 1383 1372 1424 1401; x_wconf 84' lang='lat' dir='ltr'>vi.-</span> <span class='ocrx_word' id='word_1_282' title='bbox 1451 1370 1546 1401; x_wconf 88' lang='lat' dir='ltr'>Vind.</span> <span class='ocrx_word' id='word_1_283' title='bbox 1563 1370 1604 1400; x_wconf 92' lang='lat' dir='ltr'>V.</span> <span class='ocrx_word' id='word_1_284' title='bbox 1620 1369 1669 1400; x_wconf 86' lang='lat' dir='ltr'>ed.</span> <span class='ocrx_word' id='word_1_285' title='bbox 1695 1370 1775 1412; x_wconf 68' lang='lat' dir='ltr'>(una</span> 
     </span>
     <span class='ocr_line' id='line_1_53' title="bbox 1057 1421 1775 1463; baseline 0.001 -12"><span class='ocrx_word' id='word_1_286' title='bbox 1057 1427 1161 1451; x_wconf 83' lang='lat' dir='ltr'>tamen</span> <span class='ocrx_word' id='word_1_287' title='bbox 1173 1421 1334 1462; x_wconf 82' lang='lat' dir='ltr'>vulgatum</span> <span class='ocrx_word' id='word_1_288' title='bbox 1350 1422 1417 1451; x_wconf 83' lang='lat' dir='ltr'>haec</span> <span class='ocrx_word' id='word_1_289' title='bbox 1431 1422 1525 1451; x_wconf 84' lang='lat' dir='ltr'>habet</span> <span class='ocrx_word' id='word_1_290' title='bbox 1538 1431 1594 1461; x_wconf 90' lang='lat' dir='ltr'>pro</span> <span class='ocrx_word' id='word_1_291' title='bbox 1607 1431 1669 1452; x_wconf 84' lang='lat' dir='ltr'>var.</span> <span class='ocrx_word' id='word_1_292' title='bbox 1685 1421 1775 1463; x_wconf 87' lang='lat' dir='ltr'>lect.)</span> 
     </span>
     <span class='ocr_line' id='line_1_54' title="bbox 1054 1471 1647 1508; baseline 0.002 -5"><span class='ocrx_word' id='word_1_293' title='bbox 1054 1473 1091 1503; x_wconf 93' lang='lat' dir='ltr'>L.</span> <span class='ocrx_word' id='word_1_294' title='bbox 1109 1473 1156 1503; x_wconf 87' lang='lat' dir='ltr'>M.</span> <span class='ocrx_word' id='word_1_295' title='bbox 1173 1478 1210 1504; x_wconf 91' lang='grc' dir='ltr'><strong>Δ.</strong></span> <span class='ocrx_word' id='word_1_296' title='bbox 1226 1478 1260 1504; x_wconf 83' lang='grc' dir='ltr'><strong>Σ.</strong></span> <span class='ocrx_word' id='word_1_297' title='bbox 1284 1471 1338 1503; x_wconf 73' lang='lat' dir='ltr'>illd</span> <span class='ocrx_word' id='word_1_298' title='bbox 1354 1475 1400 1508; x_wconf 87' lang='lat' dir='ltr'>vi;</span> <span class='ocrx_word' id='word_1_299' title='bbox 1428 1472 1467 1503; x_wconf 92' lang='lat' dir='ltr'>O.</span> <span class='ocrx_word' id='word_1_300' title='bbox 1487 1479 1530 1503; x_wconf 85' lang='grc' dir='ltr'><strong>Ω.</strong></span> <span class='ocrx_word' id='word_1_301' title='bbox 1553 1474 1647 1504; x_wconf 79' lang='lat' dir='ltr'>illabi.</span> 
     </span>
    </p>

    <p class='ocr_par' dir='ltr' id='par_1_23' title="bbox 1055 1523 1776 1669">
     <span class='ocr_line' id='line_1_55' title="bbox 1098 1523 1776 1555; baseline 0.001 -1"><span class='ocrx_word' id='word_1_302' title='bbox 1098 1525 1172 1555; x_wconf 90' lang='lat' dir='ltr'>Ver.</span> <span class='ocrx_word' id='word_1_303' title='bbox 1199 1527 1291 1555; x_wconf 82' lang='lat'>1178.</span> <span class='ocrx_word' id='word_1_304' title='bbox 1322 1523 1526 1554; x_wconf 87' lang='lat' dir='ltr'>Desideratur</span> <span class='ocrx_word' id='word_1_305' title='bbox 1550 1533 1656 1554; x_wconf 87' lang='lat' dir='ltr'>versus</span> <span class='ocrx_word' id='word_1_306' title='bbox 1677 1523 1710 1554; x_wconf 92' lang='lat' dir='ltr'>in</span> <span class='ocrx_word' id='word_1_307' title='bbox 1740 1526 1776 1555; x_wconf 90' lang='grc' dir='ltr'><strong>Δ.</strong></span> 
     </span>
     <span class='ocr_line' id='line_1_56' title="bbox 1056 1575 1775 1616; baseline -0.001 -10"><span class='ocrx_word' id='word_1_308' title='bbox 1056 1576 1153 1606; x_wconf 91' lang='lat' dir='ltr'>oculis</span> <span class='ocrx_word' id='word_1_309' title='bbox 1184 1575 1300 1606; x_wconf 87' lang='lat' dir='ltr'>librarii</span> <span class='ocrx_word' id='word_1_310' title='bbox 1321 1575 1456 1615; x_wconf 86' lang='lat' dir='ltr'>deceptis</span> <span class='ocrx_word' id='word_1_311' title='bbox 1470 1575 1563 1605; x_wconf 86' lang='lat' dir='ltr'>simili</span> <span class='ocrx_word' id='word_1_312' title='bbox 1580 1575 1684 1606; x_wconf 68' lang='lat' dir='ltr'>versus</span> <span class='ocrx_word' id='word_1_313' title='bbox 1697 1585 1775 1616; x_wconf 76' lang='lat' dir='ltr'>prae-</span> 
     </span>
     <span class='ocr_line' id='line_1_57' title="bbox 1055 1628 1236 1669; baseline 0.011 -12"><span class='ocrx_word' id='word_1_314' title='bbox 1055 1629 1150 1669; x_wconf 85' lang='lat' dir='ltr'>gressi</span> <span class='ocrx_word' id='word_1_315' title='bbox 1167 1628 1236 1659; x_wconf 84' lang='lat' dir='ltr'>fine.</span> 
     </span>
    </p>

    <p class='ocr_par' dir='ltr' id='par_1_24' title="bbox 1055 1679 1776 1770">
     <span class='ocr_line' id='line_1_58' title="bbox 1108 1679 1776 1719; baseline 0.001 -10"><span class='ocrx_word' id='word_1_316' title='bbox 1108 1680 1180 1709; x_wconf 91' lang='lat' dir='ltr'>Ver.</span> <span class='ocrx_word' id='word_1_317' title='bbox 1201 1683 1290 1710; x_wconf 92' lang='lat'>1180.</span> <span class='ocrx_word' id='word_1_318' title='bbox 1311 1685 1339 1710; x_wconf 87' lang='lat' dir='ltr'>et</span> <span class='ocrx_word' id='word_1_319' title='bbox 1354 1679 1505 1719; x_wconf 87' lang='lat' dir='ltr'>posterius</span> <span class='ocrx_word' id='word_1_320' title='bbox 1519 1681 1604 1710; x_wconf 85' lang='lat' dir='ltr'>abest</span> <span class='ocrx_word' id='word_1_321' title='bbox 1618 1686 1659 1710; x_wconf 90' lang='grc' dir='ltr'><strong>Π.</strong></span> <span class='ocrx_word' id='word_1_322' title='bbox 1685 1679 1776 1710; x_wconf 89' lang='lat' dir='ltr'>Idem</span> 
     </span>
     <span class='ocr_line' id='line_1_59' title="bbox 1055 1730 1733 1770; baseline 0.001 -10"><span class='ocrx_word' id='word_1_323' title='bbox 1055 1730 1150 1761; x_wconf 89' lang='lat' dir='ltr'>codex</span> <span class='ocrx_word' id='word_1_324' title='bbox 1168 1732 1295 1761; x_wconf 78' lang='lat' dir='ltr'>multum</span> <span class='ocrx_word' id='word_1_325' title='bbox 1311 1740 1384 1760; x_wconf 85' lang='lat' dir='ltr'>mox</span> <span class='ocrx_word' id='word_1_326' title='bbox 1396 1731 1520 1770; x_wconf 74' lang='lat' dir='ltr'>praebet,</span> <span class='ocrx_word' id='word_1_327' title='bbox 1536 1740 1591 1769; x_wconf 83' lang='lat' dir='ltr'>pro</span> <span class='ocrx_word' id='word_1_328' title='bbox 1605 1731 1733 1761; x_wconf 81' lang='lat' dir='ltr'>nullum.</span> 
     </span>
    </p>

    <p class='ocr_par' dir='ltr' id='par_1_25' title="bbox 1055 1781 1775 1913">
     <span class='ocr_line' id='line_1_60' title="bbox 1098 1781 1775 1818; baseline 0.001 -6"><span class='ocrx_word' id='word_1_329' title='bbox 1098 1782 1172 1812; x_wconf 83' lang='lat' dir='ltr'>Ver.</span> <span class='ocrx_word' id='word_1_330' title='bbox 1193 1785 1281 1812; x_wconf 82' lang='lat'>1185.</span> <span class='ocrx_word' id='word_1_331' title='bbox 1304 1784 1404 1812; x_wconf 82' lang='lat' dir='ltr'>varia:</span> <span class='ocrx_word' id='word_1_332' title='bbox 1431 1781 1526 1811; x_wconf 83' lang='lat' dir='ltr'>vind.</span> <span class='ocrx_word' id='word_1_333' title='bbox 1543 1787 1578 1812; x_wconf 86' lang='grc' dir='ltr'><strong>Δ.</strong></span> <span class='ocrx_word' id='word_1_334' title='bbox 1592 1783 1710 1818; x_wconf 83' lang='lat' dir='ltr'>varias,·</span> <span class='ocrx_word' id='word_1_335' title='bbox 1735 1781 1775 1813; x_wconf 85' lang='lat' dir='ltr'>V.</span> 
     </span>
     <span class='ocr_line' id='line_1_61' title="bbox 1057 1831 1775 1865; baseline 0.003 -3"><span class='ocrx_word' id='word_1_336' title='bbox 1057 1833 1104 1862; x_wconf 87' lang='lat' dir='ltr'>ed.</span> <span class='ocrx_word' id='word_1_337' title='bbox 1120 1835 1421 1863; x_wconf 64' lang='lat' dir='ltr'>varim—annorum:</span> <span class='ocrx_word' id='word_1_338' title='bbox 1441 1836 1476 1862; x_wconf 91' lang='grc' dir='ltr'><strong>Δ.</strong></span> <span class='ocrx_word' id='word_1_339' title='bbox 1491 1834 1578 1863; x_wconf 81' lang='lat' dir='ltr'>anni.</span> <span class='ocrx_word' id='word_1_340' title='bbox 1623 1831 1718 1865; x_wconf 87' lang='lat' dir='ltr'>Unde</span> <span class='ocrx_word' id='word_1_341' title='bbox 1730 1833 1775 1864; x_wconf 79' lang='lat' dir='ltr'>sic</span> 
     </span>
     <span class='ocr_line' id='line_1_62' title="bbox 1055 1883 1258 1913; baseline -0.005 0"><span class='ocrx_word' id='word_1_342' title='bbox 1055 1889 1155 1913; x_wconf 84' lang='lat' dir='ltr'>tentes</span> <span class='ocrx_word' id='word_1_343' title='bbox 1169 1883 1258 1913; x_wconf 86' lang='lat' dir='ltr'>licet:</span> 
     </span>
    </p>
   </div>
   <div class='ocr_carea' id='block_1_19' title="bbox 1117 1963 1706 2034">
    <p class='ocr_par' dir='ltr' id='par_1_26' title="bbox 1117 1963 1706 2034">
     <span class='ocr_line' id='line_1_63' title="bbox 1117 1963 1654 1993; baseline 0 -5"><span class='ocrx_word' id='word_1_344' title='bbox 1117 1966 1259 1992; x_wconf 74' lang='lat' dir='ltr'>Praeterea,</span> <span class='ocrx_word' id='word_1_345' title='bbox 1268 1963 1332 1988; x_wconf 86' lang='lat' dir='ltr'>coeli</span> <span class='ocrx_word' id='word_1_346' title='bbox 1342 1964 1456 1989; x_wconf 80' lang='lat' dir='ltr'>rationes</span> <span class='ocrx_word' id='word_1_347' title='bbox 1467 1963 1559 1988; x_wconf 87' lang='lat' dir='ltr'>ordine</span> <span class='ocrx_word' id='word_1_348' title='bbox 1567 1967 1654 1993; x_wconf 87' lang='lat' dir='ltr'>certo,</span> 
     </span>
     <span class='ocr_line' id='line_1_64' title="bbox 1119 2001 1706 2034; baseline 0.002 -9"><span class='ocrx_word' id='word_1_349' title='bbox 1119 2003 1152 2026; x_wconf 82' lang='lat' dir='ltr'>Et</span> <span class='ocrx_word' id='word_1_350' title='bbox 1163 2003 1256 2026; x_wconf 78' lang='lat' dir='ltr'>varias</span> <span class='ocrx_word' id='word_1_351' title='bbox 1267 2002 1340 2032; x_wconf 80' lang='lat' dir='ltr'>anni,</span> <span class='ocrx_word' id='word_1_352' title='bbox 1351 2003 1496 2027; x_wconf 83' lang='lat' dir='ltr'>cernebant</span> <span class='ocrx_word' id='word_1_353' title='bbox 1507 2005 1612 2034; x_wconf 77' lang='lat' dir='ltr'>tempore</span> <span class='ocrx_word' id='word_1_354' title='bbox 1622 2001 1706 2027; x_wconf 76' lang='lat' dir='ltr'>vortI:</span> 
     </span>
    </p>
   </div>
   <div class='ocr_carea' id='block_1_20' title="bbox 1055 2081 1774 2265">
    <p class='ocr_par' dir='ltr' id='par_1_27' title="bbox 1057 2081 1521 2122">
     <span class='ocr_line' id='line_1_65' title="bbox 1057 2081 1521 2122; baseline 0 -11"><span class='ocrx_word' id='word_1_355' title='bbox 1057 2081 1076 2111; x_wconf 87' lang='lat' dir='ltr'>i.</span> <span class='ocrx_word' id='word_1_356' title='bbox 1092 2091 1117 2111; x_wconf 87' lang='lat' dir='ltr'>e.</span> <span class='ocrx_word' id='word_1_357' title='bbox 1133 2091 1190 2111; x_wconf 89' lang='lat' dir='ltr'>suo</span> <span class='ocrx_word' id='word_1_358' title='bbox 1206 2091 1360 2122; x_wconf 88' lang='lat' dir='ltr'>quamque</span> <span class='ocrx_word' id='word_1_359' title='bbox 1375 2086 1521 2120; x_wconf 88' lang='lat' dir='ltr'>tempore.</span> 
     </span>
    </p>

    <p class='ocr_par' dir='ltr' id='par_1_28' title="bbox 1055 2131 1774 2265">
     <span class='ocr_line' id='line_1_66' title="bbox 1100 2131 1774 2163; baseline -0.001 0"><span class='ocrx_word' id='word_1_360' title='bbox 1100 2132 1180 2163; x_wconf 90' lang='lat' dir='ltr'>Ibid.</span> <span class='ocrx_word' id='word_1_361' title='bbox 1202 2135 1286 2163; x_wconf 81' lang='lat' dir='ltr'>vorti.</span> <span class='ocrx_word' id='word_1_362' title='bbox 1331 2132 1468 2162; x_wconf 89' lang='lat' dir='ltr'>Plenum</span> <span class='ocrx_word' id='word_1_363' title='bbox 1491 2131 1634 2162; x_wconf 88' lang='lat' dir='ltr'>dictionis</span> <span class='ocrx_word' id='word_1_364' title='bbox 1649 2141 1774 2162; x_wconf 87' lang='lat' dir='ltr'>sensum</span> 
     </span>
     <span class='ocr_line' id='line_1_67' title="bbox 1055 2182 1774 2224; baseline 0 -11"><span class='ocrx_word' id='word_1_365' title='bbox 1055 2183 1129 2213; x_wconf 83' lang='lat' dir='ltr'>libet</span> <span class='ocrx_word' id='word_1_366' title='bbox 1144 2183 1242 2213; x_wconf 89' lang='lat' dir='ltr'>verbis</span> <span class='ocrx_word' id='word_1_367' title='bbox 1256 2183 1439 2223; x_wconf 80' lang='lat' dir='ltr'>virgilianis</span> <span class='ocrx_word' id='word_1_368' title='bbox 1460 2182 1625 2220; x_wconf 85' lang='lat' dir='ltr'>declarare,</span> <span class='ocrx_word' id='word_1_369' title='bbox 1649 2192 1686 2213; x_wconf 85' lang='lat' dir='ltr'>ex</span> <span class='ocrx_word' id='word_1_370' title='bbox 1707 2192 1774 2224; x_wconf 87' lang='lat' dir='ltr'>geo.</span> 
     </span>
     <span class='ocr_line' id='line_1_68' title="bbox 1059 2235 1178 2265; baseline 0.008 -1"><span class='ocrx_word' id='word_1_371' title='bbox 1059 2235 1090 2264; x_wconf 91' lang='lat' dir='ltr'>ii.</span> <span class='ocrx_word' id='word_1_372' title='bbox 1106 2237 1178 2265; x_wconf 76' lang='lat'>401.</span> 
     </span>
    </p>
   </div>
   <div class='ocr_carea' id='block_1_21' title="bbox 1088 2305 1736 2379">
    <p class='ocr_par' dir='ltr' id='par_1_29' title="bbox 1088 2305 1736 2379">
     <span class='ocr_line' id='line_1_69' title="bbox 1221 2305 1736 2338; baseline 0 -7"><span class='ocrx_word' id='word_1_373' title='bbox 1221 2307 1285 2331; x_wconf 76' lang='lat' dir='ltr'>redit</span> <span class='ocrx_word' id='word_1_374' title='bbox 1295 2307 1414 2338; x_wconf 77' lang='lat' dir='ltr'>agricolis</span> <span class='ocrx_word' id='word_1_375' title='bbox 1425 2307 1499 2331; x_wconf 88' lang='lat' dir='ltr'>labor</span> <span class='ocrx_word' id='word_1_376' title='bbox 1509 2310 1583 2331; x_wconf 82' lang='lat' dir='ltr'>actus</span> <span class='ocrx_word' id='word_1_377' title='bbox 1594 2305 1619 2330; x_wconf 87' lang='lat' dir='ltr'>in</span> <span class='ocrx_word' id='word_1_378' title='bbox 1631 2307 1736 2337; x_wconf 85' lang='lat' dir='ltr'>orbem,</span> 
     </span>
     <span class='ocr_line' id='line_1_70' title="bbox 1088 2346 1724 2379; baseline -0.005 -6"><span class='ocrx_word' id='word_1_379' title='bbox 1088 2349 1177 2378; x_wconf 84' lang='lat' dir='ltr'>Atque</span> <span class='ocrx_word' id='word_1_380' title='bbox 1188 2347 1214 2371; x_wconf 82' lang='lat' dir='ltr'>in</span> <span class='ocrx_word' id='word_1_381' title='bbox 1226 2354 1250 2371; x_wconf 88' lang='lat' dir='ltr'>se</span> <span class='ocrx_word' id='word_1_382' title='bbox 1260 2355 1306 2371; x_wconf 85' lang='lat' dir='ltr'>sua</span> <span class='ocrx_word' id='word_1_383' title='bbox 1316 2351 1361 2379; x_wconf 82' lang='lat' dir='ltr'>per</span> <span class='ocrx_word' id='word_1_384' title='bbox 1371 2347 1481 2379; x_wconf 72' lang='lat' dir='ltr'>vestigia</span> <span class='ocrx_word' id='word_1_385' title='bbox 1493 2346 1619 2371; x_wconf 77' lang='lat' dir='ltr'>volvitur</span> <span class='ocrx_word' id='word_1_386' title='bbox 1629 2353 1724 2371; x_wconf 80' lang='lat' dir='ltr'>annus.</span> 
     </span>
    </p>
   </div>
   <div class='ocr_carea' id='block_1_22' title="bbox 1089 2320 1212 2327">
    <p class='ocr_par' dir='ltr' id='par_1_30' title="bbox 1089 2320 1212 2327">
     <span class='ocr_line' id='line_1_71' title="bbox 1089 2320 1212 2327; baseline 0 0"><span class='ocrx_word' id='word_1_387' title='bbox 1089 2320 1212 2327; x_wconf 95' lang='lat' dir='ltr'> </span> 
     </span>
    </p>
   </div>
   <div class='ocr_carea' id='block_1_23' title="bbox 1057 2421 1775 2670">
    <p class='ocr_par' dir='ltr' id='par_1_31' title="bbox 1057 2421 1775 2517">
     <span class='ocr_line' id='line_1_72' title="bbox 1099 2421 1775 2464; baseline -0.001 -9"><span class='ocrx_word' id='word_1_388' title='bbox 1099 2425 1174 2455; x_wconf 81' lang='lat' dir='ltr'>Ver.</span> <span class='ocrx_word' id='word_1_389' title='bbox 1191 2428 1281 2455; x_wconf 85' lang='lat'>1186.</span> <span class='ocrx_word' id='word_1_390' title='bbox 1304 2426 1438 2454; x_wconf 84' lang='lat' dir='ltr'>illorum:</span> <span class='ocrx_word' id='word_1_391' title='bbox 1464 2423 1558 2454; x_wconf 87' lang='lat' dir='ltr'>vind.</span> <span class='ocrx_word' id='word_1_392' title='bbox 1573 2421 1775 2464; x_wconf 67' lang='lat' dir='ltr'>eorum—fa·</span> 
     </span>
     <span class='ocr_line' id='line_1_73' title="bbox 1057 2476 1324 2517; baseline -0.004 -10"><span class='ocrx_word' id='word_1_393' title='bbox 1057 2487 1138 2507; x_wconf 80' lang='lat' dir='ltr'>cere:</span> <span class='ocrx_word' id='word_1_394' title='bbox 1166 2483 1210 2508; x_wconf 81' lang='grc' dir='ltr'><strong>Ω.</strong></span> <span class='ocrx_word' id='word_1_395' title='bbox 1214 2476 1324 2517; x_wconf 84' lang='lat' dir='ltr'>facile.</span> 
     </span>
    </p>

    <p class='ocr_par' dir='ltr' id='par_1_32' title="bbox 1057 2525 1774 2670">
     <span class='ocr_line' id='line_1_74' title="bbox 1100 2525 1773 2569; baseline -0.003 -11"><span class='ocrx_word' id='word_1_396' title='bbox 1100 2528 1180 2559; x_wconf 89' lang='lat' dir='ltr'>Ibid.</span> <span class='ocrx_word' id='word_1_397' title='bbox 1202 2530 1333 2560; x_wconf 84' lang='lat' dir='ltr'>Illorum</span> <span class='ocrx_word' id='word_1_398' title='bbox 1349 2534 1426 2559; x_wconf 78' lang='lat' dir='ltr'>nutu</span> <span class='ocrx_word' id='word_1_399' title='bbox 1431 2529 1538 2569; x_wconf 84' lang='lat' dir='ltr'>flecti:</span> <span class='ocrx_word' id='word_1_400' title='bbox 1562 2527 1582 2558; x_wconf 92' lang='lat' dir='ltr'>i.</span> <span class='ocrx_word' id='word_1_401' title='bbox 1598 2537 1624 2558; x_wconf 89' lang='lat' dir='ltr'>e.</span> <span class='ocrx_word' id='word_1_402' title='bbox 1648 2530 1671 2546; x_wconf 89' lang='lat'><strong>“</strong></span> <span class='ocrx_word' id='word_1_403' title='bbox 1684 2525 1773 2557; x_wconf 85' lang='lat' dir='ltr'>incli-</span> 
     </span>
     <span class='ocr_line' id='line_1_75' title="bbox 1059 2575 1774 2618; baseline -0.006 -9"><span class='ocrx_word' id='word_1_404' title='bbox 1059 2583 1080 2597; x_wconf 91' lang='lat'>“</span> <span class='ocrx_word' id='word_1_405' title='bbox 1097 2580 1164 2609; x_wconf 90' lang='lat' dir='ltr'>nari</span> <span class='ocrx_word' id='word_1_406' title='bbox 1179 2579 1218 2610; x_wconf 85' lang='lat' dir='ltr'>ad</span> <span class='ocrx_word' id='word_1_407' title='bbox 1232 2579 1358 2609; x_wconf 90' lang='lat' dir='ltr'>illorum</span> <span class='ocrx_word' id='word_1_408' title='bbox 1372 2585 1464 2618; x_wconf 86' lang='lat' dir='ltr'>caput</span> <span class='ocrx_word' id='word_1_409' title='bbox 1477 2576 1690 2609; x_wconf 84' lang='lat' dir='ltr'>inclinatum.”</span> <span class='ocrx_word' id='word_1_410' title='bbox 1714 2575 1774 2605; x_wconf 84' lang='lat' dir='ltr'>Vel</span> 
     </span>
     <span class='ocr_line' id='line_1_76' title="bbox 1057 2626 1772 2670; baseline -0.006 -10"><span class='ocrx_word' id='word_1_411' title='bbox 1057 2630 1216 2660; x_wconf 86' lang='lat' dir='ltr'>translatio</span> <span class='ocrx_word' id='word_1_412' title='bbox 1244 2636 1289 2660; x_wconf 59' lang='lat' dir='ltr'>est</span> <span class='ocrx_word' id='word_1_413' title='bbox 1318 2631 1355 2660; x_wconf 87' lang='lat' dir='ltr'>ab</span> <span class='ocrx_word' id='word_1_414' title='bbox 1390 2631 1583 2670; x_wconf 80' lang='lat' dir='ltr'>aurigatione</span> <span class='ocrx_word' id='word_1_415' title='bbox 1621 2626 1772 2658; x_wconf 72' lang='lat' dir='ltr'>accersita.</span> 
     </span>
    </p>
   </div>
   <div class='ocr_carea' id='block_1_24' title="bbox 1058 2680 1443 2721">
    <p class='ocr_par' dir='ltr' id='par_1_33' title="bbox 1058 2680 1443 2721">
     <span class='ocr_line' id='line_1_77' title="bbox 1058 2680 1443 2721; baseline 0.003 -11"><span class='ocrx_word' id='word_1_416' title='bbox 1058 2680 1220 2721; x_wconf 86' lang='lat' dir='ltr'>Virgilius,</span> <span class='ocrx_word' id='word_1_417' title='bbox 1237 2681 1312 2711; x_wconf 87' lang='lat' dir='ltr'>AEn.</span> <span class='ocrx_word' id='word_1_418' title='bbox 1327 2690 1356 2711; x_wconf 78' lang='grc' dir='ltr'><strong>Χ.</strong></span> <span class='ocrx_word' id='word_1_419' title='bbox 1372 2683 1443 2711; x_wconf 88' lang='grc'><strong>577.</strong></span> 
     </span>
    </p>
   </div>
   <div class='ocr_carea' id='block_1_25' title="bbox 1118 2749 1617 2824">
    <p class='ocr_par' dir='ltr' id='par_1_34' title="bbox 1118 2749 1617 2824">
     <span class='ocr_line' id='line_1_78' title="bbox 1370 2749 1617 2777; baseline -0.012 0"><span class='ocrx_word' id='word_1_420' title='bbox 1370 2752 1415 2777; x_wconf 85' lang='lat' dir='ltr'>sed</span> <span class='ocrx_word' id='word_1_421' title='bbox 1427 2752 1509 2776; x_wconf 81' lang='lat' dir='ltr'>frater</span> <span class='ocrx_word' id='word_1_422' title='bbox 1519 2749 1617 2774; x_wconf 79' lang='lat' dir='ltr'>habenis</span> 
     </span>
     <span class='ocr_line' id='line_1_79' title="bbox 1118 2792 1323 2824; baseline 0 -8"><span class='ocrx_word' id='word_1_423' title='bbox 1118 2792 1198 2816; x_wconf 76' lang='lat' dir='ltr'>Flectit</span> <span class='ocrx_word' id='word_1_424' title='bbox 1212 2800 1323 2824; x_wconf 78' lang='lat' dir='ltr'>equos—.</span> 
     </span>
    </p>
   </div>
   <div class='ocr_carea' id='block_1_26' title="bbox 1102 2862 1771 2895">
    <p class='ocr_par' dir='ltr' id='par_1_35' title="bbox 1102 2862 1771 2895">
     <span class='ocr_line' id='line_1_80' title="bbox 1102 2862 1771 2895; baseline -0.003 0"><span class='ocrx_word' id='word_1_425' title='bbox 1102 2865 1173 2895; x_wconf 77' lang='lat' dir='ltr'>Ver.</span> <span class='ocrx_word' id='word_1_426' title='bbox 1193 2868 1281 2895; x_wconf 87' lang='lat'>1188.</span> <span class='ocrx_word' id='word_1_427' title='bbox 1303 2875 1360 2895; x_wconf 66' lang='grc' dir='ltr'><strong><em>νισι·</em></strong></span> <span class='ocrx_word' id='word_1_428' title='bbox 1382 2865 1520 2894; x_wconf 75' lang='lat' dir='ltr'>videtur:</span> <span class='ocrx_word' id='word_1_429' title='bbox 1543 2862 1676 2894; x_wconf 83' lang='lat' dir='ltr'>editores</span> <span class='ocrx_word' id='word_1_430' title='bbox 1697 2862 1771 2893; x_wconf 86' lang='lat' dir='ltr'>faci·</span> 
     </span>
    </p>
   </div>
  </div>
 </body>
</html>
