1926 3224
556 232 784 302 LIBER
831 247 1187 305 QUINTUS.

281 379 403 421 Flora
421 378 567 435 quibus
586 387 717 421 mater
735 394 1017 437 praespargens
1036 387 1131 421 ante
1149 379 1231 420 via‘i

280 452 442 494 Cuncta
462 453 664 494 coloribus
684 454 872 510 egregiis,
904 462 945 494 et
964 453 1173 503 odoribus,
1204 451 1358 507 obplet:

167 527 247 566 740
279 526 383 567 Inde
402 527 479 567 loci
501 527 682 581 sequitur
704 526 829 566 Calor
848 526 1000 574 aridus,
1033 534 1072 566 et
1092 540 1227 566 comes
1247 524 1329 566 una

276 598 560 640 Polverulenta
582 597 721 646 Ceres,
754 605 795 637 et
816 597 954 638 Etesia
973 597 1101 638 flabra
1125 598 1388 653 Aquilonum.

278 671 383 713 Inde
403 671 664 711 Auctumnus
683 668 784 719 adit,
815 670 1001 726 graditur
1021 670 1139 710 simul
1161 669 1289 711 Euius
1313 671 1447 712 Euan:

278 743 384 784 Inde
405 742 494 783 aliae
516 742 813 798 Tempestates,
847 743 1089 799 Venteique,
1121 752 1363 799 sequuntur;

275 816 510 857 Altitonans
531 815 774 866 Volturnus,
806 823 847 858 et
867 817 1019 858 Auster
1039 817 1207 859 fulmine
1226 817 1394 872 pollens.

160 892 240 931 745
272 889 463 931 Tandem
486 889 644 960 Bfuma
663 891 792 932 niveis
812 890 958 942 adfert,
992 893 1238 948 pigrumque
1257 892 1436 948 rigorem

130 1046 153 1063 “
168 1044 244 1076 anni
259 1043 353 1075 ordo:
379 1043 471 1085 gloss.
486 1044 616 1074 Bituric.
633 1044 750 1075 MSS.‘’
788 1046 853 1076 Ac·

129 1095 312 1127 commodus
326 1101 373 1126 est
388 1095 551 1131 Horatius,
566 1094 615 1125 od.
630 1096 671 1125 iv.
691 1099 739 1126 12.
757 1098 784 1126 1.

191 1181 250 1212 Jam
263 1179 331 1204 Ver-is
341 1178 449 1209 comites,
459 1184 522 1209 quae
534 1185 608 1204 mare
619 1182 784 1210 temperant,

189 1219 325 1251 Inpellunt
334 1219 435 1244 Animae
444 1218 526 1244 lintea
536 1218 662 1243 Thraciae
666 1231 735 1244 —.

131 1288 333 1329 Conjectores
347 1287 518 1328 sagaciores
528 1286 720 1327 perpendant
733 1287 852 1326 locum;

127 1343 169 1375 et,
185 1338 210 1368 si
225 1338 301 1379 quid
316 1337 486 1368 extundere
500 1338 647 1368 valebunt
657 1338 855 1377 probabilius

128 1388 164 1420 in
189 1389 300 1429 primis
325 1395 450 1429 egomet
477 1389 655 1428 amplectar,
682 1395 714 1419 et
738 1390 858 1420 habebo

128 1439 467 1481 gratias—Caeterum,
482 1450 556 1470 cum
574 1447 617 1471 n.
633 1439 747 1470 codicis
761 1441 855 1479 scrip-

129 1496 206 1527 tore,
236 1489 495 1531 distinguendum
525 1501 590 1521 esse
615 1491 793 1530 putavimus
817 1491 857 1522 ad

131 1544 291 1584 Zephyrus
297 1557 308 1578 ;
349 1548 381 1572 et
409 1542 454 1572 ita
483 1542 632 1583 Preigero
662 1543 763 1573 visum
792 1549 850 1573 est:

130 1604 206 1625 nam
221 1594 377 1625 editorum
386 1595 477 1624 turha
485 1599 555 1632 post
563 1601 689 1633 propter
703 1600 856 1633 punctum

128 1651 310 1686 posuerunt.
349 1645 373 1677 J
373 1655 425 1675 am
439 1655 512 1675 vero
524 1645 669 1684 lampada
682 1645 857 1676 volentibus

128 1697 267 1737 accipere
287 1697 419 1727 libenter
439 1696 577 1735 tradam;
599 1707 671 1727 cum
694 1707 857 1736 monuero,

130 1750 158 1781 si
188 1749 388 1780 vetustissimi
418 1748 586 1780 scriberent
615 1750 649 1779 in
677 1755 761 1780 recto
785 1760 858 1780 casu

129 1802 255 1833 numeri
276 1802 444 1843 singularis
465 1809 563 1841 antes,
587 1808 624 1833 ut
644 1802 679 1832 in
700 1802 769 1833 aliis
789 1803 857 1844 qui-

128 1855 264 1885 busdam
278 1854 416 1892 vocibus,
442 1855 516 1884 hinc
531 1854 682 1895 majorem
704 1865 778 1885 sane
794 1855 858 1885 veri

130 1906 266 1946 speciem
281 1905 466 1936 divinationi
481 1916 560 1936 meae
575 1915 754 1937 accrescere.

175 1956 256 1988 Ibid.
280 1959 440 1988 Pennatus
471 1959 643 1997 Zephyrus:
672 1965 857 2000 κυφοπτερος,

130 2006 178 2038 uti
193 2006 374 2038 nominatur
389 2007 422 2037 in
437 2008 564 2048 hymnis
579 2008 710 2047 Orphei,
725 2008 809 2038 lxxx.
825 2013 856 2039 6.

129 2058 176 2089 Et
189 2057 222 2088 hi
237 2068 342 2089 versus
357 2058 538 2089 Lucretiani
557 2064 630 2088 sunt
644 2059 677 2088 in
693 2058 857 2100 elegantis·

129 2108 218 2139 simis
232 2109 370 2150 antiquae
384 2109 511 2149 poeseos
532 2109 679 2150 reliquiis,
700 2115 732 2140 et
750 2120 859 2140 omnes

131 2168 278 2190 numeros
299 2159 514 2200 descriptionis
540 2159 695 2190 hilarioris
724 2160 857 2200 explent.

133 2209 195 2241 Sed
208 2211 311 2242 lautos
325 2211 454 2242 lectores
468 2211 584 2242 frustra
598 2221 720 2241 moneo.

131 2260 243 2299 Porro,
265 2272 306 2292 ne
320 2272 394 2293 cum
409 2262 478 2293 aliis
492 2263 638 2293 omnibus
653 2262 778 2298 fallaris,
801 2263 857 2293 ad-

132 2311 309 2342 monendus
322 2323 367 2351 es,
384 2313 494 2344 lector!
516 2324 635 2353 pennas
652 2313 785 2353 Zephyri
801 2315 858 2344 sub

132 2363 260 2393 auribus
275 2372 340 2392 esse
355 2364 479 2403 positas,
503 2374 567 2394 non
589 2374 741 2403 appensas
755 2367 858 2396 hume-

132 2417 188 2453 ris,
214 2415 260 2446 uti
286 2422 422 2448 recentes
446 2417 578 2457 pictores
607 2418 762 2448 exhibent.
807 2419 859 2449 Sic

132 2462 350 2504 Philostratus,
374 2467 453 2499 icon.
480 2469 499 2498 i.
524 2472 574 2499 24.
597 2468 635 2498 de
659 2470 717 2499 hoc
748 2471 854 2500 Vento:

130 2520 214 2560 Ὀρᾳς
229 2517 264 2553 δε,
291 2532 376 2558 maai,
403 2533 489 2550 ava-ov
511 2533 536 2550 εν
552 2526 697 2567 ΠΤΗΝῼ.
715 2534 756 2560 τῳ
773 2526 857 2552 KPO·

134 2577 266 2619 ΤΑΦῼ.
310 2573 399 2603 Hinc
414 2583 472 2603 nos
492 2573 568 2603 olim
583 2580 665 2605 recte
680 2574 857 2606 emendavi-

132 2633 206 2654 mus
221 2623 397 2654 Pindarum
423 2630 455 2654 et
481 2625 710 2664 Appollonium
737 2625 857 2656 Rhodi-

134 2684 200 2710 um,
227 2675 262 2705 in
280 2674 352 2705 Silv.
369 2675 444 2705 Crit.
468 2681 540 2706 sect.
556 2676 619 2707 xiii.
666 2677 740 2707 Alia
765 2676 859 2707 etiam

133 2725 225 2756 nobis
239 2725 279 2756 de
300 2727 359 2756 hac
380 2735 414 2756 re
436 2732 615 2766 suppetunt,
638 2727 691 2758 sed
712 2737 776 2758 non
799 2729 857 2758 hu-

129 2776 219 2816 jusce
233 2776 303 2807 loci.

176 2828 250 2859 Ver.
269 2831 339 2860 758.
356 2840 588 2869 praeslmrgens:
613 2829 657 2859 sic
679 2830 786 2859 omnia
807 2840 857 2860 ve-

135 2883 200 2908 tera
221 2879 423 2918 exemplaria3
447 2880 507 2910 nisi
527 2880 611 2920 quod
633 2880 665 2910 in
692 2890 750 2910 suo
765 2881 861 2912 Vind.

132 2939 338 2972 ⁴vra’spergens
353 2931 580 2962 somniculosus
591 2930 718 2962 collator
730 2931 862 2973 liquerit.

952 1045 1032 1076 Ibid.
1065 1047 1161 1076 Flora
1191 1052 1304 1076 mater:
1345 1048 1366 1064 “
1382 1056 1452 1086 quae
1480 1046 1624 1088 conjuge,

899 1099 921 1115 “
939 1098 1077 1137 Zephyro
1089 1102 1190 1136 patre,
1213 1095 1410 1134 fecundatur,
1434 1102 1464 1126 et
1480 1098 1622 1137 germina

899 1151 921 1167 “
937 1159 994 1178 sua
1013 1148 1124 1187 parit-'¹
1167 1147 1285 1178 Videas
1312 1147 1403 1178 Ovid.
1430 1148 1497 1179 fast.
1512 1159 1541 1179 ν.
1562 1152 1621 1181 195

897 1203 1012 1230 -215.

942 1251 1022 1282 Ibid.
1050 1262 1262 1292 praespargens
1293 1257 1373 1282 ante.
1417 1250 1531 1286 Pallor,
1568 1258 1623 1282 aut

900 1313 993 1339 error,
1014 1303 1147 1333 librariis
1161 1303 1297 1333 maxime
1312 1302 1460 1341 solennis,
1477 1304 1558 1333 hanc
1573 1303 1622 1333 in-

900 1354 1009 1385 utilem
1025 1355 1132 1385 senssis
1153 1354 1393 1385 redundantiam
1410 1360 1516 1385 nostro
1531 1364 1622 1394 pepe-

900 1407 949 1442 rit,
972 1417 1071 1447 quum
1086 1407 1128 1437 sic
1150 1407 1227 1437 olim
1244 1406 1330 1438 locus
1351 1407 1482 1446 scriptus
1496 1416 1621 1446 compa-

899 1464 1009 1488 ruent:

961 1536 1038 1561 Flora
1046 1536 1140 1567 quibus
1152 1539 1240 1561 mater
1247 1539 1410 1568 perspargens
1420 1539 1484 1562 ante
1494 1536 1548 1561 viai·

960 1576 1066 1600 Cuncta
1083 1575 1214 1600 coloribus
1225 1575 1405 1607 egregiis—.

900 1647 1066 1687 Apuleius,
1096 1654 1169 1679 met.
1194 1648 1225 1679 ii.
1256 1658 1284 1687 p.
1309 1651 1378 1679 127.
1402 1647 1449 1678 ed.
1477 1646 1624 1678 Oudend.

902 1701 925 1717 ‘⁴
942 1698 1002 1737 Ac,
1026 1709 1078 1728 me
1092 1699 1223 1738 pressim
1245 1698 1433 1736 deosculato,
1457 1705 1488 1729 et
1501 1698 1625 1729 corollis

902 1753 924 1768 ‘⁸
939 1751 1088 1788 revincto,
1111 1761 1147 1780 ac
1157 1752 1241 1791 flore
1253 1761 1425 1790 per-sparso,
1448 1751 1556 1790 arripit
1568 1760 1624 1790 po-

902 1804 926 1820 “
941 1801 1081 1832 culum.’'
1141 1801 1191 1831 Ibi
1227 1801 1356 1831 varietas
1391 1801 1532 1831 lectionis
1567 1806 1624 1840 est,

896 1863 1064 1893 persperso,
1083 1863 1235 1892 prospero,
1251 1858 1282 1882 et
1292 1863 1465 1892 prosperso:
1493 1852 1624 1883 Ouden-

901 1903 1029 1944 dorpius
1043 1903 1184 1943 conjecit,
1195 1914 1363 1944 praesperso
1370 1919 1381 1938 ;
1406 1904 1457 1934 cui
1472 1914 1536 1935 non
1552 1906 1625 1935 sub·

901 1955 1084 1994 scripserim.
1129 1954 1172 1985 Et
1201 1954 1427 1985 animadvertat
1462 1967 1487 1986 εν
1515 1954 1627 1997 παροδῳ

902 2006 1006 2043 lector,
1028 2006 1207 2047 generalem
1237 2016 1364 2036 sensum
1393 2006 1475 2036 vocis
1485 2008 1568 2048 flore
1591 2006 1626 2036 in

901 2068 1034 2089 numero
1056 2057 1193 2094 unitatis,
1215 2063 1251 2087 ut
1265 2058 1430 2088 Lucretius
1443 2063 1547 2088 noster
1564 2069 1624 2098 pa-

895 2112 1028 2151 paveris,
1050 2110 1116 2141 vice
1135 2121 1331 2150 papaverum,
1358 2109 1399 2140 ad
1412 2110 1458 2140 iii.
1477 2113 1548 2142 197.
1569 2109 1625 2140 ubi

901 2171 959 2191 nos
973 2160 1108 2191 videndi.

945 2211 1017 2242 Ver.
1046 2214 1116 2242 741.
1153 2212 1363 2242 Polverulenta
1390 2212 1493 2241 Ceres:
1527 2208 1623 2241 Vind.

902 2264 1083 2294 Polluerunt
1108 2273 1209 2299 acres;
1233 2262 1275 2292 V.
1299 2261 1346 2292 ed.
1372 2261 1411 2293 Ο.
1434 2268 1478 2293 Ω..
1501 2263 1624 2293 Pollue-

900 2321 974 2345 runt
1004 2325 1122 2350 aceres,-
1157 2320 1197 2344 Π.
1229 2315 1368 2344 Pulverit
1397 2324 1468 2344 acer
1496 2324 1560 2350 τῖε,-
1585 2319 1623 2346 Σ.

902 2368 1082 2397 Pulverrent
1103 2376 1197 2396 acres.
1243 2365 1360 2405 Vulgo,
1388 2367 1623 2396 Pulverulenta:

901 2427 958 2447 nos
972 2417 1032 2453 hic,
1047 2422 1079 2447 et
1093 2416 1179 2454 alibi,
1195 2416 1403 2456 antiquar-iam
1417 2416 1627 2456 scriptionem,

901 2467 1081 2508 corruptelis
1105 2469 1358 2497 membranarum
1373 2469 1559 2504 roboratam,
1575 2478 1623 2498 re·

900 2519 1138 2550 satuimus—et
1153 2520 1238 2548 abest
1249 2517 1341 2548 Vind.
1354 2518 1393 2548 V.
1406 2518 1453 2549 ed,
1471 2519 1510 2549 O.
1527 2524 1562 2550 Δ.
1579 2525 1622 2549 Π.

902 2575 937 2602 Σ.
959 2577 1004 2601 Ω.
1030 2569 1142 2600 elisum
1163 2569 1273 2608 primis
1294 2569 1390 2599 literis
1415 2569 1556 2600 vocabuli
1578 2579 1625 2599 se·

902 2622 1037 2662 quentis.

945 2672 1026 2703 Ibid.
1051 2673 1260 2703 Polverulenta
1287 2674 1389 2703 Ceres:
1418 2672 1502 2712 quod
1522 2681 1626 2702 comes

901 2726 941 2756 sit
975 2723 1183 2764 pulverulenti
1221 2725 1348 2760 Calorz‘s,
1385 2723 1449 2753 sive
1485 2725 1628 2754 AEstatis.

902 2777 990 2806 Hinc
1005 2774 1090 2806 haud
1104 2774 1199 2805 dubie
1221 2784 1277 2804 sua
1293 2774 1454 2815 Virgilius,
1469 2774 1509 2805 ad
1523 2784 1591 2815 geo.
1606 2775 1626 2805 i.

902 2832 954 2859 66.

1313 2898 1455 2931 glebasque
1467 2899 1580 2930 jacentis

937 2944 1127 2971 Pulverulenta
1137 2947 1236 2977 coquat
1246 2945 1358 2971 maturis
1367 2944 1464 2970 solibus
1474 2946 1600 2969 AEstas—.
