1926 3224
291 247 384 286 332

799 239 857 286 T.
906 235 1282 284 LUCRETII

486 370 561 412 Est
580 382 756 425 quoque,
778 367 862 408 utei
881 367 1007 422 possit
1027 381 1200 423 magnus
1220 374 1435 423 congestus
1454 369 1590 409 arenae

314 445 395 485 725
428 443 636 485 Fluctibus
656 441 837 483 advorsis
857 441 1038 496 obpilare
1058 441 1162 482 ostia
1182 449 1340 491 contra,

428 518 568 566 Quom
589 531 716 566 mare,
737 525 971 572 permotum
991 515 1136 565 ventis,
1159 515 1241 556 ruit
1260 515 1369 556 intus
1390 529 1554 556 arenam
1561 533 1575 564 3

424 591 522 639 Quo
543 589 590 630 fit
609 589 692 631 utei
711 597 832 644 pacto
851 589 953 631 liber
972 589 1106 630 minus
1127 589 1258 630 exitus
1279 589 1425 639 amnis,

429 663 485 705 Et
503 663 691 719 proclivis
710 663 808 705 item
828 663 900 704 fiat
919 663 1054 704 minus
1073 663 1234 718 inpetus
1255 663 1387 704 undis.

483 737 550 778 Fit
570 752 746 793 quoque,
769 737 852 778 utei
872 737 1019 792 pluviae
1039 736 1175 778 forsan
1195 737 1325 794 magis
1345 737 1397 778 ad
1417 744 1540 791 caput
1559 736 1642 792 ejus

310 813 392 853 730
423 811 632 866 Tempore
651 826 700 852 eo
720 810 837 861 fiant,
857 825 941 866 quo
963 810 1101 852 Etesia
1118 810 1248 852 flabra
1269 810 1522 867 Aquilonum

323 968 399 999 Ver.
426 971 497 999 723.
521 969 670 999 Exoriens
693 967 791 998 medici
818 969 855 998 ab
881 970 1001 1008 regione

278 1022 350 1051 diei.
398 1019 485 1050 Hinc
500 1019 532 1049 in
547 1019 674 1058 proclivi
691 1019 810 1050 videtur
825 1019 1003 1050 emendatio

274 1070 458 1106 Claudiani,
473 1069 557 1110 idyll.
572 1070 611 1100 iv.
628 1073 656 1100 8.
679 1070 718 1100 de
735 1072 810 1101 Nilo
826 1071 976 1100 canentis:

307 1153 372 1183 Qui,
382 1153 474 1184 rapido
483 1155 572 1176 tractu
584 1152 677 1176 mediis
688 1151 802 1183 delapsus
812 1153 845 1176 ab
855 1151 940 1181 astris,

306 1191 496 1223 Flammigeme
507 1191 609 1222 patiens
620 1197 709 1220 zonae,
722 1191 870 1221 Cancrique
881 1190 1002 1220 calentis,

307 1230 445 1256 Fluctibus
454 1230 552 1263 ignotis
563 1234 684 1255 nostrum
697 1231 828 1262 procurrit
839 1230 866 1253 in
877 1229 979 1254 orbem.

275 1302 376 1340 Libri,
391 1304 496 1338 elatus,
512 1307 543 1332 et
556 1304 674 1340 elapsus
680 1316 690 1336 ‚·
705 1306 813 1329 contra
828 1299 1002 1339 genuinam

273 1353 492 1384 Latinitatem:
519 1352 588 1381 vide
614 1352 731 1381 Lucan.
747 1351 776 1380 ii.
793 1354 865 1380 422.
890 1350 1000 1380 Horat.

275 1405 326 1435 od.
347 1404 389 1434 iii.
409 1408 457 1435 29.
472 1406 522 1434 55.
549 1402 783 1432 Redonavimus
804 1402 910 1439 etiam,
937 1402 998 1432 ele-

273 1454 466 1496 gantissime,
492 1453 524 1483 ni
541 1453 692 1490 fallimur,
719 1458 749 1482 et
765 1452 933 1490 verissime,
948 1464 997 1483 as-

272 1509 342 1543 tris,
372 1505 436 1535 vice
465 1506 575 1540 antris,
605 1503 654 1534 vel
677 1505 808 1538 Austris,
839 1503 998 1533 librorum.

273 1559 368 1588 Astra
395 1562 426 1586 et
452 1562 543 1586 antra
569 1555 701 1586 librariis
722 1555 853 1585 confusa
870 1561 944 1584 sunt
958 1554 999 1584 ad

268 1601 365 1648 virg.
380 1617 447 1648 geo.
463 1607 503 1636 iv.
522 1609 594 1638 509.
641 1605 904 1637 Emendationem
927 1615 998 1635 vero

272 1665 411 1690 nostram
433 1659 593 1695 Lucanus,
617 1657 656 1688 ad
671 1658 720 1688 vii.
740 1661 808 1689 189.
831 1658 883 1688 cui
906 1657 997 1688 multi

271 1717 346 1741 sunt
360 1710 420 1741 loci
435 1709 562 1748 similes,
578 1709 706 1749 pulchre
721 1707 899 1740 illustrabit:

303 1792 356 1816 Sub
367 1798 520 1823 quocumque
529 1790 578 1819 die,
585 1797 738 1822 quocumque
748 1793 788 1815 est
798 1789 878 1814 sidere
888 1790 996 1814 mundi.

314 1863 391 1892 Ver.
414 1865 485 1893 725.
507 1863 655 1901 obpilare:
682 1860 779 1890 Vind.
800 1862 915 1900 opilare
922 1876 932 1897 ;
957 1862 998 1891 V.

272 1915 319 1946 ed.
335 1917 501 1954 oppillare:
526 1924 606 1954 quas
627 1913 758 1943 mendas
782 1913 891 1943 raritas
918 1914 999 1944 vocis

270 1967 397 2007 peperit.
459 1965 577 1996 Glossae
600 1971 729 1995 veteres:
765 1968 787 1983 “
808 1966 922 2004 oppilo,
947 1979 996 2004 εμ-

272 2021 296 2036 “
313 2017 468 2058 <operi-emp
494 2017 541 2046 uti
557 2026 663 2046 rursus
678 2016 710 2045 in
729 2016 856 2046 Graecis.
888 2016 995 2046 Credi-

265 2069 334 2100 ‘bile
349 2074 403 2104 est,
421 2069 487 2098 'hoc
501 2067 685 2107 exquisitius
700 2067 896 2103 vocabulum,
923 2067 995 2098 doc-

269 2121 403 2160 tiusque.
433 2118 554 2159 vulgari
583 2121 701 2157 opplere
732 2118 895 2158 aliquoties
923 2129 995 2157 sup-

269 2171 446 2210 plantatum
476 2169 587 2206 suisse3
611 2169 653 2204 id,
679 2169 763 2209 quod
787 2169 997 2200 eruditissimo

268 2222 422 2261 scriptori,
440 2221 576 2260 Apuleio
589 2221 716 2259 scilicet,
727 2220 872 2251 accidisse
886 2227 995 2260 putem

269 2274 303 2304 in
327 2272 471 2310 Floridis,
499 2278 570 2303 sect.
597 2272 669 2302 xvii.
704 2275 726 2290 “
745 2272 911 2307 Caeterum,
935 2282 995 2302 vox

270 2327 293 2342 “
309 2324 443 2354 cohibita
459 2323 584 2353 silentio
595 2323 712 2362 perpeti
728 2333 790 2352 non
808 2323 908 2363 magis
923 2323 995 2353 usui

267 2379 293 2394 “
308 2375 415 2414 fuerit,
439 2385 533 2416 quam
559 2385 648 2405 nares
662 2375 829 2415 gravedine
843 2377 994 2414 oppdum,

273 2429 296 2445 “
311 2437 400 2457 aures
421 2426 531 2466 spiritu
554 2427 713 2463 obseratae,
738 2425 825 2456 oculi
847 2425 995 2466 albugine

270 2479 293 2495 “
309 2477 542 2507 obducti:'‘-i.
557 2487 583 2507 e.
607 2476 748 2512 occlusae,
766 2478 928 2514 obturatae,
943 2479 993 2508 ob-

267 2534 402 2559 structae.
447 2528 613 2569 Virgilius,
631 2529 704 2558 ΖΕΗ.
719 2527 757 2557 iv.
776 2531 846 2558 440.

401 2610 570 2642 placidasque
582 2610 631 2634 viri
642 2611 706 2635 deus
716 2609 820 2634 obstruit
830 2609 909 2634 auris.

268 2679 433 2709 Imbellior
447 2678 541 2710 dictio
555 2689 594 2709 ex
610 2679 704 2709 unius
717 2685 747 2709 et
762 2679 888 2709 alterius
909 2678 993 2709 codi-

265 2729 312 2759 cis
337 2731 517 2760 auctoritate
539 2741 602 2760 non
633 2737 698 2760 erat
728 2730 931 2770 praeserenda,
954 2729 994 2760 ad

266 2779 407 2819 ejusdem
426 2781 568 2811 Maronis
581 2791 649 2822 geo.
666 2781 704 2812 iv.
722 2785 794 2812 501.

431 2861 493 2886 huic
505 2862 620 2893 geminae
633 2871 717 2894 nares,
728 2867 756 2889 et
767 2864 871 2897 spiritus
879 2863 929 2889 oris

293 2900 386 2927 Multa
395 2901 537 2927 reluctanti
548 2901 695 2928 obstruitur:

1044 969 1103 999 hoc
1118 968 1203 999 enim
1218 970 1345 999 verbum
1363 974 1393 998 et
1406 969 1451 998 rei
1472 967 1647 998 violentiori
1668 968 1768 1009 magis

1044 1021 1199 1061 congruit,
1210 1027 1241 1050 et
1252 1020 1470 1058 compendiosa
1485 1020 1635 1058 scriptura
1647 1021 1768 1051 obst’ui-

1045 1077 1096 1101 tur
1112 1070 1232 1100 facilius
1246 1070 1391 1106 efficeret,
1408 1075 1444 1099 ut
1457 1071 1592 1099 obsuitur
1606 1069 1770 1109 vulgatum

1046 1120 1200 1158 irreperet,
1230 1130 1324 1159 quam
1356 1119 1499 1148 vicissim.
1560 1119 1600 1148 In
1631 1119 1771 1160 Apuleio

1045 1176 1161 1206 autem,
1192 1175 1227 1199 ut
1248 1175 1393 1206 revertar,
1421 1168 1506 1199 unde
1527 1169 1668 1207 abierIm‚
1699 1169 1774 1200 libri

1045 1220 1121 1250 dant
1158 1222 1291 1260 opple-ete.
1351 1221 1531 1251 Scribonius
1561 1221 1695 1262 Largus,
1731 1221 1771 1252 de

1045 1282 1179 1311 compos.
1195 1272 1298 1302 medd.
1318 1282 1382 1311 cap.
1398 1271 1480 1303 xlvii.
1526 1275 1548 1290 “
1564 1272 1608 1302 Et
1622 1272 1770 1309 maxime.

1045 1326 1068 1342 “
1083 1333 1157 1354 cum
1172 1330 1306 1364 utraque
1321 1325 1460 1355 obturata
1483 1323 1578 1363 spisse
1599 1324 1771 1355 necessario

1045 1379 1067 1395 “
1084 1383 1158 1407 sunt
1185 1377 1341 1408 foramina
1368 1379 1503 1412 narium,
1541 1376 1603 1418 qua
1631 1377 1770 1416 spirandi

1045 1431 1066 1445 “
1082 1428 1213 1458 facultas
1228 1428 1366 1467 eripitur,
1389 1438 1452 1457 non
1469 1427 1608 1458 alienum
1623 1433 1669 1457 est
1683 1427 1768 1465 scire,

1043 1483 1066 1498 “
1082 1479 1144 1520 qua
1172 1480 1291 1510 ratione
1313 1486 1482 1519 utrumque
1504 1478 1639 1518 praestari
1661 1479 1772 1518 possit3

1044 1535 1066 1550 ‘⁶
1082 1538 1117 1562 ut
1142 1542 1243 1573 neque
1265 1532 1393 1571 spiratio
1414 1531 1640 1570 interpelletur,
1667 1541 1769 1572 neque

1043 1586 1066 1602 “
1081 1583 1257 1614 remedium
1272 1582 1533 1620 efficacissimum,
1548 1582 1631 1623 quod
1647 1593 1701 1622 per
1715 1594 1768 1624 op-

1043 1639 1065 1653 “
1077 1637 1257 1674 pilationem
1287 1637 1412 1665 narium
1442 1633 1585 1673 efficitur,
1621 1634 1766 1666 excluda-

1040 1687 1062 1702 “
1080 1685 1160 1715 tur.'’

1084 1744 1159 1774 Ver.
1176 1747 1246 1775 726.
1261 1751 1453 1784 permotum:
1477 1745 1576 1776 Vind.
1585 1757 1644 1787 per
1658 1753 1765 1785 totum

1041 1795 1125 1826 unde
1140 1795 1270 1826 libenter
1282 1795 1427 1837 legerim:

1059 1878 1149 1908 Quom
1160 1885 1245 1908 mare,
1254 1881 1391 1910 perronam
1399 1878 1496 1909 ventis,
1504 1879 1557 1904 ruit
1566 1879 1637 1905 intus
1647 1886 1765 1906 arenam.

1043 1957 1095 1987 De
1109 1960 1202 1996 mari,
1225 1964 1300 1989 torto
1316 1967 1351 1988 ac
1378 1964 1511 1989 contorto
1535 1961 1641 1997 ventis,
1666 1959 1767 1999 poe'tae

1041 2012 1274 2049 nusquam'non
1290 2008 1477 2049 loquuntur:
1495 2009 1600 2039 confer
1615 2016 1765 2045 nostrum,

1040 2063 1072 2093 ii.
1087 2066 1158 2093 40].
1181 2069 1212 2092 et
1237 2072 1306 2100 nos,
1335 2062 1356 2092 i.
1376 2065 1445 2093 273.
1490 2062 1558 2092 Nec
1579 2063 1766 2102 suspicionis

1041 2121 1154 2145 nostrae
1168 2125 1233 2144 non
1248 2114 1352 2144 fautor
1373 2120 1420 2144 est
1444 2114 1676 2154 geminissimus
1691 2115 1764 2146 Ma·

1039 2166 1124 2196 ronis
1139 2166 1236 2204 locus,
1252 2166 1285 2196 in
1301 2176 1369 2206 geo.
1385 2166 1427 2196 iii.
1444 2169 1517 2196 241.

1386 2258 1414 2278 at
1426 2254 1479 2278 ima
1490 2258 1626 2280 exaestuat
1638 2255 1709 2280 unda

1069 2293 1217 2324 Vorticibus,
1229 2293 1387 2325 nigramque
1400 2294 1454 2319 alte
1465 2294 1595 2325 subjectat
1606 2301 1721 2320 arenam.

1085 2381 1169 2412 Ibid.
1193 2383 1257 2412 ruit
1280 2393 1415 2413 arenam.
1461 2381 1627 2423 Virgilius,
1655 2392 1723 2423 geo.
1743 2382 1763 2413 i.

1042 2435 1109 2464 105.

1171 2507 1335 2538 cumulosque
1345 2507 1398 2532 ruit
1409 2507 1480 2532 male
1490 2507 1595 2540 pinguis
1605 2514 1700 2533 arene.

1040 2578 1192 2617 Avienus,
1215 2579 1248 2609 in
1272 2578 1407 2616 Arateis,
1422 2589 1483 2609 ver.
1501 2582 1592 2611 1540.

1069 2659 1173 2684 Ultima
1184 2663 1328 2692 tempestas
1339 2664 1395 2684 ruet
1405 2659 1453 2684 imi
1463 2660 1574 2692 gurgitis
1584 2662 1686 2684 esrum.-

1037 2730 1056 2761 i.
1072 2740 1096 2761 e.
1108 2731 1209 2772 faciet
1225 2742 1322 2762 ruere.
1370 2731 1420 2761 Sic
1439 2731 1537 2762 Carus
1551 2729 1633 2760 alibi.

1077 2790 1151 2820 Ver.
1170 2793 1240 2821 727.
1263 2792 1380 2821 amnis.-
1400 2790 1494 2820 Vind.
1511 2789 1546 2820 L.
1565 2789 1669 2830 (cujus
1683 2788 1760 2820 fides

1035 2851 1129 2880 penes
1147 2841 1309 2872 collatores
1330 2841 1383 2881 sit)
1410 2846 1444 2872 Δ.
1466 2842 1570 2876 amni,·
1593 2840 1676 2881 quod
1698 2841 1759 2871 im-

1035 2891 1148 2922 merito
1178 2898 1338 2931 acceptum
1376 2897 1421 2921 est
1449 2890 1628 2930 editoribus,
1651 2899 1759 2922 contra
