1926 3224
534 282 768 330 LIBER
822 280 1175 338 QUINTUS.

247 414 472 469 Propterea
491 413 602 469 quod
623 421 739 454 erant
759 413 914 470 gravia,
936 421 976 453 et
996 412 1202 467 perplexa,
1226 411 1390 452 coibant

245 487 295 528 In
317 487 468 537 medio,
490 496 611 542 atque
631 487 732 527 imas
753 487 967 540 capiebant
987 486 1127 526 omnia
1146 485 1273 526 sedes:

249 560 373 611 Quae,
397 569 550 616 quanto
571 560 701 614 magis
722 560 828 599 inter
848 574 889 599 se
909 558 1104 612 perplexa
1123 558 1304 606 coibant,

246 633 356 675 Tam
377 633 505 688 magis
526 645 759 685 expressere
779 645 840 680 ea,
864 644 957 684 quae
978 645 1105 679 mare,
1129 630 1275 679 sidera,
1298 631 1438 680 solem,

131 711 211 748 455
244 707 503 759 Lunamque,
526 703 760 753 ecficerent3
794 712 834 744 et
854 703 993 760 magni
1015 703 1167 743 moenia
1186 704 1344 743 mundi.

246 779 401 820 Omnia
420 778 529 818 enim
550 777 679 833 magis
700 777 789 817 haec
810 792 832 818 e
852 777 1020 817 laevibus
1041 785 1163 831 atque
1182 776 1370 816 rotundis

247 851 493 901 Seminibus,
515 851 726 906 multoque
745 851 974 892 minoribus
995 859 1090 891 sunt
1112 850 1335 900 clementis,

102 1012 134 1043 id
162 1009 307 1049 Gifani03
330 1011 384 1042 sed
405 1021 477 1042 mea
506 1007 660 1042 Macrobii
683 1009 825 1051 exempla

101 1063 235 1104 vulgatis
264 1064 404 1094 Lucretii
440 1064 630 1103 conspirant,
668 1074 825 1094 annorum

103 1118 195 1146 1670.
239 1115 341 1155 Lugd.
369 1116 436 1145 Bat.
464 1118 553 1146 1694.
598 1115 697 1145 Lond.
727 1115 822 1151 unde,

99 1177 170 1207 quae
186 1173 285 1206 nup'er
298 1167 456 1196 innuerim
471 1166 510 1197 de
525 1167 747 1207 antiquissimis
759 1166 823 1196 edi-

101 1217 239 1248 tionibus
256 1218 419 1253 Macrobii,
434 1218 523 1248 valde
539 1219 730 1248 roborantur.

146 1268 226 1298 Ibid.
252 1269 525 1298 Constructionem
540 1278 643 1298 veram
658 1269 824 1298 verborum

100 1319 145 1349 sic
166 1319 368 1349 evolvendam
390 1326 482 1360 atque
504 1319 731 1349 edisserendam
761 1330 825 1350 esse

99 1371 256 1402 existimo:
292 1375 314 1390 ‘⁵
333 1372 427 1412 Ignes
455 1372 543 1409 item,
573 1371 627 1411 qui
649 1371 723 1401 facti
753 1377 826 1401 sunt

100 1425 125 1440 “
140 1423 210 1462 puri
226 1433 280 1462 per
301 1425 526 1462 separationem
551 1434 641 1454 suam
656 1425 695 1453 ab
721 1434 827 1453 rerum

100 1476 124 1491 “
142 1476 397 1504 conturbatamm
411 1475 495 1510 faece,
519 1475 646 1504 seorsim
662 1474 828 1504 stationem

101 1526 124 1542 “
141 1525 223 1555 nacti
238 1532 321 1563 sunt,
338 1532 368 1555 et
382 1525 425 1561 id,
441 1526 526 1566 quod
538 1527 653 1556 aethera
665 1535 826 1564 nuncupa-

101 1578 126 1593 “
142 1585 227 1613 mus,
240 1577 499 1606 contexuerunt.”
539 1577 620 1606 Haec
637 1582 742 1606 autem
758 1576 829 1606 ideo

101 1626 202 1656 fusius
217 1628 354 1666 exposui,
372 1634 407 1657 ut
422 1628 628 1658 commoditas
642 1628 718 1658 recti
740 1628 830 1658 cassis

100 1677 136 1706 in
152 1678 330 1708 nominibus
341 1681 418 1717 puri
431 1681 599 1717 secretique
614 1678 724 1708 clarior
743 1685 826 1716 pate-

101 1734 156 1765 ret,
177 1739 234 1759 nec
249 1729 356 1759 minus
377 1729 537 1768 scripturae
561 1736 680 1759 nostrae.
705 1729 829 1769 qualem

101 1779 217 1820 ubique
228 1781 441 1811 exhibuimus:
463 1790 537 1810 nam
551 1780 622 1810 libri
635 1790 827 1816 communeS,

102 1835 168 1860 tam
184 1831 334 1870 impressi,
361 1842 457 1872 quam
471 1831 586 1870 scripti,
611 1841 677 1861 rem
701 1831 735 1860 in
761 1841 828 1860 am-

102 1881 200 1921 biguo
221 1881 378 1922 linquunt,
401 1882 475 1912 satis
502 1882 667 1911 infeliciter
692 1888 723 1911 et
745 1882 827 1922 inju-

103 1931 215 1962 cunde.
261 1932 328 1962 Nec
343 1932 461 1972 optime
476 1932 611 1962 vicissim
626 1943 689 1963 non
701 1943 827 1972 respon-

103 1983 186 2018 dent,
202 1990 346 2014 secretum
362 1995 446 2015 mare
463 1990 493 2014 et
506 1987 630 2015 secretei
649 1987 742 2024 ignes.

147 2034 219 2064 Ver.
236 2038 307 2066 451.
332 2036 372 2065 In
390 2037 470 2066 hanc
486 2046 552 2066 rem
569 2037 611 2066 sic
628 2037 728 2077 pergit
750 2037 827 2067 Plu·

103 2086 240 2122 tarchus,
254 2085 337 2122 loco,
350 2097 444 2127 quem
457 2087 619 2118 citavimus
630 2088 670 2118 ad
682 2098 744 2119 ver.
757 2092 828 2119 450.

103 2136 300 2175 continuat03
322 2139 521 2180 Λάροιζαμενων
543 2138 566 2170 δ’
590 2152 615 2170 εν
632 2142 733 2180 τάν-τῳ
758 2141 829 2181 (των

103 2190 247 2231 aaronem),
264 2204 305 2222 ‘rx
318 2205 376 2231 μεν,
393 2193 445 2222 ὅσα
459 2194 575 2232 ,asagora
592 2207 621 2226 m·
637 2208 687 2224 και
699 2198 828 2235 βαρυτα-

104 2253 147 2270 ‘1'oe
162 2253 288 2280 παντων,
307 2244 483 2282 ὗπεκαέιζεν·
509 2245 562 2275 ὅσα
579 2244 606 2275 δε
623 2252 688 2276 λεια
704 2259 754 2276 και
771 2259 828 2277 ευσ-

105 2295 202 2330 zanoa,
219 2306 319 2325 ταυτα
341 2309 391 2326 και
415 2297 568 2334 εξεθλιξετο
591 2311 675 2328 κατα
700 2311 751 2330 την
775 2311 830 2328 των

104 2357 247 2383 σωματων
263 2346 375 2382 συνθδθν,
393 2360 427 2381 ξις
445 2361 476 2378 ΤΕ
489 2362 521 2379 ‘Po
532 2361 666 2391 pr‘YSOJpOV
678 2357 829 2391 ανξφξρὶτθ.

104 2395 188 2430 Quae
203 2395 349 2426 Lucretio
363 2397 547 2429 illustrando
561 2398 731 2429 maximam
756 2409 829 2438 ope-

105 2455 174 2475 ram
202 2445 340 2484 profecto
370 2454 497 2478 navant:
533 2459 592 2479 nec
621 2450 737 2487 minus,
760 2460 830 2489 quae

106 2495 269 2526 Diodorus
286 2497 409 2527 Siculus
423 2499 558 2537 exhibet,
570 2500 604 2529 in
620 2500 639 2530 i.
658 2504 685 2531 7.
708 2500 829 2530 lectori-

106 2547 166 2577 bus
180 2547 286 2577 otiosis
301 2548 431 2578 omnino
446 2550 644 2581 consulenda.

149 2597 222 2628 Ver.
239 2602 310 2630 452.
334 2602 374 2630 In
389 2602 485 2631 medio
500 2607 609 2641 atque:
627 2602 671 2632 sic
683 2602 778 2633 Vind.
792 2603 828 2634 L.

107 2648 156 2679 M.
173 2649 213 2680 Ο.
231 2655 266 2680 Δ.
284 2657 324 2681 Π.
346 2656 380 2682 Σ.
396 2652 517 2692 reliqui,
544 2660 579 2683 ut
602 2653 653 2683 edi
676 2653 764 2691 solet,
788 2656 828 2686 In

103 2701 276 2740 medioque:
294 2701 353 2731 sed'
360 2703 444 2732 hunc
456 2709 487 2733 et
500 2710 681 2743 sequentem
697 2715 828 2741 versum,

104 2750 229 2782 librario
243 2753 385 2791 omissos,
412 2755 547 2795 margini
573 2755 688 2786 codicis
711 2762 756 2787 Ω.
780 2767 826 2787 re·

104 2802 222 2833 centior
256 2803 409 2848 calamna!
431 2806 600 2845 adscripsit.
657 2807 827 2845 Caeterum,

105 2851 274 2893 scriptum,
297 2865 393 2895 quam
405 2866 462 2886 nos
476 2857 668 2894 exhibemus,
693 2858 827 2888 Bentleii

104 2902 242 2935 calculus
256 2907 383 2939 accedit.
425 2923 428 2925 Α

149 2953 229 2985 Ibid.
252 2958 292 2988 In
307 2960 404 2991 medio
420 2961 498 2991 imas
517 2962 606 2991 sedes.
651 2961 733 2992 Haec
757 2961 829 2992 Ma-

803 3020 866 3049 ΓΞ.)

869 1010 965 1041 nilius
986 1008 1128 1050 respexit,
1153 1008 1282 1050 loquens
1305 1007 1344 1039 de
1370 1007 1492 1046 tellure,
1515 1007 1554 1039 ad
1574 1007 1592 1037 i.

872 1065 940 1094 lTO.

1155 1127 1264 1152 medium
1277 1128 1370 1157 totius,
1382 1130 1410 1153 et
1421 1128 1512 1157 inrum,
1522 1130 1572 1153 est.

910 1189 985 1219 Ver.
1002 1191 1076 1219 455.
1089 1190 1231 1228 perplexa
1246 1189 1374 1218 coibant.
1399 1186 1595 1222 Plutarchus,

868 1239 922 1270 ubi
947 1250 1051 1278 supra:
1078 1246 1314 1281 Περιπλεκομενα
1335 1239 1357 1268 δ’
1373 1245 1516 1272 αλληλοις
1540 1239 1597 1279 (τοι

869 1291 1010 1331 σωμῶΐα)
1035 1304 1119 1321 κατα
1151 1303 1202 1323 Τῆν
1232 1297 1398 1332 πὶρΙκλαθἾῚ
1428 1303 1474 1319 Τθν
1505 1301 1597 1331 8ρανθν

870 1356 1027 1383 ξγξννῆσαν“
1056 1342 1130 1376 Τῆςδ,
1155 1356 1244 1376 all-Tr&
1271 1355 1406 1382 ξχΰμὶναΙ
1429 1349 1534 1381 φϋπξως
1565 1342 1597 1370 αἱ

871 1408 1092 1437 ατομοι,-τρας
1119 1407 1152 1424 το
1179 1407 1312 1435 μετεωρον
1347 1395 1519 1432 &wespa-zm,
1546 1407 1597 1426 ‘rm

872 1461 926 1478 των
943 1460 1064 1489 occupa-u
1079 1455 1158 1486 φυσιν
1176 1453 1333 1477 aetermam.

916 1498 988 1528 Ver.
1005 1501 1078 1529 454.
1101 1499 1176 1528 Tam
1193 1497 1293 1527 reddit
1308 1511 1349 1536 «τῳ
1365 1504 1478 1536 quanto
1493 1496 1599 1526 versus

871 1549 1088 1590 praecedentis;
1112 1556 1142 1580 et
1156 1550 1200 1580 ita
1222 1548 1408 1588 respondent
1430 1549 1503 1578 alibi
1525 1549 1598 1587 plus

872 1601 966 1631 semel
982 1602 1030 1631 hae
1053 1601 1202 1631 dictiones
1228 1600 1260 1629 in
1286 1599 1446 1630 Lucretio:
1473 1599 1543 1634 ¹vide
1559 1600 1596 1630 iv.

872 1656 944 1683 252.
961 1656 1031 1683 254.

916 1703 997 1733 Ibid.
1019 1714 1202 1742 expressere:
1228 1703 1247 1733 i.
1271 1713 1295 1733 e.
1320 1702 1522 1741 exprimendo
1552 1703 1596 1733 es-

872 1753 999 1790 finxere,
1018 1754 1205 1791 formavere3
1229 1754 1351 1783 sociatis
1365 1754 1598 1793 quodammodo

872 1804 1020 1843 primario
1035 1814 1126 1834 sensu
1144 1810 1174 1834 et
1188 1804 1385 1834 secundario:
1413 1814 1496 1839 nam,
1520 1815 1597 1844 quo-

872 1856 931 1886 ties
945 1856 1089 1886 materies
1103 1856 1218 1897 aliqua,
1231 1862 1355 1895 propter
1367 1855 1599 1885 mollitudinem

873 1907 1005 1938 faciliter
1020 1907 1141 1943 cedens,
1164 1918 1219 1946 per
1234 1907 1329 1936 aliam
1355 1917 1421 1936 rem
1444 1907 1599 1945 trudatur,

873 1959 920 1989 vel
950 1959 1096 1990 allidatur
1118 1959 1157 1997 ei,
1187 1958 1426 1988 similitudinem
1456 1959 1512 1996 rei,
1545 1970 1599 1998 per

872 2022 967 2053 quam
983 2011 1154 2051 compulsa,
1166 2011 1214 2041 vel
1229 2011 1281 2041 cui
1296 2010 1386 2040 allisa
1401 2011 1451 2048 sit,
1462 2011 1598 2041 nancisci

873 2063 958 2094 solet.

915 2115 990 2145 Ver.
1020 2117 1092 2146 455.
1129 2115 1240 2144 moenz'a
1270 2116 1387 2144 mundi.
1434 2113 1599 2149 Manilius,

873 2166 1063 2205 Epicuream
1085 2165 1258 2195 doctrinam
1284 2165 1514 2205 praestringens,
1537 2165 1598 2194 huc

873 2217 994 2248 videtur
1008 2217 1114 2248 oculos
1131 2217 1267 2252 vertisse,
1284 2217 1323 2246 ad
1340 2216 1359 2246 i.
1377 2220 1448 2246 486.

1207 2291 1252 2321 qui
1263 2290 1364 2321 primus
1376 2289 1469 2314 moenia
1478 2290 1568 2314 mundi

920 2332 1068 2357 Seminibus
1078 2331 1179 2356 struxit
1190 2330 1349 2355 minimis—.

916 2395 988 2425 Ver.
1006 2398 1079 2426 456.
1104 2406 1137 2425 e:
1164 2394 1355 2429 Macrobius,
1370 2393 1391 2423 1.
1407 2404 1431 2423 c.
1447 2405 1499 2429 εἲς
1519 2403 1598 2429 vere,

872 2452 908 2476 ut
923 2453 1013 2486 puto:
1042 2447 1077 2477 P.
1093 2452 1180 2482 sunt;
1205 2446 1245 2476 V.
1262 2445 1308 2476 ed.
1324 2451 1371 2480 εἰς
1400 2451 1443 2475 Ω.
1459 2457 1598 2476 a.—m(1-

869 2502 918 2539 gis
933 2501 1019 2530 abest
1035 2506 1076 2530 Π.

917 2551 989 2580 Ver.
1017 2553 1089 2581 458.
1122 2561 1196 2580 rara
1212 2549 1395 2590 fhramina:
1429 2559 1499 2589 quae
1525 2555 1599 2579 sunt

873 2601 1009 2641 Virgilio
1024 2612 1103 2631 coeca
1121 2602 1319 2640 spiramenta,
1337 2600 1376 2630 ad
1391 2610 1458 2640 geo.
1474 2600 1494 2630 i.
1513 2605 1562 2631 90.

916 2652 989 2680 Ver.
1022 2654 1093 2681 459.
1123 2652 1261 2690 primus:
1288 2650 1328 2680 V.
1359 2650 1407 2680 ed.
1424 2653 1600 2690 primas.—

871 2703 1028 2733 substulit:
1055 2702 1099 2730 ita
1121 2701 1291 2731 rectissime
1313 2701 1464 2740 scriptum
1486 2707 1532 2731 est
1546 2712 1599 2731 vo-

872 2753 1018 2783 cabulum
1033 2752 1066 2782 in
1084 2752 1120 2782 P.
1137 2752 1233 2782 vind.
1250 2753 1292 2781 V.
1309 2752 1356 2782 ed.
1372 2752 1478 2792 vulgo,
1498 2758 1598 2782 suslu-

870 2806 918 2840 m,-
943 2809 975 2834 at
1001 2802 1149 2833 mendose
1170 2802 1279 2842 procul
1293 2803 1381 2833 omni
1397 2802 1501 2833 dubio.
1546 2803 1600 2833 Li-

871 2857 925 2886 ber
955 2865 1039 2884 unus
1068 2853 1212 2884 similiter
1240 2854 1432 2884 conservavit
1459 2855 1601 2884 substulit

872 2907 912 2938 ad
939 2908 1031 2947 Virg.
1063 2917 1130 2947 geo.
1160 2907 1193 2937 ii.
1223 2910 1274 2938 57.
1299 2917 1402 2947 neque
1431 2907 1598 2946 ambigena,

873 2959 948 3000 quin
964 2959 1064 2991 multa
1078 2959 1213 2991 veritatis
1229 2959 1357 3000 vestigia
1369 2958 1430 2991 sint
1443 2969 1474 2989 se
1489 2967 1601 2988 eorum
