1926 3224
320 229 424 275 ‘33⁸

834 219 896 267 T.
947 216 1325 266 LUCRETII

472 353 608 396 Janua
626 365 679 392 ne
697 349 830 405 posita
848 347 927 389 hiis
948 347 1049 390 Orci
1070 346 1306 404 regionibus
1325 349 1408 387 es'se

475 425 697 474 Credatur3
728 430 822 478 post
840 423 938 464 hinc
957 422 1114 464 animas
1135 420 1383 462 Acheruntis
1402 420 1446 460 in
1466 433 1556 461 oras

474 500 641 542 Ducere
660 498 765 540 forte
784 498 882 540 deos
906 497 1069 539 Maneis
1089 495 1246 537 inferne
1265 509 1442 536 reamur:

361 576 445 617 765
476 574 656 616 Naribus
676 572 853 629 alipedes
872 580 919 614 ut
937 572 1068 613 cervei
1090 586 1197 626 saepe
1216 576 1414 626 putantur

475 649 642 690 Ducere
661 647 714 689 de
732 646 896 688 latebris
915 645 1118 701 serpentia
1137 644 1241 686 secla
1259 643 1450 684 ferarum.

477 722 605 772 Quod
624 720 767 776 procul
787 736 811 761 a
830 719 923 761 vera
945 734 1068 776 quam
1089 719 1140 760 sit
1158 718 1316 759 ratione
1335 715 1557 771 repulsum,

477 796 663 850 Percipe:
696 809 873 849 namque
892 792 978 849 ipsa
998 793 1050 834 de
1070 808 1114 833 re
1132 792 1206 834 tibi
1226 792 1361 833 dicere
1380 804 1520 832 conor.

536 868 763 923 Principio,
784 868 865 908 hoc
884 867 992 917 dico,
1015 866 1126 923 quod
1146 866 1234 907 dixi
1255 880 1363 920 saepe
1383 878 1546 920 quoque
1565 870 1674 911 autc,

364 943 447 986 '170
477 943 530 986 In
549 942 658 984 terrei
678 942 903 999 quoiusque
922 940 1035 982 modi
1055 955 1193 982 rerum
1213 954 1297 981 esse
1316 938 1485 995 figuras:

334 1121 437 1150 tutem
451 1114 594 1148 Maronis
614 1114 702 1145 locus
724 1113 910 1150 felicissime,
937 1114 962 1143 si
988 1113 1057 1153 quis

333 1168 422 1204 alius
439 1172 580 1206 exponet,
597 1165 630 1195 in
647 1166 722 1196 AEn.
738 1175 765 1196 v.
781 1168 852 1196 447.

836 1254 863 1276 et
875 1250 945 1275 ultro

365 1297 425 1329 Ipse
446 1297 544 1328 gravis,
565 1295 749 1328 graviterque,
770 1293 804 1317 ad
822 1296 922 1318 terram
941 1267 1058 1323 pondere

460 1344 536 1365 vasto

366 1382 548 1410 concidie—-.

338 1463 509 1499 Caeterum,
521 1474 555 1491 το
568 1464 687 1499 νερεηιε
698 1456 788 1488 nobis
796 1455 917 1487 videtur
926 1455 1062 1495 pulchri-

337 1525 376 1546 us
390 1513 490 1544 redite
505 1511 545 1543 ad
559 1510 739 1545 clausulam,
764 1509 804 1540 de
818 1507 879 1548 qua
896 1517 981 1538 nunc
995 1508 1061 1547 agi-

337 1573 402 1598 tur:
430 1565 568 1605 adeoque
583 1561 796 1593 distinctiones
811 1560 963 1600 ponimus.
998 1559 1062 1590 Ne-

337 1628 400 1660 que
413 1617 487 1648 huic
501 1625 657 1655 suspensae
682 1612 903 1644 constructioni
929 1621 993 1642 non
1007 1621 1064 1641 sua

337 1675 483 1701 venustas
498 1669 585 1698 inest.

380 1729 456 1759 Ver.
473 1730 544 1760 759.
568 1727 714 1758 Manibus
729 1726 816 1755 divis.
861 1723 971 1760 Recte,
989 1731 1064 1752 nam

339 1780 389 1812 his
409 1781 473 1811 deis
487 1779 690 1810 subterraneis
712 1775 752 1806 ad
776 1784 884 1813 specus
907 1778 938 1803 et
963 1773 1065 1803 hiatus

341 1831 429 1869 tales,
465 1829 631 1868 mephitim
664 1826 834 1857 sulfuream
864 1824 1064 1863 exspirantes,

339 1882 492 1914 sacrificia
502 1881 726 1911 mactabantur:
739 1877 881 1908 conferas
892 1876 979 1917 Virg.
991 1877 1065 1906 AEn.

341 1934 382 1966 vi.
398 1935 575 1965 236—255.

385 1994 460 2024 Ver.
476 1995 549 2023 761.
572 2002 604 2021 e:
633 1989 672 2020 0.
689 1994 724 2020 A.
746 1991 819 2020 lzoec.
864 1988 966 2023 Forte,
981 1998 1068 2017 er.—

332 2047 423 2089 fiant
444 2043 575 2074 caussis:
602 2041 636 2071 P.
661 2047 705 2071 Ω.
729 2041 844 2070 caussis
854 2040 960 2081 fiant;
985 2037 1068 2077 quod

343 2095 503 2129 immerito
525 2093 641 2133 placuit
665 2091 834 2122 editoribus
854 2096 962 2120 contra
976 2089 1069 2120 libros

343 2147 463 2191 plures,
478 2152 509 2176 et
524 2154 655 2175 summae
671 2142 752 2173 fidei.

389 2199 464 2229 Ver.
492 2199 562 2227 762.
580 2197 682 2236 posita
704 2195 776 2231 hiis,
800 2192 848 2223 vel
869 2194 929 2230 lais,
952 2191 1002 2222 vel
1024 2193 1071 2222 iis.

347 2251 400 2284 sic
414 2250 557 2281 videmur
571 2247 656 2278 haud
670 2245 834 2277 infeliciter
848 2244 1014 2276 restituisse
1029 2242 1073 2273 lo-

346 2313 423 2336 cum
437 2312 475 2332 ex
491 2300 633 2341 ingenio:
658 2309 732 2329 nam
754 2300 780 2329 is
803 2303 834 2328 et
854 2299 901 2328 his
923 2295 1074 2327 confundi

347 2354 462 2392 solent,
484 2358 516 2383 et
531 2350 635 2382 statim
657 2349 822 2390 intelliges,
847 2358 942 2389 quam
964 2347 1074 2386 proba-

348 2408 413 2440 bile
428 2407 468 2437 sit
480 2406 603 2446 pascuis,
627 2403 674 2433 vel
685 2405 821 2443 postait's,
838 2402 871 2432 in
886 2399 1075 2440 corruptelas

349 2459 606 2491 membranarum
620 2464 685 2485 esse
700 2454 828 2484 abitura.
873 2452 909 2483 P.
932 2451 986 2481 dat
996 2462 1073 2491 par-

350 2512 408 2546 tis,·
433 2507 531 2539 vind.
550 2506 589 2537 V.
605 2505 652 2536 ed.
679 2505 716 2536 B.
733 2505 772 2535 L.
790 2509 824 2536 Σ.
842 2504 939 2543 potis‚·
966 2502 1013 2533 M.
1035 2502 1074 2538 Q.

346 2562 461 2604 potei85
487 2559 527 2590 Ο.
544 2562 579 2589 Δ.
596 2564 643 2588 Ω..
662 2558 773 2597 potius.
805 2554 922 2595 Vulgo,
938 2552 993 2583 sed
1006 2553 1075 2583 abs-

351 2623 413 2656 que
428 2611 596 2649 codicibus,
611 2608 651 2640 ad
665 2609 750 2639 hunc
765 2606 897 2637 modum
912 2615 1018 2636 versus
1026 2614 1075 2635 or-

354 2663 457 2697 dinari
472 2662 564 2693 solet:

418 2747 503 2777 Janua
513 2750 547 2769 ne
558 2743 596 2768 his
607 2741 665 2768 Orci
673 2740 756 2773 potius
767 2738 919 2772 regionibus
931 2743 986 2764 esse

419 2784 550 2809 Credatur
559 2782 642 2815 pasta,
653 2781 787 2805 hinc—2

359 2862 502 2904 quamvis
524 2860 715 2891 odiosissima
729 2858 817 2888 istius
831 2854 968 2887 hominis
981 2851 1080 2893 negli-

361 2913 477 2955 gentia,
499 2911 553 2954 qui
570 2909 747 2943 testimonia
761 2907 848 2939 codd.
866 2904 962 2937 vind.
980 2904 1018 2940 Q.
1033 2912 1081 2934 reu

1100 1108 1272 1146 nunciavit,
1294 1106 1373 1137 illud
1390 1104 1477 1146 pcista
1500 1103 1581 1134 miro
1604 1112 1678 1133 cum
1701 1107 1826 1142 stupore

1101 1161 1180 1203 (scio
1200 1158 1285 1200 quod
1314 1156 1433 1197 dicam)
1457 1153 1679 1195 propagaverit.
1724 1153 1826 1184 Deni-

1101 1224 1174 1255 que,
1188 1214 1305 1244 mirum
1319 1222 1443 1251 prorsus
1457 1216 1503 1241 est
1525 1214 1740 1240 commentum
1756 1207 1826 1239 Ha-

1101 1264 1256 1303 vercampi
1269 1276 1275 1294 :
1300 1262 1338 1293 de
1353 1273 1415 1303 quo
1430 1260 1542 1292 melius
1557 1259 1706 1291 silebitur.

1142 1323 1217 1354 Ver.
1230 1325 1301 1354 765.
1320 1327 1405 1361 post:
1431 1320 1451 1350 i.
1466 1331 1493 1350 e.
1515 1329 1555 1350 ne
1568 1321 1706 1359 primum
1723 1317 1830 1349 credas

1103 1374 1154 1405 hic
1169 1374 1265 1404 situm
1279 1383 1345 1403 esse
1362 1372 1499 1408 Orcum;
1522 1371 1645 1408 deinde,
1667 1379 1766 1409 quum
1781 1379 1830 1399 er-

1104 1435 1156 1456 ror
1181 1425 1280 1464 pariat
1308 1433 1457 1460 errorem,
1484 1421 1605 1451 animas
1632 1426 1831 1450 mortuorum

1105 1478 1179 1508 hinc
1194 1476 1301 1507 exciri:
1327 1485 1398 1516 quae
1422 1480 1496 1505 sunt
1513 1474 1625 1513 ineptae
1639 1471 1831 1511 superstitio-

1106 1540 1213 1561 sorum
1223 1528 1389 1559 hominum
1404 1524 1712 1566 opiniones—Duos
1725 1529 1832 1554 autem

1107 1592 1223 1620 versus,
1233 1580 1288 1622 qui
1303 1579 1443 1620 proxime
1458 1580 1677 1619 insequuntur,
1689 1575 1832 1606 librarius

1107 1633 1222 1664 codicis
1239 1639 1284 1663 Ω..
1301 1630 1549 1671 praetermiserat,
1562 1634 1593 1659 et
1607 1628 1641 1658 in
1656 1627 1710 1658 ora
1725 1636 1832 1658 exem-

1107 1684 1200 1726 plaris
1214 1693 1328 1714 manus
1341 1681 1494 1713 recentior
1510 1679 1679 1719 descripsit.

1151 1737 1225 1767 Ver.
1249 1738 1321 1766 764.
1343 1735 1471 1771 manea's,
1494 1742 1550 1762 seu
1574 1732 1692 1762 mauis.-
1718 1730 1760 1760 V.
1786 1728 1834 1764 ed.

1110 1795 1155 1820 Ω.
1184 1790 1218 1819 in
1240 1789 1315 1824 avis5
1340 1792 1377 1819 Σ.
1400 1786 1504 1817 inanis
1511 1799 1522 1822 ;
1546 1794 1586 1814 ne
1610 1793 1676 1813 uno
1705 1781 1835 1823 quidem

1108 1840 1299 1871 lineamento
1334 1838 1496 1868 literarum
1540 1834 1837 1874 discrepante—ina

1098 1892 1205 1932 firne:
1232 1891 1267 1921 P.
1286 1888 1382 1919 Vind.
1400 1889 1441 1919 V.
1465 1887 1513 1918 ed.
1536 1887 1574 1917 B.
1598 1885 1637 1917 Ο.
1662 1885 1703 1922 Q.
1728 1890 1763 1917 Σ.
1788 1890 1836 1916 Ω..

1109 1942 1252 1984 infima,-
1276 1941 1388 1982 quibus
1410 1940 1515 1970 forsan
1537 1937 1650 1969 melius
1679 1937 1836 1975 obtempe-

1110 2003 1234 2023 rassem.

1155 2053 1228 2083 Ver.
1245 2055 1316 2083 765.
1339 2057 1373 2082 ut
1388 2051 1493 2082 cervei.
1537 2048 1589 2078 De
1604 2048 1662 2077 hac
1683 2044 1790 2077 fabula
1812 2045 1839 2076 si

1112 2104 1256 2135 consulas
1273 2103 1390 2134 AElian.
1404 2101 1443 2132 de
1457 2100 1588 2131 animm.
1602 2099 1634 2129 ii.
1651 2103 1680 2130 9.
1705 2097 1839 2137 Oppian.

1114 2167 1221 2197 cyneg.
1237 2156 1268 2186 ii.
1285 2159 1355 2186 253.
1378 2161 1409 2184 et
1423 2153 1594 2192 scriptores,
1609 2160 1687 2192 quos
1708 2149 1842 2180 editores

1115 2208 1284 2238 doctissimi
1300 2205 1505 2240 laudaverint,
1515 2203 1595 2234 nihil
1604 2201 1739 2242 amplius
1749 2211 1842 2242 super

1116 2260 1175 2290 hac
1190 2269 1223 2289 re
1238 2255 1537 2289 communicandum
1552 2252 1748 2285 desiderabis.

1159 2311 1235 2342 Ver.
1252 2313 1322 2342 768.
1340 2308 1470 2340 Codices
1486 2307 1624 2338 multum
1638 2305 1773 2343 variant3
1786 2313 1843 2335 nos

1117 2365 1262 2396 dedimus
1283 2374 1410 2404 operam
1432 2363 1573 2404 seligere,
1599 2360 1684 2402 quod
1708 2369 1781 2390 vero
1801 2359 1842 2394 sio

1117 2416 1288 2446 millimum
1317 2414 1472 2445 videretur
1510 2423 1546 2443 ac
1574 2410 1842 2449 venustissimum,

1117 2469 1174 2499 tibi
1182 2481 1192 2499 :
1219 2467 1324 2508 vulgo,
1338 2477 1437 2502 πωπω
1461 2464 1515 2495 sed
1529 2463 1608 2494 illud
1629 2465 1687 2494 tibi
1699 2463 1842 2504 praebent

1119 2521 1156 2552 P.
1180 2520 1222 2551 V.
1244 2519 1292 2550 ed.
1322 2524 1354 2549 et
1377 2519 1595 2556 Havercampo
1620 2515 1788 2555 Alteroque
1809 2513 1844 2543 in

1119 2572 1168 2602 his
1192 2570 1319 2602 lubricis
1341 2579 1406 2600 non
1431 2567 1604 2599 fidendum.
1648 2566 1699 2597 Ita
1719 2573 1843 2595 versum

1120 2624 1276 2660 exhibent,
1293 2631 1443 2653 mancum
1457 2620 1607 2658 numeris,
1625 2618 1666 2649 V.
1683 2617 1730 2649 ed.
1748 2616 1789 2648 Ο.

1166 2706 1288 2738 Percipe;
1304 2711 1368 2730 narn
1379 2709 1452 2729 nunc
1463 2702 1518 2735 ipsa
1525 2701 1576 2726 tibi
1585 2700 1673 2725 dicere
1683 2704 1780 2724 conor:

1122 2776 1167 2806 ita
1194 2782 1239 2806 Ω.
1265 2774 1326 2805 nisi
1347 2773 1431 2815 quod
1453 2774 1489 2803 de
1511 2782 1544 2802 re
1567 2770 1679 2799 habeat
1703 2777 1759 2807 pro
1780 2767 1846 2799 tibi.

1123 2829 1228 2860 Voces
1241 2830 1306 2868 ipsa
1323 2827 1379 2857 tibi
1393 2824 1507 2855 desunt
1523 2826 1559 2852 Δ.
1602 2821 1654 2851 Ita
1667 2829 1739 2850 vero
1754 2823 1789 2851 Σ.

1170 2902 1287 2935 Percipe,
1296 2908 1359 2929 nam
1369 2906 1427 2933 με
1435 2898 1468 2924 sit
1478 2905 1522 2925 uec
1532 2897 1612 2930 ipsam
1622 2895 1712 2922 dicere
1721 2900 1806 2921 conor
1830 2897 1839 2907 ¹
