1926 3224
291 233 386 276 226

794 233 854 280 T.
892 231 1270 282 LUCRETII

431 358 529 409 Quo
548 361 677 416 magis
696 360 740 400 in
761 360 895 411 nobis,
926 368 972 402 ut
992 360 1156 416 opinor,
1187 361 1305 417 culpa
1324 362 1488 405 resedit:

295 435 400 473 1425
434 433 580 490 Frigus
599 433 709 476 enim
728 433 861 476 nudos
881 434 968 476 sine
986 434 1155 490 pellibus
1175 435 1437 477 excruciabat

433 507 679 563 Terrigenas
685 524 698 557 ς
727 515 770 549 at
788 522 864 550 nos
883 508 986 551 nihil
1005 508 1118 551 laedit
1137 517 1246 552 veste
1266 524 1405 552 carere

432 580 660 635 Purpurea,
691 589 813 638 atque
832 598 934 624 auro
953 583 1158 641 signisque
1185 583 1412 641 rigentibus
1431 581 1546 638 apta3

431 653 549 696 Dum
570 654 728 709 plebeia
747 664 885 698 tamen
909 657 976 708 sit,
1006 672 1100 713 quae
1119 657 1336 699 defendere
1354 657 1493 713 possit.

432 727 547 785 Ergo
570 727 787 771 hominum
806 744 936 786 genus
955 731 1000 772 in
1028 746 1201 782 cassum,
1233 731 1477 787 frustraque,
1507 729 1666 773 laborat

293 804 399 841 1430
431 801 617 857 Semper,
648 811 690 844 et
708 803 752 844 in
772 804 880 845 curis
905 805 1109 847 consumit
1128 805 1318 848 inanibus
1337 820 1486 847 aevom:

432 873 657 927 Nimirum,
686 876 783 933 quia
801 892 887 920 non
907 879 1117 936 cognovit,
1148 894 1241 936 quae
1261 879 1313 920 sit
1331 877 1512 920 habendi

286 1044 346 1075 bus
373 1043 454 1075 nihil
482 1044 614 1077 vividius
636 1046 754 1087 cupias,
782 1053 814 1078 et
839 1048 1008 1080 efficacius:

285 1095 420 1128 editores
440 1104 559 1137 autem,
582 1099 785 1132 alienissimos
802 1101 925 1141 pudori,
948 1113 1013 1134 non

285 1149 432 1189 poenituit
451 1149 491 1180 de
513 1161 569 1182 suo
591 1151 734 1183 infercire
755 1155 877 1184 tandem
883 1170 894 1190 ;
918 1165 1014 1194 quam

285 1199 453 1245 falsitatem
467 1201 605 1233 socordia
620 1203 775 1234 collatoris
787 1204 1013 1234 Vindobonen-

285 1251 328 1282 sis
350 1253 497 1283 sustinuit
523 1257 945 1295 propagare—distractam:
971 1255 1014 1285 sic

286 1303 324 1336 P.
340 1304 434 1335 vind.
451 1305 492 1335 V.
507 1306 554 1336 ed.
582 1312 617 1337 Δ.
634 1313 675 1337 n.
694 1311 726 1338 Σ.
747 1313 789 1337 Ω.
813 1307 928 1343 caeteri,
949 1308 1012 1336 dis-

284 1360 434 1392 tractum‚·
457 1366 526 1396 quae
542 1356 632 1386 lectio
650 1356 725 1386 ferri
740 1363 868 1396 poterat,
891 1366 1011 1395 respec-

283 1411 320 1436 tu
335 1405 376 1437 ad
390 1406 476 1436 aliud
491 1417 607 1437 nomen
621 1408 738 1446 habito,
761 1414 798 1438 ut
820 1408 893 1438 alibi
909 1418 1011 1447 reper-

286 1462 356 1487 tum
369 1463 417 1488 est
430 1458 463 1487 in
480 1458 641 1489 Lucretio:
659 1459 712 1489 sed
724 1465 829 1489 nostra
844 1459 1013 1498 simplicior

286 1514 343 1547 est,
358 1509 562 1550 apertiorque.

328 1567 410 1599 Ibid.
431 1570 611 1599 distractam
637 1570 832 1609 Disperiisse.
880 1569 1010 1601 Claudi-

284 1621 338 1652 ani
363 1621 460 1661 locus,
484 1622 541 1663 qui
568 1633 619 1653 me
644 1623 766 1655 dudum
791 1624 919 1665 fugerit,
942 1635 1010 1665 per-

284 1681 380 1712 quam
394 1680 587 1713 opportunus
602 1681 660 1714 est,
675 1675 709 1706 in
726 1675 801 1707 Rus.
817 1676 850 1707 ii.
868 1680 940 1708 417.

477 1752 647 1782 sparsumque
655 1750 721 1782 perit
732 1757 779 1783 per
789 1751 843 1776 tela
854 1751 978 1777 cadaver.

329 1817 402 1849 Ver.
420 1822 512 1850 1421.
537 1821 737 1861 Disperiisse:
773 1821 829 1860 sic,
858 1821 906 1852 vel
931 1823 1007 1853 Dis-

279 1871 405 1910 perisse.
442 1870 512 1900 libri
541 1878 658 1902 veteres
687 1873 838 1903 universi:
878 1873 1011 1904 editores

284 1919 501 1959 nihilominus,
525 1923 643 1952 nescias
665 1922 879 1963 impudentius
900 1935 940 1954 an
960 1925 1008 1954 in-

284 1969 418 2009 doctius,
432 1971 471 2001 de
485 1971 549 2002 suis
564 1974 693 2003 somniis
709 1975 897 2014 Dispersisse
912 1976 1012 2006 intru-

284 2028 393 2052 serunt
406 2023 439 2052 in
455 2029 650 2055 contextum:
675 2035 739 2055 non
764 2026 1012 2057 animadverten-

285 2078 333 2103 tes
347 2073 462 2104 scilicet
483 2075 614 2105 verbum
636 2083 802 2108 convertere
825 2077 859 2107 in
875 2077 1015 2108 absoluto

285 2134 378 2155 sensu
393 2125 479 2164 poni,
497 2126 537 2156 ad
555 2135 676 2157 morem
691 2127 927 2159 usitatissimum
943 2130 1014 2168 poe-

285 2180 339 2206 tae:
366 2176 473 2207 redeas
487 2177 528 2207 ad
550 2177 588 2207 iv.
606 2181 676 2209 138.
699 2184 730 2208 et
753 2188 829 2209 verr.
846 2182 916 2210 616.
941 2184 1012 2211 829.

285 2227 438 2266 superius.
481 2228 577 2264 Quod
598 2227 753 2265 dedimus,
775 2229 808 2260 id
827 2230 918 2260 solito
939 2240 1013 2261 cum

280 2277 402 2317 judicio
418 2278 580 2309 Bentleius
593 2280 686 2310 unice
701 2281 858 2320 probabat.
902 2281 1013 2322 Dictys

287 2329 456 2368 Cretensis,
479 2329 511 2361 ii.
533 2333 564 2360 3.
598 2334 620 2349 ‘⁸
638 2330 770 2361 Interim
791 2331 1014 2369 Teuthranius,

284 2383 309 2400 ‘⁶
322 2381 421 2412 —ubi
444 2381 665 2413 animadvertit
691 2383 825 2424 Ajacem
850 2384 937 2414 tanta
959 2385 1015 2416 ad-

284 2438 310 2455 “
325 2446 448 2466 versum
474 2447 547 2467 suos
572 2446 646 2467 cum
673 2437 775 2478 gloria
802 2437 1014 2475 dimicantem,

285 2489 454 2526 “propere
483 2487 523 2518 ad
553 2498 626 2518 eum
657 2488 844 2520 convertit.·''
879 2490 898 2519 i.
929 2499 955 2519 e.
985 2501 1015 2521 se

282 2541 443 2577 convertit,
473 2540 537 2570 sive
567 2543 760 2571 convertitur.
806 2540 909 2579 Idem,
941 2541 1014 2572 ibid.

284 2599 352 2629 eap.
377 2593 427 2620 27.
455 2590 576 2621 tim—‘⁴
591 2601 666 2622 cum
695 2590 812 2632 magna
841 2591 946 2630 praeda
974 2591 1017 2622 ad

288 2643 310 2658 ‘⁸
325 2650 398 2671 suos
413 2641 590 2673 convertit.‘'
628 2642 786 2681 Justinus,
801 2643 903 2674 xxxvi.
920 2647 950 2674 2.
968 2647 1016 2675 15.

287 2694 310 2710 ‘⁸
329 2692 424 2727 Quod
453 2703 491 2724 ex
524 2693 633 2726 caussa
656 2695 775 2726 factum
799 2695 961 2735 paullatim
983 2695 1016 2725 in

287 2745 311 2762 “
327 2742 523 2783 disciplinam
552 2745 802 2788 religionemque
836 2747 1012 2779 convertit.”

288 2792 353 2825 Ubi
367 2799 403 2824 tu
417 2795 520 2827 videas
536 2798 774 2829 Berneccerum.

330 2853 405 2884 Ver.
424 2857 516 2886 1422.
544 2860 644 2889 curis.-
679 2864 714 2890 Δ.
743 2870 827 2890 curce
851 2866 910 2896 est.»
944 2869 1015 2900 quae

286 2902 417 2936 varietas
430 2905 498 2937 sine
510 2913 553 2939 est
574 2908 665 2940 valde
679 2908 853 2949 placuisset,
875 2909 916 2940 ad
933 2910 1014 2940 hanc

1056 1050 1164 1091 utique
1178 1048 1457 1080 constructionem:
1484 1050 1507 1066 ‘⁴
1521 1046 1651 1078 Aurum
1664 1052 1697 1078 et
1709 1057 1784 1088 pur.

1058 1103 1081 1119 “
1096 1110 1185 1139 pura,
1211 1110 1280 1140 quae
1295 1105 1366 1130 sunt
1381 1108 1475 1136 curae,
1499 1108 1536 1128 ac
1557 1098 1781 1130 solicitudini’·

1060 1152 1119 1182 Sed
1142 1150 1369 1190 exemplaribus
1386 1149 1528 1189 pluribus
1548 1156 1641 1192 atque
1655 1150 1784 1182 vetusti-

1056 1203 1161 1233 oribus
1174 1201 1415 1233 auscultandum
1430 1211 1544 1233 remur.

1101 1262 1181 1293 Ibid.
1204 1264 1288 1293 curis
1305 1264 1458 1294 Exercent
1472 1264 1575 1294 vitam.
1613 1263 1786 1303 Arnobiug

1056 1312 1107 1343 lib.
1122 1313 1153 1343 ii.
1177 1324 1205 1353 p.
1222 1316 1339 1344 53.—“
1355 1312 1518 1344 iracundia
1534 1313 1718 1351 ferveamus,
1732 1326 1784 1346 ez·-

1056 1367 1079 1383 “
1093 1375 1248 1395 erceamus
1263 1366 1296 1395 in
1307 1365 1448 1405 flagitiis
1462 1364 1631 1395 vitam—.’'

1100 1426 1173 1457 Ver.
1192 1430 1283 1457 1424.
1308 1428 1435 1458 resedit:
1460 1426 1501 1457 de
1520 1436 1553 1457 re
1569 1425 1638 1466 jam
1659 1425 1716 1456 diu
1738 1425 1785 1455 vi-

1055 1483 1150 1518 gente
1164 1477 1315 1518 loquitur,
1337 1484 1370 1509 et
1390 1478 1493 1509 adhuc
1511 1483 1675 1516 manente3
1695 1476 1785 1519 quasi

1055 1528 1223 1559 stationem
1245 1529 1368 1560 dudum
1392 1529 1598 1569 occupaverit,
1620 1534 1714 1570 atque
1735 1529 1785 1559 in-

1053 1580 1240 1611 veteraverit.
1257 1580 1340 1611 Haec
1353 1586 1459 1617 autem
1476 1581 1560 1612 verbi
1574 1580 1676 1611 forma
1689 1580 1786 1621 longe

1053 1631 1207 1662 efficacior
1228 1632 1275 1669 ea,
1298 1642 1395 1673 quam
1410 1632 1564 1672 perfrictae
1585 1632 1697 1663 frontis
1718 1631 1784 1668 edi·

1054 1688 1136 1714 tores
1155 1693 1194 1713 ex
1215 1683 1341 1713 arbitrio
1366 1683 1534 1722 dederunt,
1553 1683 1784 1722 exemplarium

1053 1740 1194 1764 veterum
1215 1734 1432 1765 auctoritatem
1452 1734 1667 1773 proculcantes
1674 1746 1684 1772 ;
1706 1736 1784 1769 resi·

1053 1787 1098 1816 dic
1119 1784 1246 1816 scilicet.
1293 1785 1340 1815 M.
1356 1785 1499 1823 Tullius,
1522 1785 1607 1825 epist.
1622 1785 1662 1816 ad
1681 1786 1746 1816 Att.
1761 1785 1782 1817 ἰ.

1055 1839 1103 1867 17.
1128 1839 1150 1854 “
1169 1835 1276 1877 Atque
1299 1836 1395 1876 hujus
1416 1836 1609 1867 incommodi
1623 1838 1712 1877 culpa
1729 1836 1785 1869 ubi

1054 1891 1076 1905 “
1092 1889 1231 1922 resideat,
1271 1887 1393 1918 facilius
1432 1898 1559 1927 possum
1595 1887 1784 1929 existimare,

1057 1942 1079 1957 “
1094 1949 1190 1980 quam
1205 1939 1411 1969 scribere—.’'

1098 1998 1173 2027 Ver.
1192 2000 1287 2028 1426.
1307 2000 1407 2028 nihil:
1433 1998 1477 2029 sic
1493 1998 1588 2029 vind.
1603 1999 1644 2029 V.
1669 1998 1720 2029 ed.
1748 2003 1784 2031 Δ.

1059 2053 1099 2078 Π.
1116 2047 1223 2088 vulgo,
1243 2050 1289 2078 nil
1295 2064 1306 2085 ,·
1331 2055 1366 2079 ut
1380 2048 1502 2087 passim.

1101 2109 1176 2140 Ver.
1192 2112 1284 2141 1427.
1299 2111 1483 2150 rigentibus:
1509 2109 1547 2140 P.
1562 2109 1604 2140 V.
1619 2109 1667 2140 ed.
1681 2112 1789 2150 vigen-

1059 2162 1138 2192 tibus
1144 2175 1154 2196 ‚·
1181 2160 1302 2202 reliqui,
1320 2162 1508 2201 ingentibus:
1535 2159 1589 2190 sed
1604 2166 1708 2191 nostra
1721 2160 1784 2192 lec-

1056 2212 1100 2242 tio
1116 2212 1275 2243 verissima
1296 2219 1353 2252 est,
1377 2219 1469 2253 atque
1495 2212 1625 2243 debetur
1646 2211 1783 2253 eleganti

1056 2263 1185 2304 ingenio
1199 2264 1334 2295 Joannis
1348 2265 1466 2296 Jortini
1482 2264 1637 2300 nostratis,
1661 2265 1715 2305 qui
1734 2274 1785 2295 ro-

1057 2316 1146 2345 borat
1180 2315 1433 2346 emendationem
1470 2325 1560 2346 versu
1592 2315 1783 2356 virgiliano,

1059 2367 1134 2398 AEn.
1149 2367 1189 2398 xi.
1207 2371 1256 2399 72.

1072 2458 1155 2482 Tune
1166 2456 1285 2489 geminas
1295 2457 1385 2487 ventis,
1400 2463 1519 2489 auroque
1528 2459 1646 2489 ostroque
1655 2456 1769 2490 rigentis,

1075 2504 1181 2529 Extulit
1193 2506 1359 2529 δίκας-ω

1061 2579 1128 2610 Nec
1142 2579 1224 2610 male
1239 2579 1438 2619 apposuisset,
1454 2579 1528 2611 ibid.
1543 2583 1614 2612 648.

1104 2682 1259 2690 ———
1269 2670 1366 2702 pallam
1377 2670 1455 2703 signis
1464 2677 1575 2702 auroque
1584 2669 1712 2702 rigentem.

1060 2754 1212 2785 Conferas
1225 2754 1321 2785 etiam
1342 2754 1416 2786 ibid.
1429 2764 1458 2785 v.
1473 2756 1544 2785 267.
1590 2752 1632 2782 In
1647 2751 1780 2783 confun-

1056 2805 1168 2836 dendis
1181 2813 1289 2837 autem
1304 2806 1404 2837 verbis
1423 2807 1505 2845 rigeo
1528 2809 1559 2834 et
1575 2805 1658 2844 vigeo
1674 2814 1781 2843 pecca·

1057 2865 1128 2887 vere
1143 2856 1253 2887 itidem
1274 2856 1391 2888 librarii
1412 2855 1453 2886 ad
1469 2854 1561 2886 ovid.
1576 2864 1674 2885 amor.
1688 2854 1735 2886 iii.
1752 2858 1782 2886 7.

1054 2913 1076 2940 6
1081 2909 1316 2946 7.-Caete.rum,
1331 2919 1389 2950 pro
1401 2916 1485 2950 apta.
1502 2913 1538 2940 Δ.
1552 2909 1646 2942 habet
1657 2914 1739 2941 acta.
