1926 3224
578 238 810 286 LIBER
861 238 1216 296 QUINTUS.

1587 244 1625 281 §.0

1624 244 1646 281 Ul

295 369 429 412 Terra
448 371 513 421 sit,
545 385 568 412 e
587 370 695 412 terra
717 372 912 427 quoniam
933 379 1028 413 sunt
1048 378 1197 413 cuncta
1216 376 1363 412 creata.

181 444 261 484 795

353 444 569 500 Multaque
589 459 700 486 nunc
720 446 843 486 etiam
864 445 1065 486 exsistunt
1083 443 1273 485 animalia
1291 442 1423 491 terris,

294 517 500 558 Imbribus
521 526 561 558 et
581 517 714 558 calido
734 517 1041 558 solis-concreta
1061 532 1224 571 vapore.

291 591 391 639 Quo
410 592 545 630 minus
565 598 625 630 est
644 590 812 638 mirum,
836 590 868 629 si
889 597 977 630 tum
993 598 1089 630 sunt
1108 590 1228 644 plura
1248 598 1404 639 coorta,

293 664 347 704 Et
366 663 539 716 majora3
571 660 677 702 nova
699 661 855 711 tellure,
878 669 1000 717 atque
1020 661 1191 712 aethere,
1212 662 1365 704 adulta.

347 734 572 789 Principio,
593 749 723 791 genus
743 734 933 786 alituum,
957 737 1163 792 variaeque
1183 735 1383 785 volucres,

142 896 163 912 “
179 891 269 930 nova,
291 897 383 932 atque
404 892 518 922 aethere
540 891 648 924 novo.’‘
695 892 776 928 Quae
791 892 870 923 ratio

143 954 183 974 ne
198 944 353 974 Lambino
366 944 494 984 quidem
508 943 675 983 displicuit.
701 943 783 974 Vide
800 954 871 984 quae

142 1005 199 1026 nos
212 995 251 1026 de
266 997 324 1026 hac
339 995 485 1031 dictione,
507 1004 572 1025 non
588 994 780 1034 poenitenda,
804 994 866 1025 dis-

141 1048 297 1079 seruimus
311 1047 351 1078 ad
366 1047 397 1077 ii.
418 1051 507 1079 1129.
542 1046 710 1082 caeterum,
735 1046 868 1077 clarissi-

140 1109 192 1130 me
206 1099 316 1139 liquet,
331 1098 457 1138 phrasin
471 1100 581 1129 aetlzere
595 1099 712 1134 adulto,
735 1098 754 1128 i.
771 1108 796 1128 e.
814 1097 869 1138 qui

139 1153 348 1182 maturitatem
371 1160 461 1180 suam
483 1149 630 1190 attigerit,
653 1149 753 1180 menti
769 1150 868 1189 poetae

140 1207 232 1243 atque
254 1201 455 1241 apertissimis
478 1200 538 1231 loci
557 1200 721 1240 postulatis
743 1206 868 1230 contra·

139 1255 258 1293 dicere3
284 1266 383 1296 quum
407 1255 514 1286 omnia
536 1255 697 1295 fingantur
713 1254 782 1294 jam
797 1264 868 1284 nas-

138 1307 241 1338 centia
266 1317 305 1338 ex
328 1306 516 1346 primordiis.
568 1306 742 1344 Nimirum,
764 1307 868 1336 adoleo

139 1364 170 1389 et
199 1360 334 1390 adolesco
362 1357 468 1388 valent
498 1368 631 1389 crescere
657 1356 707 1387 vel
736 1367 864 1396 augere:

137 1409 266 1440 consule
292 1409 434 1439 Nonium
458 1408 658 1444 Marcellum,
682 1407 704 1437 i.
730 1410 804 1437 288.
828 1407 867 1437 iv.

137 1465 188 1492 44.
223 1460 372 1491 Aurelius
398 1460 519 1495 Victor,
544 1459 582 1490 de
608 1460 687 1490 Caes.
712 1458 808 1488 xxxii.
838 1461 866 1488 4.

137 1515 161 1531 “
177 1511 353 1543 Prudentes
366 1510 577 1550 perniciosum
592 1508 772 1548 reipublicae
790 1508 824 1550 (i.
840 1518 865 1538 e.

137 1567 160 1583 “
178 1577 211 1595 ‘ro
237 1564 375 1604 βλαέερον
402 1576 439 1604 ‘⁷3²
467 1561 565 1602 πολει)
590 1561 729 1591 cecinere
750 1561 865 1590 adoles·

138 1619 160 1634 “
177 1617 272 1646 centis
303 1615 337 1656 (i.
364 1624 391 1644 e.
431 1613 617 1652 αυξανομενε)
662 1611 748 1642 fluxo
779 1613 864 1651 inge·

137 1671 160 1686 ‘⁶
175 1666 301 1698 nio—P
347 1665 522 1702 Ausonius,
548 1663 682 1703 epitaph.
702 1662 864 1702 Polydori,

135 1717 197 1749 xix.
216 1721 244 1748 2.

166 1806 240 1832 Cede
255 1805 360 1838 procul,
376 1806 555 1836 myrtumque
572 1804 650 1828 istam
669 1802 744 1834 suge,
763 1801 864 1827 nescius

243 1846 352 1877 hospes:

194 1885 328 1910 Telorum
339 1891 413 1917 seges
423 1887 474 1913 est,
490 1882 614 1915 sanguine
624 1881 714 1907 adulta
726 1887 798 1906 meo.

136 1973 238 2009 Idem,
261 1972 347 2013 idyll.
363 1972 402 2002 vi.
419 1975 469 2003 72.
484 1971 528 2001 sic
543 1968 740 2001 scribendus:

513 2054 650 2080 Rescindit
661 2052 778 2078 adultum

192 2096 302 2129 Myrrha
313 2100 422 2121 uterum
433 2094 550 2127 lacrymis
561 2093 713 2118 lucentibus
725 2099 731 2116 :

131 2173 168 2198 ut
191 2167 269 2198 liber
290 2167 423 2206 scriptus
447 2165 576 2206 optime,
603 2174 660 2204 pro
680 2165 860 2204 lugentibus.

132 2219 268 2259 Nempe,
285 2221 424 2259 plenum,
456 2217 506 2248 vel
527 2223 664 2252 auctum,
696 2215 860 2255 lacrymis3

131 2277 168 2301 ut
195 2271 362 2301 Lucretius
389 2269 504 2310 passim
535 2268 682 2309 loquitur.
744 2266 861 2297 Confer

133 2322 225 2353 ovid.
239 2321 307 2352 fast.
323 2332 350 2352 V.
368 2324 438 2353 175.
464 2319 628 2351 Claudian.
643 2324 719 2358 rapt.
737 2318 824 2347 Pros.
839 2318 858 2349 i.

133 2381 206 2408 150.
231 2376 319 2417 Virg.
335 2386 402 2417 geo.
419 2376 451 2406 ii.
463 2379 538 2406 562.
586 2374 713 2404 Addam
731 2372 856 2402 Ammi-

129 2437 228 2458 anum
252 2426 490 2463 Marcellinum,
515 2425 589 2456 xxii.
615 2427 714 2455 8.-—“
743 2424 856 2463 Borys-

129 2483 149 2498 “
166 2479 285 2513 thenes‚
315 2488 334 2507 a
355 2477 516 2507 montibus
537 2476 640 2506 oriens
664 2475 855 2511 Neurorum,

129 2534 151 2565 ‘.‘
168 2528 365 2569 primigeniis
387 2527 526 2557 fontibus
547 2527 699 2566 copiosus
727 2537 855 2557 concur-

127 2584 150 2599 “
166 2590 264 2621 suque
272 2578 447 2609 multorum
456 2577 600 2608 amnium
610 2576 854 2607 adulescens-P

130 2631 274 2663 Catullus
294 2636 365 2671 post
386 2630 549 2660 neminem
575 2634 771 2668 opportunus
797 2634 852 2663 est,

128 2694 177 2714 xx.
200 2687 249 2714 11.

216 2763 284 2788 Meis
295 2762 397 2794 capella
408 2762 522 2787 delicata
534 2760 637 2794 pascuis

220 2804 250 2828 In
261 2804 355 2828 urbem
368 2802 459 2827 adulta
471 2803 534 2827 lacte
545 2804 635 2833 portat
648 2801 743 2825 ubera:

127 2877 144 2906 i.
161 2887 187 2906 e.
208 2876 302 2915 plena
316 2877 407 2915 lacte,
423 2882 455 2906 et
469 2875 635 2916 turgentia.
667 2873 755 2904 Hinc
769 2871 855 2903 haud

126 2926 252 2957 difficile
280 2927 376 2958 fuerit
408 2927 550 2959 vocabuli
588 2930 771 2965 potestatem
803 2934 854 2954 ve·

161 2986 251 3016 Vor..
270 2986 337 3016 111.

858 2980 890 3011 K

915 902 995 929 ram,
1019 892 1086 923 aliis
1101 891 1134 922 in
1149 891 1225 922 locis
1241 891 1446 929 obtinentem,
1475 890 1641 927 declarare;

914 949 1006 984 atque
1022 943 1063 974 ad
1078 942 1231 983 quosdam
1246 942 1447 982 Virgilianos,
1461 942 1528 982 jam
1547 952 1642 981 appo-

914 994 1048 1032 nendos,
1069 994 1164 1024 multi
1188 993 1367 1024 consimiles
1390 992 1473 1023 ultro
1495 998 1644 1031 poterunt

911 1046 1086 1076 volentibus
1101 1045 1183 1086 exigi
1198 1044 1375 1075 lectoribus.
1413 1044 1544 1074 Primus
1559 1043 1638 1074 adsit

911 1110 978 1141 geo.
991 1100 1030 1130 iv.
1046 1102 1119 1130 579.

1107 1165 1247 1191 Panchaeis
1257 1164 1403 1189 adolescunt
1414 1164 1518 1196 ignibus
1529 1170 1599 1189 arae:

911 1226 930 1257 i.
947 1236 974 1256 e.
1005 1224 1092 1255 haud
1108 1223 1214 1261 dubie,
1240 1226 1259 1241 ⁴‘
1275 1232 1336 1252 arae
1352 1223 1552 1252 cumulantur
1567 1220 1642 1250 odo.

913 1279 935 1296 “
950 1275 1036 1307 ribus
1065 1274 1230 1306 Panchaeis
1257 1271 1523 1314 ignescentibus.'’
1571 1271 1641 1301 Ser-

912 1327 989 1363 vius,
1012 1325 1242 1367 Philargyrius,
1259 1323 1416 1363 Heynius,
1430 1322 1494 1358 alii,
1518 1323 1572 1363 qui
1588 1332 1642 1361 per

912 1380 1131 1415 incenduntur,
1156 1376 1219 1406 sive
1247 1377 1367 1411 ardent,
1398 1375 1643 1414 interpretantur

911 1439 1031 1466 vocem,
1051 1433 1117 1459 toto
1132 1426 1209 1458 coelo
1225 1426 1413 1457 deerravere.
1442 1425 1556 1461 Idem,
1583 1423 1640 1454 ecl.

910 1479 972 1510 viii.
988 1482 1040 1510 65.

941 1548 1128 1579 verbenasque
1138 1547 1209 1573 adole
1219 1546 1335 1579 pinguis,
1349 1548 1378 1571 et
1388 1545 1506 1570 mascula
1519 1547 1578 1569 tura
1589 1551 1596 1568 :

909 1612 928 1641 i.
958 1622 983 1642 e.
1006 1611 1094 1652 large
1124 1610 1278 1650 reponite,
1311 1610 1492 1640 cumulatim
1525 1609 1639 1646 ingere.

910 1662 1009 1692 Po'eta
1023 1661 1062 1692 de
1077 1663 1205 1692 incende
1225 1659 1305 1690 nihil
1322 1659 1487 1700 cogitabat.
1535 1657 1640 1694 Idem,

911 1713 987 1743 AEn.
1003 1712 1022 1742 i.
1040 1716 1113 1743 704.
1140 1712 1225 1742 unde
1242 1711 1358 1742 Statius
1373 1711 1480 1748 etiam,
1504 1709 1603 1740 Theb.
1618 1708 1640 1738 i.

909 1769 981 1798 514.
997 1764 1200 1804 explicandus
1214 1770 1275 1795 est:

1135 1835 1162 1858 et
1175 1831 1294 1856 flammis
1304 1831 1402 1855 adolere
1417 1833 1542 1862 penates:

906 1895 967 1925 i.e.
1002 1898 1023 1911 “
1045 1893 1154 1923 multos
1183 1890 1274 1931 ignes
1300 1888 1469 1919 accendere
1497 1897 1553 1927 per
1582 1887 1637 1916 do-

906 1950 928 1965 “
944 1956 1035 1976 mum
1042 1946 1073 1983 ;'’
1089 1943 1138 1974 vel
1148 1953 1263 1982 augere
1261 1942 1406 1983 flammis
1414 1942 1503 1971 aedes.
1530 1938 1637 1969 Multa

906 1999 1014 2036 disces,
1040 1997 1067 2027 si
1092 1995 1240 2027 consulas
1266 1992 1434 2033 Heynium
1457 1991 1497 2022 ad
1522 1991 1636 2025 locum,

906 2057 946 2086 et,
962 2059 1057 2090 quem
1071 2047 1180 2078 laudat
1193 2046 1257 2082 ille,
1275 2043 1477 2075 Perizonium
1487 2042 1526 2073 ad
1539 2042 1637 2072 Sanc-

906 2102 942 2132 tii
959 2101 1147 2135 Minervam,
1169 2099 1210 2128 iv.
1235 2101 1284 2128 14.
1309 2107 1339 2135 p.
1365 2098 1440 2127 756.
1464 2104 1503 2124 ex
1527 2099 1636 2124 aucto-

905 2164 976 2184 rum
991 2152 1077 2189 locis,
1108 2160 1186 2191 quos
1200 2149 1284 2179 docti
1299 2147 1356 2177 viri
1372 2146 1583 2186 protulerunt,
1604 2149 1636 2174 et

904 2203 1101 2236 crassissimis
1121 2202 1263 2241 ipsorum
1285 2199 1447 2233 erroribus,
1474 2196 1565 2227 nullo
1580 2206 1635 2226 ne-

904 2258 990 2298 gotio
1023 2253 1280 2286 refellendorum.
1327 2251 1461 2285 Rursus,
1485 2249 1561 2279 AEn.
1588 2247 1633 2278 iii.

905 2313 977 2341 547.

963 2379 978 2409 J
979 2376 1062 2402 unoni
1073 2375 1182 2407 Argivae
1192 2375 1276 2405 jussos
1286 2372 1415 2397 adolemus
1429 2371 1542 2395 honores
1552 2376 1558 2392 :

902 2436 921 2466 i.
937 2446 963 2466 e.
978 2437 1063 2474 large
1078 2436 1236 2464 donamus.
1262 2429 1398 2465 Ibidem,
1415 2427 1466 2458 vii.
1483 2429 1535 2457 71.

1096 2500 1174 2525 castis
1185 2498 1266 2524 adolet
1277 2498 1344 2522 dum
1355 2495 1451 2520 altaria
1462 2493 1557 2519 taeffis:

901 2560 921 2589 i.
951 2570 977 2589 e.
1005 2557 1151 2597 complet,
1184 2554 1315 2596 ingerit;
1349 2551 1457 2583 redeas
1480 2555 1630 2581 annotata

900 2611 990 2640 nobis
1003 2609 1045 2640 ad
1061 2609 1101 2639 iv.
1120 2611 1211 2638 1250.
1256 2606 1428 2636 Fructuose
1449 2611 1575 2641 possem
1596 2600 1631 2629 in

898 2661 992 2691 latius
1020 2660 1204 2695 discurrere,
1227 2656 1281 2686 sed
1311 2653 1476 2694 praesentia
1505 2651 1629 2682 suffice-

898 2718 979 2750 rent,
1002 2711 1036 2741 ni
1067 2719 1230 2740 necessum
1251 2712 1331 2738 esset
1352 2704 1529 2736 auctoritati
1550 2714 1629 2744 quo-

897 2763 1034 2795 rundam
1049 2763 1191 2792 locorum
1211 2769 1385 2796 occurrere,
1415 2756 1470 2798 qui
1495 2755 1630 2785 rationes

898 2828 984 2848 meas
1006 2816 1166 2846 infirmare
1191 2813 1372 2849 videantur3
1393 2809 1535 2851 quamvis
1555 2807 1628 2838 dili-

898 2869 1024 2910 gentius
1039 2878 1074 2898 ac
1089 2866 1249 2906 potentius
1263 2864 1405 2898 deducta,
1422 2868 1454 2892 et
1468 2869 1626 2902 gramma—

899 2922 970 2952 ticis
987 2918 1201 2951 fundamentis
1210 2916 1307 2948 solide
1318 2914 1463 2952 subnixa,
1480 2922 1544 2943 non
1554 2915 1627 2940 sunt
