1926 3224
609 228 841 278 LIBER
880 225 1232 284 QUINTUS.

1549 228 1638 271 139

298 360 508 417 Inperium
528 360 602 402 sibi
624 376 764 417 quom,
786 375 833 403 ac
854 367 1116 410 summatum,
1137 359 1307 415 quisque
1325 355 1499 413 petebat.

298 436 402 477 Inde
420 437 700 493 magistratum
720 436 871 491 partim
891 435 1068 476 docuere
1088 448 1245 483 creare3

297 509 478 566 Juraque
498 511 756 559 constituere,
781 517 825 550 ut
844 509 991 549 veHent
1009 508 1164 564 legibus
1183 507 1256 548 uti.

300 584 409 625 Nam
429 598 557 640 genus
577 584 818 632 humanum,
841 581 1042 623 defessum
1063 582 1102 621 vi
1123 581 1254 621 colere
1274 594 1420 630 aevom,

164 662 268 699 1145
300 658 366 699 Ex
386 657 606 697 inimicitiis
625 656 862 712 languebat:
896 670 978 710 quo
998 655 1127 711 magis
1147 655 1283 709 ipsum

299 731 454 785 Sponte
474 728 544 769 sua
565 729 712 770 cecidit
731 729 806 770 sub
826 729 949 786 leges,
971 735 1142 783 artaque
1155 728 1266 782 jura,

296 802 444 844 Acrius
465 817 517 843 ex
536 802 596 843 ira
617 803 729 858 quod
750 803 860 844 enim
881 817 923 843 se
944 803 1114 857 quisque
1132 801 1305 857 parabat

296 875 463 926 Ulcisci,
483 890 607 931 quam
626 891 739 917 nunc
760 891 996 917 concessum
1017 883 1077 916 est
1097 875 1252 932 legibus
1272 874 1416 930 aequis,

298 950 425 992 Hanc
445 949 499 991 ob
519 965 606 991 rem
626 958 686 991 est
704 950 893 991 homines
913 957 1133 1004 pertaesum
1152 950 1192 989 vi
1213 948 1344 990 colere
1365 961 1510 987 aevom.

156 1114 203 1140 ter
227 1107 372 1139 exhibent
394 1106 431 1137 P.
460 1113 504 1138 Ω..
529 1105 666 1147 adeoque
691 1117 755 1137 non
780 1116 874 1138 ausus
918 1110 986 1135 met
1000 1104 1131 1134 omnino
1142 1102 1287 1134 steterim.
1318 1101 1465 1132 Similiter
1479 1101 1645 1139 Horatius,

156 1171 226 1192 sum
241 1160 368 1200 rejicere
378 1171 387 1197 ;
411 1159 463 1190 sed
478 1170 594 1200 magna
616 1166 661 1190 est
683 1166 788 1190 tamen
803 1170 874 1200 pro-

156 1212 299 1244 babilitas
317 1211 478 1242 Vossianae
500 1211 701 1242 divinationis
721 1214 752 1242 vi
762 1223 876 1252 gerere,

155 1262 304 1304 scriptura
318 1263 573 1292 membranarum
600 1263 647 1293 M.
671 1262 814 1293 derivatae
835 1265 880 1294 vi-

152 1326 241 1356 gere:
267 1313 363 1344 Vind.
381 1313 420 1344 V.
436 1313 482 1343 ed.
503 1313 540 1344 L.
559 1313 598 1344 O.
623 1321 662 1344 Π.
690 1318 724 1345 Σ.
746 1317 877 1353 vincere,-

155 1366 251 1406 unde,
279 1367 318 1397 ob
341 1365 620 1406 frequentissimam
649 1365 874 1400 elementorum

156 1431 173 1450 c
188 1425 242 1449 ett
258 1417 546 1455 commutationem,
575 1428 684 1448 verum
706 1425 794 1457 puto,
817 1422 876 1450 vim

158 1476 262 1505 terere,
284 1468 334 1498 vel
356 1469 386 1498 vi
410 1474 512 1499 terere.
545 1468 710 1509 Virgilius,
734 1470 810 1501 AEn.
836 1471 877 1503 ix.

160 1524 231 1553 609.

252 1587 340 1612 Omne
351 1592 438 1611 aevom
453 1585 522 1611 ferro
533 1586 695 1612 teritur—.

159 1654 197 1683 Δ.
222 1652 385 1690 vigescere;
408 1649 510 1689 magis
535 1649 701 1679 tentamini
730 1649 885 1681 Vossiano

157 1703 278 1733 favens:
304 1701 374 1731 vide
388 1711 449 1731 ver.
468 1700 647 1732 1149.—1n
661 1707 821 1740 sequente,
839 1709 882 1733 Ω.

159 1753 213 1784 dat
228 1754 284 1791 Et,
305 1753 372 1782 vice
389 1753 448 1783 Ex.

201 1805 277 1836 Ver.
296 1808 385 1835 1146.
406 1810 551 1844 artaque.-
577 1803 621 1834 sic
644 1803 741 1833 Vind.
767 1810 812 1834 Ω.
833 1814 884 1834 ac-

160 1861 281 1893 curate3
302 1854 412 1895 vulgo,
428 1861 590 1895 arctaque:
617 1859 652 1886 Σ.
679 1861 823 1895 aeraque;
846 1855 884 1884 li-

161 1906 234 1937 teris
262 1905 406 1945 trajectis.
462 1905 550 1935 Hinc
579 1905 644 1944 ipse
674 1911 785 1945 sponte
813 1905 885 1937 mea

162 1957 398 1989 emendaveram
414 1957 499 1996 prius
517 1958 698 1994 Horatium,
721 1965 777 1989 art.
805 1959 884 1998 po'elt.

161 2012 234 2039 425.
249 2018 342 2049 quam
359 2008 564 2038 revocaverim
579 2009 613 2038 in
628 2009 771 2039 animum
787 2009 884 2039 Bent-

161 2059 223 2090 leio
237 2069 361 2100 quoque
376 2065 544 2089 correctam
565 2069 631 2089 esse
646 2059 884 2090 insulsissimam

161 2111 317 2142 editorum
332 2111 510 2152 vulgarium
526 2112 723 2151 scripturam:

194 2193 227 2216 Et
237 2192 366 2224 spondere
376 2191 429 2217 levi
440 2199 488 2224 pro
498 2199 624 2224 paupere,
641 2196 670 2218 et
680 2192 781 2224 eripere
791 2192 854 2216 artis

193 2231 298 2256 Litibus
308 2231 543 2263 implicitum—:

164 2311 228 2342 quo
249 2301 328 2331 nihil
348 2302 460 2340 verius,
487 2308 519 2332 et
540 2302 642 2342 aptius
667 2302 884 2343 undequaque.

165 2351 251 2383 Vide
273 2352 410 2383 Bentleii
432 2359 550 2389 notam,
574 2353 783 2393 conjecturam
799 2364 886 2383 suam

165 2403 260 2443 longe
274 2402 450 2434 doctissime
465 2404 659 2435 defendentis
667 2416 676 2441 3
700 2410 792 2444 atque
803 2405 885 2435 Bax-

167 2460 280 2490 terum,
303 2454 437 2485 vicissim
458 2455 714 2495 oggannientem‚
738 2461 768 2485 et
789 2455 888 2485 corni-

166 2512 290 2536 cantem
306 2505 344 2536 de
358 2505 449 2536 solito
463 2506 662 2545 ineptissime.
685 2506 807 2536 Pariter
823 2512 888 2537 tur-

168 2559 243 2589 bant
258 2557 293 2586 in
307 2557 355 2587 his
369 2557 558 2588 dictionibus
572 2557 758 2597 exemplaria
767 2559 789 2589 J
792 2569 888 2589 uven-

167 2610 208 2649 ci,
231 2609 300 2639 hist.
316 2619 426 2650 evang.
444 2609 464 2640 i.
480 2613 551 2640 202.

198 2690 275 2714 Nunc
286 2696 358 2715 nunc
367 2697 412 2715 me
418 2689 552 2715 famulum
562 2690 702 2720 Dominus,
712 2696 784 2716 nunc
795 2690 890 2716 liberet

291 2729 355 2753 artis

199 2768 323 2800 corporis
333 2776 348 2793 e
359 2768 523 2793 vinclis—.

214 2842 294 2873 Ibid.
316 2845 393 2883 leges
397 2844 544 2884 juraque.
573 2844 635 2874 Pro
641 2844 732 2884 jura,
751 2844 889 2880 Vossius,

171 2892 220 2924 vel
235 2894 427 2935 Paschalius,
449 2896 574 2936 conjicit
578 2897 679 2936 jussa.
702 2895 803 2927 Libris
817 2906 889 2936 ego-

921 1156 1011 1196 epist.
1029 1155 1049 1186 i.
1066 1158 1114 1186 16.
1133 1158 1183 1184 41.

957 1243 1014 1275 Qui
1023 1243 1146 1268 consulta
1156 1245 1278 1274 patrum,
1295 1240 1341 1272 qui
1354 1240 1417 1272 leges
1419 1241 1533 1272 juraque
1542 1241 1642 1264 servat.

968 1318 1048 1349 Ibid.
1074 1317 1234 1358 Significat
1256 1315 1433 1353 Lucretius,
1457 1316 1507 1356 (ut
1532 1313 1649 1353 optime

922 1369 1096 1400 Lambinus
1109 1369 1199 1409 dicit)
1222 1368 1306 1408 leges
1324 1377 1388 1397 esse
1403 1368 1442 1397 ab
1464 1365 1647 1396 hominibus

923 1426 1068 1459 acceptas,
1090 1425 1128 1450 ut
1141 1420 1208 1449 sine
1230 1419 1270 1455 vi,
1299 1418 1426 1459 sineque
1440 1417 1565 1458 injuriae
1579 1427 1647 1447 me-

924 1477 969 1507 tu,
991 1471 1093 1501 vivere
1104 1470 1217 1500 liceret.
1263 1469 1314 1499 Sic
1328 1469 1392 1499 fere
1414 1469 1578 1506 Horatius,
1593 1473 1648 1498 sat.

924 1522 944 1552 i.
959 1526 988 1552 5.
1008 1525 1077 1551 111.

957 1612 1020 1642 Jura
1030 1610 1140 1635 inventa
1151 1611 1228 1634 metu
1240 1608 1329 1639 injusti
1339 1608 1440 1633 fateare
1452 1614 1558 1632 necesse
1569 1610 1620 1636 est,

957 1653 1097 1683 Tempora
1107 1651 1138 1681 si,
1147 1650 1292 1681 fastosque,
1304 1650 1369 1676 velis
1379 1649 1503 1675 evolvere
1514 1649 1620 1674 mundi.

971 1725 1046 1756 Ver.
1065 1729 1156 1756 1148.
1179 1737 1349 1757 concessum
1364 1731 1424 1756 est:
1452 1731 1495 1755 Π.
1523 1730 1565 1755 est
1580 1734 1651 1755 con-

928 1788 1051 1809 cessum.

972 1828 1052 1859 Ibid.
1074 1829 1190 1868 legibus
1204 1829 1310 1868 aequis.
1339 1825 1502 1866 Virgilius,
1519 1826 1593 1855 AEn.
1609 1825 1651 1856 xi.

927 1884 1001 1912 521.

1275 1964 1302 1986 et
1314 1959 1425 1985 foederis
1436 1965 1523 1990 :equas

989 2002 1114 2026 Dicamus
1125 2000 1258 2033 leges—.

970 2073 1045 2103 Ver.
1064 2075 1154 2103 1149.
1177 2073 1208 2102 υἱ
1222 2073 1333 2101 colere:
1361 2077 1402 2100 Π.
1419 2071 1557 2100 incolere.

971 2124 1045 2153 Ver.
1064 2126 1155 2153 1150.
1179 2123 1275 2152 Inde:
1303 2120 1409 2160 vulgo,
1433 2125 1540 2150 contra
1561 2119 1655 2149 libros

928 2173 1097 2208 universos,
1129 2174 1232 2208 Unde,·
1256 2171 1339 2212 quod
1366 2177 1471 2201 tamen
1495 2170 1654 2200 somnicu-

926 2225 1011 2255 losus
1040 2224 1138 2254 editor
1173 2223 1425 2254 Vindobonensis
1454 2222 1654 2262 negligenter

928 2276 1115 2316 propagavit.

973 2327 1054 2357 Ibid.
1075 2328 1228 2357 maculat:
1253 2325 1273 2356 i.
1289 2336 1315 2356 e.
1329 2325 1373 2355 ita
1387 2326 1502 2362 turbat,
1517 2331 1555 2355 ut
1568 2324 1653 2355 lutu-

929 2379 972 2409 let
986 2383 1240 2418 couspurcetque:
1267 2376 1336 2406 vide
1352 2376 1391 2406 ad
1409 2376 1452 2406 iii.
1471 2379 1522 2406 58.
1561 2376 1654 2414 Sane,

933 2431 958 2461 si
981 2430 1090 2471 quovis
1105 2429 1248 2468 exemplo
1263 2428 1464 2458 manifestum
1480 2427 1568 2463 foret,
1584 2437 1655 2457 sen-

933 2493 1003 2513 sum
1028 2482 1165 2513 alterum
1186 2481 1323 2511 nominis
1345 2481 1479 2517 macula,
1502 2490 1559 2518 pro
1580 2485 1654 2516 rete,

931 2535 964 2565 in
994 2536 1123 2565 verbum
1151 2544 1275 2574 quoque
1305 2531 1463 2562 transferri
1485 2530 1654 2571 aliquoties,

930 2587 1092 2626 amplexus
1107 2596 1205 2616 essem
1221 2583 1436 2621 libentissime,
1460 2588 1496 2612 ut
1511 2593 1583 2612 cum
1607 2593 1651 2612 se-

931 2638 1097 2678 quentibus
1112 2638 1178 2666 haec
1197 2636 1291 2666 etiam
1317 2634 1532 2665 convenirent:
1559 2632 1657 2668 aliter,

931 2690 1045 2730 quibus
1060 2688 1210 2726 dederim,
1236 2685 1495 2727 acquiescendum
1510 2690 1628 2723 putem.

975 2740 1056 2770 Ibid.
1077 2742 1207 2780 praemz‘a
1223 2741 1310 2769 vz'toe:
1335 2737 1356 2768 i.
1375 2748 1401 2768 e.
1416 2741 1439 2755 “
1452 2736 1558 2767 dulces
1572 2735 1655 2766 fruc-

934 2795 956 2810 “
973 2798 1033 2830 tus,
1059 2792 1121 2821 sive
1146 2791 1317 2830 voluptates
1339 2796 1430 2829 atque
1452 2787 1657 2818 commodita-

935 2846 956 2861 “
973 2849 1026 2879 tes,
1050 2843 1150 2872 vitae.”
1196 2838 1270 2872 Hoc
1284 2847 1390 2871 autem
1412 2839 1531 2870 dictum
1550 2845 1596 2868 est
1618 2838 1656 2868 de

934 2895 1085 2925 sententia
1100 2894 1264 2935 cujusdam
1277 2903 1395 2924 meram
1407 2891 1592 2933 injustitiam
1603 2900 1657 2929 per
