1926 3224
277 206 370 247 166

758 204 818 251 Τ.
876 203 1251 253 LUCRETII

414 331 488 381 At,
509 346 610 387 quos
631 330 835 386 ecfugium
854 339 1048 382 servarat,
1072 347 1244 386 corpore
1263 332 1402 384 adeso,

417 404 637 453 Posterius,
660 404 853 446 tremulas
874 419 995 460 super
1014 405 1150 446 ulcera
1169 413 1274 447 tetra
1292 413 1474 448 tenentes

414 476 590 526 Palmas‚
612 476 823 519 horriferis
842 478 1036 519 adcibant
1055 478 1222 520 vocibus
1244 478 1423 520 Orcum:

300 554 381 591 995
412 549 619 605 Denique,
641 565 710 591 eos
729 550 811 592 vita
830 552 1040 606 privarant
1060 553 1243 593 vermina
1262 568 1385 602 saeva,

314 703 386 734 Ver.
397 709 468 736 990.
475 707 588 745 gemitu
602 707 700 746 sylvas
715 707 854 746 replebat.
873 706 991 742 Quem-

269 754 441 786 admodum
452 756 656 791 Mantuanus,
673 757 749 786 AEn.
764 756 796 786 ii.
812 759 882 788 679.

283 835 362 860 'Talia
373 835 531 866 vociferans,
543 836 639 868 gemitu
650 839 741 860 tectum
751 843 832 862 omne
840 837 957 870 replebat.

269 909 423 951 Adeoque
438 911 530 941 nihili
551 913 683 942 habeam
705 912 773 943 lect.
788 913 854 944 cod.
871 914 920 944 M.
933 925 986 953 ge·

269 964 370 993 mitus.

310 1013 385 1043 Ver.
401 1017 475 1046 991.
491 1016 554 1046 vivo
569 1017 689 1054 sepeliri
703 1017 794 1047 busto.
811 1015 894 1046 Vide
909 1016 989 1046 Eus-

266 1065 341 1096 tath.
354 1065 394 1096 ΙΙ.
411 1075 441 1104 p.
459 1069 533 1104 564,
547 1069 597 1097 40.
607 1066 654 1097 ed.
665 1067 736 1098 Bas.
775 1067 868 1103 Quod
880 1067 920 1097 ad
931 1069 989 1098 hu-

261 1116 316 1156 jus
330 1115 391 1146 loci
404 1116 592 1147 sententiam
607 1117 726 1154 attinet,
748 1128 823 1148 cum
843 1117 897 1148 illa
911 1128 985 1148 con-

264 1167 351 1209 gruit
365 1167 445 1198 illud
459 1168 658 1199 Ennianum:

263 1263 382 1288 Vulturis
392 1264 420 1288 in
430 1264 525 1296 sylveis
535 1265 663 1290 miserum
673 1265 818 1289 mandebat
826 1266 983 1291 homonem:

264 1303 338 1328 Heu!
352 1310 435 1334 quam
446 1303 563 1329 crudele-i
574 1304 708 1329 condebat
720 1304 841 1328 membra
852 1305 983 1335 sepulcro.

262 1386 345 1417 Haec
360 1387 541 1417 Lambinus.
587 1387 637 1416 Ibi
651 1386 756 1416 videas
772 1386 909 1416 Hesselii
927 1397 984 1417 no·

261 1444 320 1476 tas,
343 1449 416 1469 cum
430 1439 542 1468 nostris
563 1437 603 1468 ad
625 1437 734 1476 Eurip.
760 1437 829 1468 Ion.
852 1441 924 1469 951.
946 1438 987 1469 de

262 1490 370 1520 Rho'e3r
384 1491 488 1526 etiam,
510 1489 551 1519 ad
576 1489 692 1528 Porph.
719 1489 758 1519 de
781 1490 857 1519 abst.
879 1489 912 1520 ii.
934 1493 985 1521 50.

260 1547 301 1577 et,
324 1552 418 1582 quem
444 1541 551 1571 laudat
567 1541 630 1579 ille,
657 1541 802 1571 Gataker.
825 1541 865 1572 ad
883 1541 985 1572 Anto-

260 1593 325 1622 nin.
341 1592 379 1622 vi.
397 1595 445 1622 21.
491 1591 588 1627 Quod
602 1597 706 1622 tamen
728 1592 763 1622 in
785 1592 854 1622 aliis
868 1593 985 1633 Longi-

260 1653 322 1674 nus
343 1643 520 1683 culpaverit,
543 1643 675 1674 minime
695 1643 906 1684 injucundum
927 1654 985 1674 no-

259 1696 371 1727 bismet
385 1696 496 1727 saltem
511 1696 645 1727 reddidit
660 1696 791 1726 mirifica
805 1696 986 1735 simplicitas

258 1747 408 1784 Lucretii,
431 1753 463 1778 et
482 1747 680 1777 inaffectatus
701 1747 827 1778 candor.
875 1747 986 1777 Sueto-

260 1798 344 1836 nius,
367 1798 398 1828 ii.
418 1802 468 1829 13.
493 1799 536 1828 sic
557 1798 710 1838 legendus
731 1803 790 1827 est:
818 1800 840 1816 “
856 1799 900 1828 Et
914 1799 982 1839 qui-

260 1850 280 1866 “
296 1847 368 1878 dem
396 1848 462 1884 uni,
494 1848 672 1887 suppliciter
696 1850 881 1888 sepulturam
914 1859 982 1887 pre-

255 1902 278 1918 “
294 1899 388 1935 canti,
403 1899 596 1939 respondisse
612 1899 737 1938 dicitur,
752 1900 773 1931 J
777 1910 829 1930 am
843 1900 934 1930 istam
950 1901 983 1930 in

258 1951 446 1981 “volucrum
477 1950 543 1980 fore
568 1951 784 1989 potestatem.”
818 1951 981 1990 Apuleius,

259 2007 333 2032 met.
348 2011 375 2031 v.
390 2012 421 2041 p.
435 2004 575 2033 354.—-“
591 2002 765 2032 saevissimae
780 2002 885 2032 bestiae
899 2014 981 2042 sepe·

259 2055 282 2070 “
297 2054 352 2082 liri
365 2052 558 2083 visceribus.”
582 2053 633 2082 Ibi
648 2052 737 2092 plura
748 2053 894 2083 Pricaeus.
916 2054 983 2084 Lu-

258 2103 298 2133 sit
312 2103 445 2134 suaviter
470 2104 503 2134 in
526 2103 662 2134 versibus
688 2104 819 2135 minime
844 2110 983 2138 contem.

258 2153 368 2184 nendis
384 2153 539 2190 Sedulius,
555 2154 572 2183 ἰ
592 2157 661 2185 177.

287 2240 376 2270 Jonas,
387 2244 476 2270 puppe
487 2238 594 2268 cadens,
612 2242 672 2264 ceto
683 2240 806 2264 sorbente
817 2243 937 2269 voratus,

287 2279 318 2301 1η
329 2277 423 2309 pelago
434 2283 488 2302 non
499 2277 580 2302 sensit
591 2284 681 2309 aquas,
698 2278 782 2302 vitale
792 2279 943 2310 sepulcrum,

286 2318 327 2342 Ne
342 2320 503 2347 moreretur,
522 2317 621 2342 habens
629 2326 638 2348 ;
655 2321 784 2348 tutusque
798 2318 826 2342 in
837 2322 931 2344 ventre
941 2318 980 2344 fe-

365 2357 434 2387 rino,

286 2397 456 2428 Depositum,
472 2403 527 2422 non
543 2397 646 2429 praeda,
662 2396 730 2427 fuit5
756 2401 917 2428 vastumque
933 2405 980 2430 per

363 2442 459 2467 aequor

287 2474 367 2500 Venit
378 2475 411 2499 ad
423 2475 526 2507 ignotas
539 2475 649 2501 'inimico
661 2475 762 2508 remige
772 2479 864 2501 terras.

298 2557 374 2589 Ver.
389 2562 463 2590 992.
486 2561 529 2590 Ac
540 2573 550 2590 .·
572 2560 613 2590 V.
628 2558 676 2590 ed.
693 2561 755 2596 Ac;
779 2566 823 2590 Ω.
839 2561 979 2591 ad.-—ec.

245 2609 376 2651 sugium
392 2622 530 2651 corpore:
557 2618 597 2642 11.
612 2610 762 2652 effugiunt
777 2618 915 2651 tempore.

302 2662 372 2693 Ver.
389 2666 460 2694 995.
483 2674 587 2702 super:
615 2669 656 2694 n.
673 2668 707 2694 Σ.
726 2669 770 2693 Ω.
784 2665 977 2703 supra—ul-

256 2723 343 2743 cera:
370 2714 413 2743 sic
429 2714 546 2753 optime
562 2715 598 2745 P.
617 2721 657 2745 n.
675 2720 708 2746 Σ.
729 2721 772 2746 Ω..
796 2720 827 2745 et
849 2714 978 2745 Floren-

257 2761 324 2792 tina
337 2762 372 2792 in
385 2773 447 2794 var.
462 2764 543 2794 lectt.
558 2765 672 2803 caeteri,
686 2767 799 2797 viscera
806 2781 816 2801 ;
834 2765 918 2796 unde
929 2765 976 2795 di-

259 2812 434 2844 vinaveram
459 2816 701 2855 rescribendum,
724 2818 777 2847 sub
801 2819 922 2854 νέα-εκ,-
947 2823 977 2847 et

257 2862 301 2892 sic
315 2863 450 2903 positum
463 2865 568 2896 inveni
587 2866 622 2898 in
646 2867 782 2899 Floreat.
803 2874 835 2899 et
859 2867 900 2900 Ο.
923 2867 977 2898 sed

1033 706 1160 746 vulgata
1174 706 1268 746 longe
1290 706 1419 736 meliora
1435 711 1514 736 sunt.
1555 707 1689 738 Serenus
1705 709 1763 739 Sa.

1034 758 1191 795 monicus,
1206 768 1266 788 ver.
1283 761 1354 789 256.

1093 816 1176 846 Hujus
1187 820 1215 841 et
1226 817 1324 841 attritu
1335 819 1426 840 tetrum
1438 816 1602 842 mulcebitur
1614 817 1694 842 ulcus.

1031 863 1076 894 Et
1089 864 1211 894 venusti
1233 865 1374 904 lectores,
1397 875 1449 895 me
1463 871 1594 904 tacente,
1617 868 1758 897 observa-

1030 914 1138 951 verint,
1164 926 1260 955 quam
1282 915 1427 949 δεικτικως
1455 922 1486 946 et
1510 916 1550 946 ad
1566 917 1682 955 vivum,
1705 927 1757 947 ve-

1032 969 1075 998 ris
1096 969 1193 1008 ipsius
1222 969 1351 999 Naturae
1374 969 1528 999 coloribus
1543 976 1574 1000 et
1589 971 1757 1001 Musarum

1032 1020 1164 1058 calamo,
1198 1020 1289 1059 po'e'ta
1314 1025 1420 1050 noster
1442 1020 1550 1050 omnia.
1575 1021 1760 1060 depinxerit.

1032 1071 1156 1100 —Wlox
1173 1076 1208 1101 Δ.
1224 1077 1321 1100 ortum
1337 1080 1394 1108 pro
1408 1081 1522 1100 orcum.

1075 1120 1148 1150 Ver.
1166 1124 1236 1151 994.
1254 1120 1294 1150 In
1310 1120 1359 1149 his
1371 1120 1508 1150 versibus
1523 1119 1759 1160 concinnanffis,

1029 1180 1134 1200 coram
1161 1171 1258 1201 fuisse
1286 1176 1392 1201 nostro
1417 1170 1540 1202 videtur
1568 1172 1760 1213 tragicorum

1029 1230 1168 1254 veterum
1185 1223 1384 1254 Philoctetes.
1431 1225 1482 1255 Ita
1504 1224 1543 1255 de
1565 1225 1622 1256 illo
1638 1226 1758 1266 Sopho-

1027 1274 1097 1311 cles,
1121 1275 1154 1305 in
1170 1274 1278 1306 fabula
1297 1275 1452 1316 quantivis
1472 1276 1574 1315 pretii,
1598 1286 1658 1307 ver.
1683 1280 1755 1310 797.

1028 1326 1082 1356 ubi
1097 1337 1154 1356 nos
1168 1326 1307 1356 videndi:

1105 1415 1131 1438 Ω
1145 1416 1260 1444 emuna,
1281 1416 1395 1440 Ouvoers'
1410 1425 1468 1445 πασς,
1490 1424 1528 1440 om
1541 1420 1685 1449 καλεμενος

1106 1459 1178 1485 Οὕτω
1190 1459 1252 1486 κατ’
1265 1470 1345 1494 xmp,
1367 1470 1383 1485 υ
1397 1459 1454 1496 bury
1463 1466 1546 1494 μολειν
1559 1471 1631 1494 ποτε,-

1031 1537 1137 1568 Adeas
1151 1538 1247 1568 etiam
1262 1538 1324 1568 fab.
1339 1538 1445 1578 AEsop.
1462 1548 1512 1570 xx.
1529 1538 1578 1570 ed.
1596 1539 1700 1572 Oxou.

1072 1590 1154 1620 Ibid.
1180 1590 1339 1631 horriferis
1367 1592 1502 1622 vocibus:
1528 1590 1635 1631 quales
1659 1592 1755 1622 nimi-

1027 1650 1099 1669 rum
1113 1643 1267 1671 horrorem
1284 1641 1433 1671 membris
1453 1641 1649 1671 audientium
1664 1642 1755 1673 incu-

1027 1696 1137 1720 terent.

1073 1742 1146 1771 Ver.
1173 1744 1243 1773 995.
1267 1743 1427 1782 Denique.-
1452 1742 1586 1774 editores
1610 1753 1649 1774 ex
1673 1744 1755 1775 arbi·

1028 1793 1098 1831 trio,
1120 1795 1289 1829 Donicuvm
1314 1799 1421 1824 contra
1435 1794 1529 1824 libros
1544 1800 1661 1825 veteres
1682 1795 1754 1826 uni-

1026 1854 1141 1882 versos,
1151 1844 1405 1874 facinorosissimi
1417 1845 1755 1886 mortaliumdpriva-

1025 1902 1116 1926 rant:
1137 1895 1180 1925 sic
1197 1896 1232 1926 P.
1248 1896 1289 1926 V.
1304 1895 1353 1926 ed.
1368 1896 1404 1926 L.
1423 1896 1462 1927 Ο.
1479 1902 1515 1927 Δ.
1532 1901 1567 1929 Σ.
1585 1903 1630 1928 Ω.
1646 1897 1753 1939 vulgo,

1021 1949 1187 1986 privarunt
1193 1963 1204 1984 ;
1230 1947 1283 1978 Pii
1305 1947 1395 1979 codd.
1419 1948 1560 1989 quidam,
1578 1951 1754 1988 privabant.

1025 2001 1201 2029 —vermina
1212 2012 1221 2027 :
1249 2004 1283 2029 A.
1296 2001 1438 2038 germina
1447 2015 1458 2035 ;
1483 2005 1518 2030 Δ.
1532 2002 1657 2031 ver-mia.

1069 2048 1150 2079 Ibid.
1173 2051 1319 2080 vermina.
1358 2049 1409 2080 Sic
1427 2050 1595 2086 Arnobius,
1619 2049 1673 2081 lib.
1687 2050 1707 2081 i.
1723 2061 1753 2091 p.

1025 2102 1076 2130 30.
1121 2102 1143 2117 “
1159 2099 1266 2129 Verbo
1289 2099 1342 2130 ille
1365 2100 1555 2139 compescuit
1577 2102 1751 2132 verminan-

1027 2153 1049 2168 “
1063 2152 1141 2180 tium
1156 2151 1370 2180 membrorum
1391 2160 1513 2188 cruces;
1535 2157 1567 2181 et
1590 2151 1636 2181 illi
1658 2152 1751 2183 verbo

1025 2203 1047 2218 “
1063 2206 1320 2239 compescuerunt
1341 2200 1502 2230 furialium
1525 2203 1660 2232 vermina
1680 2211 1749 2241 pas-

1025 2254 1047 2269 “
1064 2250 1218 2281 sionum.’'
1264 2251 1373 2281 Festus
1387 2251 1421 2280 in
1436 2261 1523 2281 voce:
1559 2255 1581 2270 “
1605 2253 1748 2283 Vermina

1025 2305 1046 2321 “
1063 2302 1210 2333 dicuntur
1224 2301 1346 2333 dolores
1368 2302 1503 2342 corporis
1524 2313 1599 2333 cum
1613 2303 1750 2344 quodam

1025 2357 1045 2372 “
1061 2353 1184 2384 minuto
1198 2360 1299 2391 motu,
1322 2353 1410 2394 quasi
1423 2364 1442 2384 a
1455 2353 1612 2384 vermibus
1627 2353 1747 2384 scinda-

1022 2409 1044 2424 “
1061 2411 1120 2435 tur.
1160 2405 1226 2436 Hic
1242 2405 1331 2435 dolor
1348 2406 1457 2435 Graece
1472 2413 1587 2448 στροφας
1605 2405 1750 2436 dicium”

1027 2457 1178 2498 Intelligo
1207 2468 1280 2488 sane
1309 2468 1346 2488 ea
1372 2458 1520 2494 tormina,
1556 2467 1691 2499 quorum
1719 2457 1749 2488 vi

1024 2509 1175 2548 crispetur
1204 2519 1326 2548 corpus,
1363 2515 1394 2539 et
1430 2508 1575 2539 undatim
1610 2508 1747 2539 fluctuet.

1023 2561 1172 2591 Fortassis
1187 2560 1283 2601 igitur
1296 2561 1388 2590 verba
1403 2560 1486 2590 Festi
1502 2565 1577 2590 sunt
1586 2560 1630 2589 ita
1641 2568 1746 2590 emen-

1023 2611 1212 2642 dandaz-—“
1229 2621 1302 2642 cum
1331 2611 1468 2652 quodam
1496 2611 1621 2640 minuto
1642 2614 1744 2648 motu,

1023 2667 1046 2681 ‘⁶
1061 2665 1161 2704 qualis
1184 2673 1203 2693 a
1217 2663 1372 2694 vermibus
1398 2661 1546 2694 cieatur.'‘
1590 2659 1744 2691 Commiu-

1022 2720 1068 2744 tas
1083 2714 1207 2753 po'etam
1221 2720 1365 2744 nostrum
1379 2713 1421 2743 ad
1433 2712 1477 2742 iii.
1494 2714 1566 2742 721.

1063 2766 1138 2797 Ver·
1156 2771 1227 2798 996.
1249 2769 1385 2806 ignaros:
1411 2771 1452 2795 11.
1466 2766 1606 2803 ignavom
1628 2763 1668 2794 de
1681 2762 1744 2804 qua

1019 2818 1247 2855 permutatione
1259 2814 1533 2848 Drakenborchius
1547 2814 1612 2856 egit
1625 2814 1666 2846 ad
1682 2814 1739 2846 Sil.

1022 2868 1061 2899 It.
1080 2878 1108 2899 x.
1123 2872 1174 2900 86.
1197 2874 1228 2899 et
1242 2867 1309 2899 Liv.
1323 2866 1366 2897 iii.
1381 2869 1430 2898 54.
1445 2869 1474 2896 5.
