1926 3224
288 218 376 260 108

790 215 851 263 Τ.
902 214 1279 262 LUCRETII

426 344 484 386 Et
501 345 630 401 magis
649 343 730 384 hoc
747 343 906 393 lunam5
938 350 1093 398 quanto
1112 343 1325 383 demissior
1344 343 1428 397 ejus

428 418 581 459 Cursus
601 417 715 458 abest
733 415 877 471 procul
896 431 922 456 a
940 416 1061 466 coelo,
1083 416 1281 472 terrisque
1301 416 1567 471 propinquat,

313 496 395 532 630
426 491 566 532 Tanto
585 506 705 546 posse
724 491 863 532 minus
880 505 974 532 cum
995 491 1120 547 signis
1141 490 1310 532 tendere
1329 505 1506 533 cursum.

429 565 682 607 Flaccidiore
701 566 825 607 etiam
845 574 1000 621 quanto
1013 565 1100 619 jam
1121 564 1287 611 turbine
1305 564 1448 615 fertur,

426 638 602 680 Inferior
622 653 746 694 quam
767 639 841 688 sol,
872 647 989 679 tanto
1009 639 1140 694 magis
1161 638 1301 678 omnia
1321 639 1437 695 signa

426 712 555 755 Hanc
574 712 855 767 adipiscuntur
875 713 1045 762 circum,
1082 719 1314 767 praeterque
1333 711 1537 753 feruntur.

431 786 657 841 Propterea
675 785 738 837 fit,
769 793 816 828 ut
834 785 926 827 haec
946 786 999 827 ad
1019 786 1182 843 signum
1202 786 1394 842 quodque
1413 787 1569 827 revorti-

286 940 387 978 Libri,
402 952 574 975 vanescere:
600 942 671 972 vide
688 943 919 974 Burmannum.
951 943 1012 973 Sed

287 999 420 1022 revertar
434 992 468 1022 in
481 993 573 1029 viam,
583 1004 658 1024 cum
666 1004 827 1031 monuero,
840 995 1011 1035 permultos

288 1053 353 1073 esse
367 1042 462 1081 locos,
484 1043 547 1084 qua
561 1044 594 1074 in
610 1044 712 1085 ligatis
733 1045 863 1084 scriptis,
886 1045 947 1086 qua
962 1056 1010 1076 so-

287 1093 371 1131 lutis,
399 1094 452 1124 ubi
474 1094 574 1125 finalis
602 1106 618 1126 e
643 1095 787 1126 dictionis
813 1096 1013 1136 praecedentis

287 1144 372 1175 elisit
386 1145 520 1184 primam
537 1145 658 1176 literam
674 1160 712 1178 ers
724 1159 906 1184 evanescere,
929 1148 1013 1188 quod

286 1196 419 1235 proinde
433 1197 568 1238 vulgaris
589 1198 681 1229 lectio
702 1210 858 1230 vanescere
881 1199 1011 1229 infelici-

288 1253 336 1277 ter
362 1248 467 1288 ejecit;
494 1255 525 1279 et
550 1249 755 1280 emendavero
782 1251 951 1289 Nasonem,
974 1251 1014 1281 ad

289 1309 387 1330 amor.
404 1300 448 1330 iii.
464 1303 492 1331 7.
508 1303 559 1331 51.
581 1301 635 1331 ubi
657 1301 752 1332 miror
767 1302 824 1331 hoc
841 1302 1014 1332 Heinsium

289 1349 448 1390 effugisse:

305 1425 431 1450 Carmine
443 1425 516 1455 laesa,
530 1426 610 1451 Ceres
619 1426 720 1451 steriles
731 1426 848 1450 vanescit
858 1426 885 1451 in
894 1427 998 1452 herbas.

291 1499 313 1515 “
329 1499 465 1527 Stet-ilem
495 1498 616 1527 herbam
646 1497 716 1527 libri
744 1497 920 1533 meliores,”
941 1498 1016 1529 dicit

289 1547 335 1576 vir
351 1547 579 1587 sagacissimus.
620 1548 663 1578 Et
684 1548 760 1588 quid
782 1548 918 1580 mirum?
942 1559 1016 1580 cum

290 1598 398 1637 procul
414 1599 509 1629 dubio
525 1600 662 1638 posuerit
679 1599 822 1630 Ovidius:

545 1673 661 1698 sterilem
673 1673 806 1697 evanescit
816 1674 842 1697 in
854 1674 975 1698 herbam.

334 1745 408 1775 Ver.
433 1749 504 1776 6⁴26.
531 1747 646 1785 signis.-
679 1746 715 1776 P.
732 1745 827 1776 Vind.
844 1746 884 1776 V.
908 1746 956 1776 ed.
978 1746 1014 1776 Β.

293 1796 334 1826 Ο.
354 1801 388 1826 Σ.
413 1803 458 1827 Ω.
480 1799 577 1836 ignis;
601 1797 645 1827 ita
671 1803 707 1826 ut
732 1797 882 1827 referatur
905 1798 945 1828 ad
971 1809 1019 1828 se-

291 1847 428 1888 quentia,
450 1847 530 1877 facta
544 1847 742 1878 distinctione
757 1854 826 1886 post
842 1851 1017 1888 posteriori-

291 1899 355 1928 bus.
400 1898 586 1936 Perperam3
617 1908 690 1929 cum
726 1899 930 1930 manifestum
966 1900 1018 1938 sit,

293 1949 369 1989 quid
383 1960 398 1980 s
416 1949 536 1980 literam
552 1949 677 1980 eliserit.

339 2000 411 2030 Ver.
427 2004 467 2031 27
472 2004 500 2031 6.
516 2001 651 2041 Inferior
665 2003 812 2032 multum:
839 2010 949 2033 πακλον
965 2017 1019 2033 κα·

295 2065 422 2094 τωτερος.
467 2052 518 2082 Ita
543 2051 658 2092 legitur
682 2053 715 2082 in
741 2053 778 2084 P.
795 2054 891 2085 Vind.
910 2055 946 2084 V.
972 2057 1019 2088 ed.

295 2105 332 2135 B.
351 2105 391 2135 O.
408 2111 442 2136 Δ.
466 2112 502 2137 Σ.
529 2113 574 2137 Ω..
597 2106 728 2147 vulgati,
749 2110 861 2139 multo:
890 2109 973 2149 quod
995 2110 1021 2140 si

293 2166 327 2186 re
346 2156 417 2187 vera
440 2157 479 2187 sit
501 2158 534 2188 in
557 2159 772 2189 vetustissimis
793 2161 1021 2200 exemplaribus

294 2208 331 2237 L.
346 2208 392 2238 M.
408 2209 486 2239 nihil
501 2209 587 2240 aliud
599 2221 664 2241 esse
679 2211 811 2248 credam,
824 2223 917 2252 quam
933 2213 1022 2244 facile

296 2266 457 2298 peccatum
483 2273 521 2292 τε
547 2264 641 2292 mults-1
667 2262 715 2292 vel
744 2265 880 2302 multam,
910 2264 1023 2294 mutati

295 2321 367 2342 cum
383 2312 523 2351 simplice
537 2316 648 2349 mulam
674 2320 711 2345 ut
724 2325 805 2354 saepe
819 2315 904 2346 alias.

338 2363 412 2393 Ver.
429 2368 501 2394 628.
528 2366 598 2396 lzoc:
631 2365 650 2395 i.
677 2376 703 2395 e.
733 2367 767 2396 ob
797 2368 868 2404 hoc,
897 2373 1022 2406 propter

296 2415 376 2444 banc
398 2425 554 2454 caussam3
578 2422 615 2446 ut
637 2423 742 2447 noster
764 2419 892 2457 centies,
912 2425 943 2449 et
957 2419 1020 2450 alii.

299 2466 386 2496 Ordo
408 2472 463 2502 est,
486 2477 522 2497 ac
543 2478 666 2498 sensus:
694 2472 716 2487 ‘⁶
732 2469 776 2499 Et
790 2470 890 2510 magis
914 2472 946 2512 (a
961 2470 1023 2501 for-

298 2522 319 2536 “
336 2519 407 2548 tiori
423 2520 551 2559 nempe)
567 2521 625 2551 hac
639 2521 679 2551 de
694 2521 801 2552 caussa
812 2522 921 2552 lunam
937 2528 1024 2553 tanto

297 2575 320 2588 “
337 2571 443 2601 minus
458 2582 546 2611 posse
564 2573 690 2603 tendere
705 2584 777 2604 cum
794 2574 903 2615 signis,
925 2585 1024 2615 quan-

297 2625 320 2639 “
337 2622 432 2652 to—’'
454 2629 511 2654 etc.
527 2623 639 2664 quibus
655 2625 731 2665 quid
746 2625 871 2662 clarius
887 2625 1023 2661 mollius,

298 2678 354 2701 aut
368 2673 550 2712 expeditius,
561 2674 727 2705 desiderari
743 2677 862 2715 potest?
879 2677 1024 2707 Editores

299 2723 399 2753 nihilo
413 2725 525 2762 minus,
549 2726 686 2757 nimium
705 2727 822 2766 faciles,
847 2738 886 2758 ne
901 2729 1024 2769 gravius

299 2774 417 2814 aliquid
446 2776 479 2805 in
509 2788 562 2808 eos
594 2778 706 2816 dicam,
744 2779 910 2810 insititium
946 2780 1025 2811 illud

299 2825 545 2858 Lambinianum
568 2836 596 2859 et
621 2837 689 2869 post
719 2833 825 2862 lunam
855 2842 1025 2873 propagare

301 2887 364 2907 non
380 2887 577 2918 expaverunt.

1097 942 1171 972 Ver.
1187 946 1258 973 629.
1284 943 1397 972 Gur-sus
1411 942 1544 971 abest—.
1587 939 1692 971 Fallor
1705 951 1781 982 ego·

1054 999 1119 1022 met
1135 994 1341 1028 vehementer,
1363 998 1419 1021 aut
1432 993 1499 1021 haec
1515 991 1642 1021 variavit
1663 998 1780 1030 noster,

1055 1049 1086 1073 et
1100 1043 1176 1074 olim
1194 1043 1327 1081 scripsit:

1372 1118 1475 1145 quanto
1485 1114 1623 1138 demissior
1632 1115 1687 1145 ejus

1056 1157 1148 1179 currus
1158 1155 1232 1180 abest
1243 1154 1334 1185 procul
1345 1161 1360 1178 a
1372 1153 1454 1183 ςαΙο,
1472 1154 1597 1185 terrisque
1609 1155 1786 1186 propinquat:

1057 1219 1127 1249 vide
1142 1229 1199 1250 nos
1213 1218 1253 1249 ad
1275 1218 1306 1248 ii.
1323 1220 1394 1249 147.
1416 1218 1455 1249 de
1470 1219 1529 1249 hoe
1549 1225 1674 1258 peccato
1688 1219 1781 1249 libra»

1057 1283 1185 1303 norum.

1110 1326 1185 1356 Ver.
1214 1330 1288 1357 650.
1324 1329 1444 1358 tendere
1480 1337 1614 1358 cursum.
1661 1325 1783 1356 Pariter

1058 1376 1223 1416 Virgilius,
1245 1376 1284 1406 ad
1300 1378 1374 1407 AEn.
1391 1388 1417 1407 ν.
1434 1381 1504 1407 854.

1191 1448 1225 1472 ad
1236 1449 1308 1473 hune
1320 1449 1363 1473 alii
1373 1456 1474 1474 cunum
1486 1449 1629 1474 contendere
1643 1450 1722 1480 jussi:

1059 1510 1078 1541 i.
1095 1521 1120 1541 e.
1134 1511 1273 1550 junctim
1294 1514 1434 1549 tendere5
1457 1512 1496 1542 de
1510 1512 1658 1551 pluribus.

1102 1562 1176 1593 Ver.
1191 1566 1262 1593 631.
1279 1565 1490 1594 Flaccidiore:
1518 1563 1613 1594 Vind.
1630 1563 1671 1594 V.
1686 1562 1734 1594 ed.
1745 1563 1785 1594 Β.

1060 1618 1095 1643 Δ.
1113 1619 1153 1643 Π.
1177 1618 1210 1644 Σ.
1241 1619 1284 1643 Ω.
1310 1616 1504 1650 Flaccz'tlz'or;
1532 1628 1574 1654 τῳ
1597 1625 1612 1645 e
1639 1614 1784 1650 dictione,

1057 1673 1128 1702 quae
1156 1664 1362 1703 subsequitur,
1392 1674 1541 1703 expresso.
1590 1666 1623 1696 F
1622 1666 1785 1695 laccidz'om

1058 1720 1164 1744 autem
1179 1714 1258 1744 valet
1273 1714 1426 1752 molliore,
1440 1717 1563 1750 laxiore,
1579 1715 1783 1755 languidiore.

1062 1766 1233 1803 Arnobius‚
1249 1765 1300 1796 lib.
1316 1766 1346 1796 ii.
1362 1777 1393 1805 p.
1412 1769 1430 1796 7
1435 1771 1525 1798 9.—“
1544 1767 1666 1808 (Plato)
1682 1767 1785 1797 homi-

1062 1820 1084 1835 “
1101 1817 1150 1846 nis
1186 1817 1333 1848 fabricam
1363 1817 1527 1858 indignam
1562 1829 1628 1848 esse
1663 1820 1787 1849 rebatur

1063 1871 1084 1886 “
1102 1869 1189 1905 Deo3
1214 1879 1270 1899 nec
1294 1869 1337 1899 rei
1348 1871 1498 1910 flaccidae
1520 1869 1676 1899 fictionem
1699 1880 1787 1910 mag-

1063 1923 1086 1938 “
1107 1920 1242 1950 nitudini
1258 1920 1325 1960 ejus
1340 1927 1371 1950 et
1385 1921 1563 1951 eminentia*
1577 1921 1777 1952 convenire*

1106 1970 1178 2001 Ver.
1204 1975 1274 2002 635.
1299 1973 1409 2003 Hanc:
1451 1979 1491 2002 Π.
1513 1972 1783 2012 lma—feruntur.-

1065 2022 1104 2052 V.
1119 2022 1166 2052 ed.
1179 2023 1493 2062 ¹seruatum—Porro,
1513 2033 1602 2053 voces
1616 2025 1703 2062 signa
1726 2025 1787 2053 cir-

1064 2085 1130 2104 cum
1149 2075 1193 2114 155
1210 2075 1235 2104 ἓν
1249 2074 1436 2113 accipiendae
1452 2081 1532 2109 sunt,
1549 2084 1604 2113 pro
1617 2077 1705 2114 signa
1721 2077 1787 2105 cin-

1061 2126 1181 2164 genez'a;
1211 2125 1294 2165 quod
1315 2125 1349 2154 in
1371 2135 1403 2155 re
1426 2126 1492 2164 pari
1515 2135 1613 2164 nuper
1635 2125 1789 2155 ediximus

1065 2174 1244 2205 faciendum
1259 2175 1299 2205 ad
1314 2185 1375 2205 ver.
1391 2180 1462 2206 608.
1485 2186 1558 2206 nam
1575 2176 1706 2206 editores
1721 2175 1787 2206 vul-

1065 2235 1107 2266 go
1135 2226 1303 2264 ὑποστιζεαι
1329 2233 1397 2265 post
1425 2229 1640 2266 adipiscuntur
1646 2241 1656 2261 ,·
1682 2237 1790 2266 perpe-

1067 2287 1149 2307 ram:
1174 2277 1258 2318 quod
1274 2278 1435 2308 Bentleius
1449 2288 1572 2318 quoque
1587 2283 1790 2317 perspexerat.

1108 2329 1182 2358 Ver.
1205 2332 1276 2360 635.
1307 2331 1468 2360 videatur:
1510 2336 1544 2360 Δ.
1574 2332 1789 2360 videamur.—

1063 2381 1155 2419 quia:
1184 2379 1223 2410 V.
1239 2379 1286 2410 ed.
1303 2380 1461 2420 qum—Iu
1476 2390 1565 2410 versu
1586 2379 1791 2420 praecedente,

1069 2439 1108 2464 Π.
1125 2435 1172 2468 id,
1189 2444 1245 2473 pro
1259 2437 1308 2465 ad.

1112 2484 1192 2514 Ibid.
1215 2486 1378 2517 Riobilz'us:
1404 2486 1424 2516 i.
1440 2496 1466 2516 e.
1481 2488 1620 2524 velocius,
1636 2486 1737 2526 aptius
1750 2484 1789 2515 ad

1067 2536 1268 2567 movendum.
1314 2537 1474 2578 Virgilius,
1489 2549 1559 2579 geo.
1576 2538 1617 2568 iii.
1635 2540 1704 2568 165.

1068 2611 1140 2635 Dum
1152 2611 1244 2636 faciles
1253 2611 1486 2643 animijuvenum,
1503 2612 1569 2636 dum
1586 2610 1680 2635 mobilis
1693 2614 1773 2635 aetas:

1067 2681 1087 2710 i.
1103 2691 1128 2711 e.
1156 2684 1248 2720 velox,
1274 2683 1414 2721 abusive3
1437 2683 1510 2723 quia
1536 2681 1666 2721 majores
1688 2688 1789 2711 muta-

1067 2732 1166 2762 tiones
1188 2734 1311 2770 scilicet,
1339 2734 1385 2764 vel
1411 2733 1536 2773 majoris
1559 2732 1721 2762 celeritatis
1743 2733 1791 2762 ef-

1069 2783 1180 2822 fectus,
1197 2785 1250 2815 illa
1265 2792 1338 2816 aetas
1351 2786 1471 2815 habeat.
1505 2783 1568 2814 Vel
1583 2784 1690 2821 etiam,
1705 2783 1790 2824 quod

1068 2845 1161 2874 supra
1176 2836 1296 2867 dixerat
1312 2835 1485 2876 juventutis
1500 2835 1609 2876 fugam
1630 2834 1789 2872 maturari,

1069 2885 1101 2915 in
1116 2896 1176 2917 ver.
1193 2891 1242 2918 66.
