1926 3224
569 242 805 292 LIBER
851 242 1153 292 SEXTUS.

1507 254 1604 300 375

311 377 422 420 Haec
442 376 568 435 igitur
587 377 722 418 subito
742 375 876 417 clades
896 389 1018 425 nova,
1049 375 1338 431 pestilitasque,

254 450 341 494 Aut
361 453 404 493 in
425 467 550 508 aquas
569 451 693 501 cadit,
725 458 796 492 aut
815 449 952 506 fruges
971 448 1141 504 persidit
1160 449 1204 490 in
1222 449 1345 504 ipsas,

113 528 222 566 1125
254 526 343 568 Aut
362 527 462 568 alios
479 525 695 567 hominum
714 531 869 584 pastus,
899 522 1186 579 pecudumque
1204 523 1380 574 cibatus3

253 601 342 642 Aut
361 601 483 641 etiam
504 598 726 653 subspensa
744 604 884 637 manet
904 597 963 636 vis
983 598 1077 637 aere
1096 597 1140 636 in
1160 595 1266 651 ipso:

251 675 323 724 Et,
345 688 470 730 quom
491 673 690 729 spirantes
713 671 862 711 mixtas
882 669 980 711 hinc
1000 670 1190 711 ducimus
1210 685 1345 721 auras,

250 747 327 789 Illa
345 761 508 803 quoque
527 746 570 786 in
591 760 739 800 corpus
758 744 912 799 pariter
931 743 1097 784 sorbere
1117 758 1280 785 necesse
1299 752 1372 785 est.

253 819 465 862 Consimili
487 819 645 860 ratione
665 818 776 859 venit
796 817 929 858 bubus
950 832 1113 873 quoque
1133 832 1242 873 saepe

112 897 219 935 11:30
251 893 469 942 Pestilitas;
502 893 625 934 etiam
645 892 773 949 pigris
792 891 1022 933 balantibus
1043 907 1190 950 aegros.

250 967 340 1010 Nec
360 967 497 1019 refert,
518 975 659 1009 utrum
678 980 754 1008 nos
775 966 819 1007 in
839 966 929 1008 loca
949 967 1212 1009 deveniamus

106 1141 194 1173 Libri
209 1140 294 1177 dant,
306 1151 363 1181 per
377 1142 488 1171 sidera.

149 1202 224 1232 Ver.
244 1202 333 1232 1125.
362 1202 536 1231 hominum:
562 1199 604 1230 V.
626 1199 674 1230 ed.
695 1201 828 1235 homini,-

104 1262 164 1284 nec
179 1251 329 1291 displicet.

149 1311 223 1342 ver.
238 1314 329 1342 1127.
351 1311 519 1350 spirantes:
545 1310 621 1340 editi
637 1310 835 1348 recentiores,

105 1366 294 1405 spiranteis5
333 1363 759 1395 vitiosissime—ducimus.—
801 1370 832 1395 Σ.

103 1417 245 1452 dicimus;
275 1414 331 1445 sed
359 1414 526 1455 vulgatum
551 1420 596 1445 est
621 1415 654 1444 in
679 1414 832 1454 margine.

104 1467 200 1499 Prius
224 1472 387 1506 peccatum
404 1466 567 1497 Bentleius
590 1476 715 1508 quoque
740 1466 831 1496 casti-

104 1525 240 1560 gaverat.

149 1579 232 1611 Ibid.
252 1582 394 1611 ducimus
423 1591 534 1611 auras.-
566 1580 586 1610 i.
616 1590 643 1610 e.
672 1581 833 1615 trahimus,

104 1633 274 1668 sorbemus,
310 1632 502 1670 imbibimus,
545 1645 669 1672 σπωμεν.
726 1631 834 1662 Nitide

104 1683 236 1722 Statius,
255 1683 356 1714 Theb.
372 1683 404 1714 ii.
419 1687 492 1714 404.

394 1778 423 1800 et
432 1775 524 1805 tejam
535 1777 644 1807 tempus
654 1777 748 1806 aperto

103 1814 159 1840 Sub
169 1816 236 1846 Jove
246 1814 317 1839 ferre
327 1814 392 1844 dioe,
408 1817 567 1845 terrenaque
574 1813 678 1846 frigora
689 1813 818 1839 membris

103 1855 275 1880 Ducere—.

103 1933 157 1964 Ac
170 1932 349 1972 saepissime,
376 1943 468 1963 sensu
483 1932 638 1973 gradatim
662 1932 755 1971 flexo,
777 1942 831 1972 po-

103 1988 247 2015 testatem
262 1983 347 2014 haud
361 1984 546 2014 dissimilem
563 1984 695 2014 feliciter
712 1989 833 2014 exercet

102 2036 163 2067 hoc
177 2035 380 2072 vocabulum;
404 2036 458 2066 sed
472 2036 602 2075 cupidos
616 2036 832 2075 exemplorum

100 2085 145 2118 ad
158 2086 326 2118 auxiliatus
347 2086 488 2117 indicum
510 2087 833 2118 remittimus-Mox

105 2143 153 2169 Ω.
166 2149 298 2178 corpore.

147 2198 225 2229 Ver.
243 2201 333 2229 1150.
355 2200 546 2230 balantibus:
577 2199 614 2230 P.
631 2200 674 2229 V.
691 2199 738 2229 ed.
754 2201 834 2229 tala-

103 2250 206 2286 ribus‚·
229 2248 326 2279 Vind.
343 2249 380 2279 L.
401 2250 448 2279 M.
466 2251 506 2285 Q.
530 2256 564 2280 Δ.
583 2254 615 2280 Σ.
635 2256 679 2280 Ω.
701 2252 833 2281 calanti-

104 2301 176 2336 bus;
201 2299 390 2339 exemplaria
413 2299 556 2340 quaedarn
581 2301 642 2339 Pii,
664 2302 833 2338 halatibus;

105 2351 129 2381 i.
146 2361 173 2382 e.
195 2352 363 2382 balatibus:
389 2353 407 2382 Iz
425 2357 456 2381 et
476 2353 493 2381 b
514 2351 662 2382 facillime
676 2359 834 2391 permuta-

105 2402 312 2443 tis-aeg-ros:
338 2403 382 2432 sic
411 2403 539 2442 optime,
566 2409 602 2433 ut
618 2405 707 2442 colos,
730 2407 834 2443 honos,

103 2455 187 2492 odos,
203 2460 234 2484 et
248 2453 364 2484 similes
379 2454 668 2494 antiquissimorum
678 2455 836 2494 formulae,

104 2504 205 2535 Vind.
221 2505 263 2536 V.
287 2505 334 2535 ed.
352 2505 393 2535 Ο.
419 2511 454 2536 Δ.
472 2510 504 2537 Σ.
523 2512 567 2536 Ω..
591 2506 693 2547 vulgo,
715 2518 831 2547 oegror:

103 2555 141 2588 P.
157 2567 248 2596 oegre.

148 2617 232 2648 Ibid.
249 2619 370 2657 pigris:
406 2617 426 2648 i.
456 2628 482 2649 e.
515 2618 621 2657 tardis,
651 2625 683 2649 et
711 2620 836 2650 sibimet

104 2668 250 2699 auxiliari
265 2679 378 2708 parum
393 2669 575 2700 valentibus.
622 2671 704 2701 Haec
718 2677 764 2701 est
778 2682 835 2702 au-

103 2726 172 2751 tem
185 2720 338 2751 librorum
352 2727 491 2752 veterum
506 2723 756 2753 constantissima
769 2723 833 2754 lec-

103 2772 167 2811 tio3
191 2783 285 2814 quam
311 2779 417 2804 tamen
443 2773 576 2804 editores
593 2785 657 2805 non
673 2775 833 2806 dubitave-

105 2828 182 2853 runt
194 2824 318 2864 ejicere,
335 2831 370 2855 ut
379 2828 534 2865 pecudum
550 2826 747 2857 inveherent:
772 2837 835 2868 quo

104 2874 232 2915 incepto
245 2876 322 2916 quid
346 2876 498 2908 audacius
518 2883 549 2908 et
571 2878 748 2911 scelestius?
773 2879 836 2910 Sed

106 2926 194 2957 enim
223 2927 386 2961 Bentleius
423 2930 575 2961 dictiones
609 2933 702 2963 etiam
734 2933 837 2972 pigris

154 2983 237 3019 Vox..
256 2986 325 3019 111.

875 1137 1075 1177 transpositas
1097 1137 1206 1173 voluit,
1233 1143 1269 1167 ut
1293 1137 1468 1177 epithetum
1492 1137 1607 1170 rediret

876 1191 916 1220 ad
931 1192 1025 1221 bubus
1035 1204 1046 1221 :
1072 1199 1195 1220 memor
1210 1189 1331 1229 utique,
1345 1195 1382 1219 ut
1398 1196 1516 1230 putem,
1534 1191 1606 1221 Ho-

876 1242 988 1272 ratiani
1017 1244 1065 1272 bos
1090 1244 1192 1281 piger,
1219 1242 1306 1280 epist.
1336 1241 1356 1271 i.
1386 1245 1434 1272 14.
1456 1241 1509 1272 fin.
1557 1242 1607 1273 Sic

879 1293 1012 1323 Ovidius
1026 1302 1158 1333 quoque,
1181 1292 1269 1331 epist.
1286 1292 1347 1322 xvi.
1363 1296 1414 1324 56.

971 1375 1026 1398 Nec
1038 1372 1131 1405 patulo
1142 1372 1226 1396 tardae
1236 1372 1355 1404 carpitur
1366 1379 1412 1398 ore
1423 1372 1509 1397 bovir.

878 1444 948 1481 Sed,
974 1455 1048 1475 cum
1071 1444 1157 1484 apud
1181 1444 1308 1475 Graecos
1330 1444 1426 1474 etiam
1450 1458 1518 1486 amp
1541 1458 1607 1483 προ-

878 1495 1007 1530 ἐατωδης
1024 1506 1080 1535 pro
1102 1498 1212 1535 ignavo
1228 1501 1259 1524 et
1281 1497 1470 1527 tardiusculo
1487 1495 1521 1526 in
1536 1506 1607 1534 pro·

877 1547 1020 1578 verbium
1046 1547 1174 1585 abierat,
1205 1547 1284 1576 nihil
1312 1554 1434 1578 mutem
1460 1547 1608 1589 equidem

878 1600 983 1630 invitis
996 1599 1092 1630 libris.
1139 1599 1206 1630 Adi
1219 1600 1242 1631 J
1246 1610 1294 1630 uV.
1309 1607 1364 1630 sat.
1381 1611 1410 1631 x.
1427 1603 1477 1631 50.

923 1659 1003 1690 Ibid.
1026 1660 1217 1690 balantibus:
1243 1659 1376 1699 signate,
1401 1664 1525 1698 propter
1546 1659 1609 1690 fre-

877 1711 1097 1752 quentissimos
1134 1713 1193 1742 hoc
1228 1712 1428 1750 potissimum
1465 1718 1608 1751 tempore

878 1763 1021 1803 ejulatus.
1066 1763 1140 1792 Hoc
1166 1771 1231 1792 non
1256 1761 1348 1792 latuit
1363 1761 1550 1801 Virgilium,
1573 1762 1608 1792 in

877 1826 946 1857 geo.
961 1816 1004 1846 iii.
1021 1818 1092 1847 554.
1116 1815 1231 1846 divinis
1245 1815 1377 1846 omnino
1392 1814 1548 1846 versibus:

907 1889 1002 1914 Balatu
1013 1895 1155 1920 pecorum,
1166 1891 1194 1914 et
1206 1889 1304 1913 crebris
1313 1887 1460 1919 mugitibus,
1470 1894 1565 1914 amnes

906 1930 1074 1960 Arentesque
1084 1931 1175 1952 sonant
1186 1928 1264 1959 ripae,
1276 1927 1411 1958 collesque
1421 1927 1520 1958 supini.

878 2004 946 2034 Nec
961 2004 1065 2034 minor
1079 2003 1348 2043 proprietas-vocis
1365 2002 1440 2033 ibid.
1456 2002 1477 2033 i.
1494 2005 1567 2034 272.

907 2086 1101 2117 Balantumque
1111 2092 1222 2117 gregem
1234 2085 1318 2109 fluvio
1329 2090 1446 2109 mersare
1455 2084 1563 2109 salubri.

879 2159 976 2196 Nam,
990 2158 1071 2188 inter
1084 2156 1266 2193 lavandum,
1289 2156 1458 2187 clamorem
1473 2155 1610 2186 inconti-

878 2216 1007 2240 nentem
1021 2219 1144 2248 semper
1159 2209 1259 2238 solent
1274 2219 1346 2239 oves
1361 2207 1494 2238 mittere.
1519 2207 1607 2238 Tau-

878 2262 901 2292 ti
917 2261 1022 2300 refert,
1048 2271 1088 2291 an
1103 2270 1176 2291 curn
1197 2259 1319 2301 judicio
1334 2269 1423 2289 voces
1436 2258 1608 2290 adhibean-

878 2319 938 2344 tur.

922 2366 998 2396 Ver.
1019 2368 1109 2396 1131.
1132 2366 1166 2395 in
1190 2366 1256 2395 loca
1282 2365 1485 2395 deveniamus.
1532 2363 1609 2394 Ele-

879 2423 991 2458 ganter
1004 2416 1071 2447 sine
1082 2415 1300 2456 praepositione
1311 2416 1518 2452 Mantuanus,
1532 2415 1608 2446 AEn.

878 2469 898 2499 i.
915 2471 991 2500 565.

970 2553 1108 2576 Devenere
1117 2551 1191 2581 locos,
1201 2550 1247 2575 ubi
1257 2556 1401 2575 nunc—.

921 2623 997 2654 Ver.
1022 2626 1115 2653 1152.
1148 2624 1294 2653 advorsa.-
1335 2622 1373 2652 P.
1403 2622 1440 2652 ab
1470 2621 1587 2652 diversa
1594 2633 1607 2656 ‚-

879 2674 920 2704 V.
936 2673 984 2704 ed.
1002 2679 1046 2704 Ω.
1072 2675 1113 2704 ad
1128 2675 1264 2710 diversa;
1291 2679 1326 2704 Δ.
1340 2675 1610 2704 diversae-‘mute-

875 2737 961 2757 mus:
988 2730 1022 2757 Σ.
1037 2727 1200 2756 mittemus.
1231 2724 1369 2756 Minime
1383 2722 1528 2762 displicet
1541 2720 1610 2752 cod.

879 2778 920 2809 O.
935 2776 1098 2816 scriptura:

909 2858 990 2883 Nobis
999 2857 1122 2887 adversa,
1133 2860 1161 2883 et
1172 2856 1261 2882 coelum
1271 2860 1411 2883 mutemus
1421 2855 1544 2881 amicum.

879 2930 978 2964 Vind.
993 2930 1090 2963 etiam
1104 2930 1229 2963 exhibet
1242 2931 1395 2964 amicum.-
1417 2927 1473 2962 sed
1487 2930 1609 2968 recepta

844 2991 909 3022 Bb
