1926 3224
603 249 835 304 LIBER
883 247 1234 305 QUINTUS.

1578 253 1639 292 45

300 379 369 421 Ex
389 381 540 436 templo
560 381 727 423 inferior
746 397 840 437 pars
859 381 1009 422 horum
1028 379 1198 435 disperit
1216 377 1363 428 omnis,

185 456 267 494 290
298 453 510 510 Terraque
529 455 801 504 inumbratur,
824 454 903 509 qufi
923 453 1075 494 nimbei
1097 467 1302 508 quomque
1321 450 1520 499 ferantur3

301 527 362 569 Ut
381 542 523 569 noscas
544 527 758 581 splendore
777 541 886 566 novo
906 540 970 565 res
990 540 1150 577 semper
1170 540 1303 580 egere,

296 600 353 641 Et
371 601 550 654 primum
563 600 720 653 jactum
740 597 907 652 fulgoris
927 609 1130 650 quemque
1144 597 1294 649 perire:

296 673 385 713 Nec
405 672 563 712 ratione
582 670 658 712 alia
678 685 742 710 res
761 683 879 724 posse
898 669 941 708 in
962 667 1044 708 sole
1063 667 1208 717 videri,

294 744 500 800 Perpetuo
520 746 563 785 ni
584 744 814 799 subpeditet
833 743 932 784 lucis
948 748 1071 796 caput
1090 741 1236 796 ipsum.

180 823 262 860 295

352 818 467 867 Quin
487 818 610 859 etiam
629 826 832 859 nocturna
851 816 941 865 tibi,
969 816 1176 856 terrestria
1195 829 1288 870 quae
1309 823 1417 865 sunt,

293 891 490 942 Lumina,
511 892 735 947 pendentes
754 890 932 947 lych-nei,
954 889 1156 944 claraeque
1176 889 1354 930 coruscis

294 965 556 1023 Fulguribus,
577 966 750 1023 pingues
770 962 896 1005 multa
916 962 1100 1018 fuligine,
1122 961 1244 1012 tedae,

192 1142 266 1173 Ver.
282 1145 353 1172 284.
378 1140 460 1172 Vide
483 1141 524 1172 sis
548 1141 588 1172 ad
609 1141 649 1172 iv.
677 1143 746 1172 190.
768 1139 869 1170 consi-

149 1193 244 1224 milia.

191 1245 267 1275 Ver.
293 1247 364 1277 285.
387 1247 538 1286 quidquid
560 1246 644 1276 abest
666 1245 707 1275 V.
730 1243 866 1275 ed.-·ez':

148 1296 192 1326 sic
207 1306 316 1327 omnes
330 1298 453 1334 vetusti,
476 1303 541 1327 tam
556 1297 643 1334 editi,
659 1305 753 1336 quam
770 1294 868 1324 MSS.

149 1348 351 1379 Recentiores
365 1348 559 1379 excuderunt
569 1350 620 1383 εἰτ’,
632 1352 740 1377 contra
750 1356 871 1376 morem

148 1402 257 1440 po‘e'tae‚
273 1401 317 1432 sic
331 1401 527 1442 geminantes
541 1400 672 1431 literam.

192 1453 276 1483 Ibid.
300 1455 387 1483 Nam
398 1455 596 1492 primum—:
622 1451 642 1480 i.
665 1461 691 1480 e.
714 1449 747 1479 id
768 1449 871 1489 fulgo-

149 1503 203 1539 ris,
240 1503 449 1543 quodcunque
484 1502 622 1540 primum
659 1500 820 1534 emittitur,
843 1505 874 1528 et

150 1553 330 1594 ubicunque
343 1553 475 1592 accidat,
491 1552 548 1582 soli
557 1551 695 1591 disperit,
711 1561 747 1581 ac
756 1550 872 1589 disper-

149 1605 242 1636 ditur.

191 1657 267 1686 Ver.
284 1660 358 1687 286.
382 1657 491 1687 nubes:
519 1655 558 1685 V.
573 1654 621 1684 ed.
644 1655 758 1684 nullos:
784 1657 816 1682 et
835 1656 872 1682 Δ.

147 1708 239 1738 nubes
247 1709 396 1747 primum.

192 1758 273 1790 Ibid.
295 1760 470 1790 subcedere:
496 1757 515 1787 i.
532 1767 558 1787 e.
582 1757 689 1787 subter
701 1755 816 1790 venire,
838 1753 873 1783 in

147 1810 294 1850 primario
320 1820 415 1841 sensu
438 1808 587 1840 vocabuli.
635 1808 686 1838 Sic
707 1805 871 1846 Virgilius,

148 1864 224 1894 AEn.
239 1864 278 1894 iv.
296 1867 345 1894 10.

165 1931 230 1962 Quis
242 1937 328 1956 novus
339 1930 383 1956 hic
394 1930 491 1955 nostris
501 1929 615 1954 successit
625 1926 729 1953 sedibus
738 1926 848 1957 hospes?

148 1995 186 2020 ut
202 1989 255 2019 ille
269 1989 343 2019 alibi
358 1988 548 2028 saepiuscule.
593 1986 718 2017 Nonius
733 1983 868 2016 Marcel-

147 2041 206 2077 lus,
230 2042 268 2071 iv.
284 2044 356 2071 443.
379 2050 478 2070 crasse
493 2045 525 2070 et
539 2038 668 2069 confuse
692 2036 813 2073 omnia;
836 2040 872 2065 ut

148 2092 286 2122 nimium
302 2091 471 2132 soletgrex
485 2089 770 2131 grammaticorum.
808 2086 873 2116 Mi-

149 2153 209 2173 nus
224 2148 374 2173 accuratae
396 2148 470 2172 sunt
493 2141 588 2172 etiam
609 2140 719 2181 glossae
743 2143 875 2174 veteres;

149 2204 225 2236 quas
238 2205 328 2225 mora
342 2199 422 2225 esset
435 2203 540 2224 coram
555 2193 668 2223 sistere.

191 2247 257 2277 Ver
287 2249 358 2277 287.
377 2247 507 2285 Coepere:
526 2244 565 2275 V.
582 2243 629 2274 ed.
647 2244 870 2283 Corpora—et:

152 2304 192 2328 Π.
207 2310 254 2329 ac.

192 2349 268 2379 Ver.
282 2353 354 2382 290.
376 2360 533 2390 quomque,
549 2349 597 2379 vel
612 2357 749 2388 cunque:
767 2346 808 2376 V.
825 2343 872 2374 ed.

152 2402 269 2440 cuique.
314 2402 393 2431 Mox
408 2413 481 2432 novo
495 2401 686 2432 desideratur
696 2400 730 2429 in
747 2404 788 2428 Π.

192 2451 268 2482 Ver.
285 2455 355 2484 292.
379 2454 440 2483 Et.-
466 2453 507 2483 V.
528 2452 574 2482 ed.
601 2452 640 2482 O.
669 2456 703 2481 Δ.
721 2457 762 2480 Π.
778 2453 812 2480 Σ.
830 2454 874 2478 Ω.

158 2505 198 2535 Ut
203 2519 214 2540 ;
239 2513 276 2533 ex
291 2513 381 2533 versu
396 2504 552 2542 superiore
567 2503 684 2542 scilicet
697 2501 873 2541 repetitum.

194 2553 276 2584 Ibid.
288 2554 412 2593 jactum
422 2554 572 2593 fulgoris.
621 2553 755 2591 Gellius,
778 2552 829 2582 xii.
845 2555 873 2583 5.

151 2605 205 2646 qui
235 2605 326 2635 flores
355 2605 502 2635 orationis
532 2605 687 2636 delibabat
719 2604 871 2645 undique:

152 2661 175 2675 “
194 2656 271 2694 Cur,
286 2655 428 2695 fulgente
438 2655 527 2694 coelo,
540 2666 559 2686 a
572 2658 699 2686 luminis
702 2656 796 2696 jactu
812 2666 878 2686 non

151 2711 174 2726 ‘⁶
189 2706 247 2737 sua
261 2713 371 2747 sponte
381 2713 411 2737 et
421 2712 524 2746 caput,
535 2712 566 2736 et
577 2706 693 2745 oculos,
705 2706 874 2736 declinett''

151 2759 171 2789 i.
187 2769 212 2789 e.
236 2761 303 2801 ῥιπῃ
319 2767 421 2799 (vam.
459 2758 528 2788 Nos
542 2758 616 2789 alibi
627 2763 658 2788 et
672 2759 784 2798 saepius
794 2760 875 2789 hanc

151 2809 339 2850 elegantiam
354 2810 505 2840 sermonis
519 2809 713 2850 agitavimus·

193 2862 269 2892 Ver.
282 2865 353 2894 294.
368 2863 546 2902 subpeditet:
564 2861 584 2892 i.
597 2872 622 2892 e.
639 2867 792 2901 suppetat,
804 2872 877 2902 sup-

152 2912 318 2951 peditetur-3
342 2913 491 2952 absolute,
525 2913 572 2944 uti
594 2913 768 2946 Lambinus
785 2913 880 2946 etiam

913 1141 995 1168 recte
1006 1133 1142 1166 monuit:
1156 1132 1222 1165 redi
1231 1134 1271 1164 sis
1280 1133 1320 1164 ad
1330 1133 1350 1164 i.
1361 1136 1432 1165 548.
1445 1135 1491 1165 M.
1504 1133 1637 1169 Tullius,

913 1189 1000 1228 epist.
1016 1187 1056 1218 ad
1071 1186 1169 1217 famil.
1184 1186 1236 1216 vii.
1253 1189 1303 1216 18.
1327 1189 1349 1203 “
1367 1186 1421 1215 An
1437 1187 1494 1216 hoc
1520 1186 1639 1225 signifi-

915 1244 936 1259 “
953 1250 1013 1276 cas,
1033 1239 1125 1269 Nihil
1146 1237 1231 1269 fieri?
1257 1238 1384 1277 Frigere
1407 1237 1455 1268 te?
1480 1237 1531 1266 Ne
1554 1238 1642 1266 char.

915 1295 937 1310 “
953 1297 1019 1321 tam
1035 1290 1165 1332 quidem
1179 1289 1235 1320 tibi
1247 1285 1488 1328 sumieditare?”
1504 1289 1523 1318 i.
1534 1299 1559 1319 e.
1576 1288 1641 1318 suf-

915 1341 1015 1372 ficere.
1060 1340 1200 1371 Manutii
1216 1346 1304 1369 notas
1319 1339 1435 1369 ibidem
1451 1339 1578 1378 inspice.

959 1392 1040 1422 Ibid.
1063 1398 1173 1431 caput:
1200 1391 1219 1421 i.
1235 1401 1260 1420 e.
1273 1390 1366 1431 fbns:
1392 1390 1462 1420 vide
1478 1400 1553 1420 verr.
1569 1393 1641 1421 271.

917 1449 988 1475 282.

1420 1494 1642 1525 ΒεΝΤιεῐυς.

959 1554 1034 1584 Ver.
1064 1557 1136 1586 295.
1174 1556 1329 1585 terrestria
1360 1555 1510 1584 Lumina.
1554 1554 1644 1584 Hinc

917 1605 1102 1635 conciliatur
1116 1605 1216 1646 gratia
1239 1605 1366 1636 lectioni
1388 1607 1643 1635 membranarum

918 1664 958 1687 Π.
973 1657 1013 1686 ad
1029 1657 1058 1687 ii.
1076 1660 1152 1687 587.
1173 1667 1242 1698 quae
1265 1657 1370 1687 nescio
1392 1667 1433 1687 an
1448 1667 1520 1687 vera
1534 1657 1644 1688 debeat

915 1707 1099 1737 existimari:

1326 1786 1389 1811 quae
1402 1781 1496 1812 nequit
1507 1781 1574 1813 ignis

948 1820 1043 1844 Noster
1051 1819 1107 1849 hic,
1117 1819 1219 1851 elignis
1226 1823 1314 1849 ortus,
1325 1820 1453 1851 terrisque
1466 1824 1580 1845 creatus.

917 1890 981 1920 Ubi
996 1889 1118 1930 reliqua
1132 1889 1276 1929 exempla
1291 1889 1368 1921 dant
1384 1893 1469 1921 tedis.

956 1941 1032 1971 Ver.
1060 1944 1130 1972 296.
1166 1942 1323 1973 Lumina:
1365 1942 1406 1972 O.
1443 1943 1643 1973 Numina.—

915 1993 1055 2033 lyclmez':
1083 1998 1123 2021 Π.
1140 1982 1270 2032 lychirii.

963 2043 1044 2074 Ibid.
1062 2045 1228 2083 pendentes
1242 2046 1372 2084 lyclmez'.
1417 2045 1494 2075 Huc
1511 2046 1646 2084 respexit

920 2095 1127 2131 Mantuanus,
1150 2095 1190 2125 ad
1210 2096 1284 2125 AEn.
1301 2095 1320 2125 i.
1337 2098 1408 2126 726.
1430 2106 1525 2136 quem
1539 2096 1644 2127 Iocum

918 2147 1095 2178 Lambinus
1109 2147 1205 2178 etiam
1217 2148 1416 2178 indicaverat:

1043 2229 1104 2236 —
1114 2215 1252 2248 dependent
1262 2216 1342 2248 lychni
1353 2216 1518 2247 laquearibus
1526 2217 1620 2242 aureis.

920 2279 982 2315 Ibi,
999 2286 1035 2309 ut
1050 2279 1146 2310 codex
1162 2286 1266 2310 noster
1283 2287 1322 2310 Π.
1344 2279 1470 2319 quidam
1486 2279 1574 2311 codd.
1596 2283 1643 2322 ly-

917 2333 1023 2371 clzyni,
1043 2336 1074 2360 et
1088 2332 1206 2361 liclcz'nz'.
1254 2331 1429 2366 immonem,
1442 2337 1565 2361 tantum
1580 2342 1654 2372 non¹

921 2382 1049 2412 verbum
1065 2383 1165 2418 verbo,
1191 2381 1307 2412 Statius
1326 2382 1486 2420 expressit,
1510 2382 1607 2413 Theb.
1624 2383 1644 2414 i.

919 2435 990 2463 520.

949 2507 997 2530 Ast
1011 2505 1064 2535 alii,
1076 2507 1198 2531 tenebras
1210 2509 1237 2531 et
1247 2513 1359 2537 opacam
1371 2506 1478 2531 vincere
1488 2509 1598 2531 noctem

949 2548 1086 2579 Aggoessi,
1098 2548 1214 2573 tendunt
1224 2548 1322 2572 auratis
1332 2547 1438 2572 vincula
1447 2547 1549 2580 lychnis,

964 2611 1040 2641 Ver.
1065 2615 1136 2642 297.
1160 2612 1368 2650 Fulguribus:
1387 2610 1425 2641 P.
1441 2611 1479 2642 B.
1491 2611 1535 2642 0.
1552 2616 1587 2642 Δ.
1604 2618 1645 2643 Π.

923 2668 967 2692 Ω.
992 2664 1196 2702 Fulg0r2·bas‚-
1220 2663 1253 2692 in
1265 2663 1380 2703 quibus
1401 2663 1559 2693 vocabulis
1579 2669 1645 2694 tur-

920 2714 993 2743 bare
1008 2714 1115 2744 scribae
1139 2714 1251 2746 solent:
1276 2714 1383 2745 redeas
1397 2714 1437 2744 ad
1451 2714 1482 2744 ii.
1497 2717 1570 2745 525.

963 2764 1044 2795 Ibid.
1057 2765 1208 2806 fuligine.
1235 2766 1324 2796 Libri
1338 2765 1486 2803 universi,
1497 2766 1643 2804 caligine.-

920 2826 990 2856 quae
1005 2826 1074 2853 vox,
1097 2827 1198 2857 quum
1211 2817 1470 2848 manifestissimae
1493 2817 1646 2847 sermonis

921 2866 1020 2897 indoli
1036 2868 1237 2906 contradicat,
1261 2879 1383 2908 semper
1396 2873 1463 2899 erat
1477 2867 1555 2898 mihi
1577 2878 1644 2897 sus-

923 2924 1030 2958 pecta;
1055 2925 1086 2950 et
1111 2919 1306 2960 conjeceram
1329 2920 1547 2960 reponendum
1570 2928 1643 2954 esse,
