1926 3224
274 248 370 295 274⁴

774 245 834 293 T.
887 244 1277 299 LUCRETIL

474 374 549 416 Est
568 373 705 421 etiam,
737 386 863 427 quom
881 372 941 414 vis
961 375 1209 417 extrinsecus
1228 376 1353 418 incita
1371 380 1479 420 venti

302 451 386 489 295
416 446 568 490 Incidit
586 446 630 485 in
650 443 824 486 validam
844 453 1007 488 maturo
1027 462 1052 488 a
1071 448 1247 492 culmine
1265 450 1434 492 nubem:

412 521 551 569 Quam
570 532 694 574 quom
714 519 922 574 perscidit,
954 535 1008 562 ex
1028 522 1180 577 templo
1200 522 1310 564 cadit
1327 524 1471 580 igneus
1491 524 1557 566 ille

411 593 587 643 Vortex‚
618 607 740 648 quem
759 594 893 648 patrio
913 596 1136 638 vocitamus
1154 598 1322 638 nomine
1341 597 1506 639 fulmen.

413 666 512 708 Hoc
531 665 580 707 fit
597 666 706 708 idem
726 667 769 709 in
789 669 938 723 parteis
957 669 1069 721 alias,
1100 685 1389 727 quoquomque
1408 671 1499 714 tulit
1519 671 1590 714 vis.

469 740 537 782 Fit
556 754 733 796 quoque,
764 748 811 782 ut
828 737 1036 784 interdum
1054 744 1164 785 venti
1185 745 1258 795 vis,
1289 746 1410 788 missa
1429 746 1516 787 sine
1535 745 1637 803 igni,

297 819 379 856 300
410 814 592 871 Igniscat
610 821 749 855 tamen
768 815 812 855 in
832 816 980 870 spatio,
1011 816 1215 875 longoque
1234 827 1386 870 meatu,

409 887 527 929 Dum
545 888 674 938 venit3
706 889 895 932 amittens
914 890 959 932 in
978 906 1099 934 cursu
1119 907 1293 949 corpora
1311 893 1502 950 quaedam

307 1043 383 1074 Ver.
399 1045 469 1076 295.
503 1043 555 1074 De
583 1045 642 1075 hoc
669 1054 772 1084 versu,
801 1046 988 1087 conjecturis

264 1095 376 1126 nostris
390 1095 531 1126 restituto
545 1095 712 1126 sinceritati
728 1097 876 1136 pristinae,
898 1109 985 1129 max-

263 1146 330 1178 imo
344 1157 400 1178 nos
421 1157 513 1186 opere
537 1147 687 1179 laetamur.
731 1149 812 1179 Vult
837 1150 987 1179 nimirum

263 1199 365 1239 poeta,
378 1204 509 1229 -ventum
522 1199 567 1229 ita
581 1199 716 1230 incidere
731 1200 848 1238 vertici,
871 1201 919 1230 vel
933 1211 985 1230 su-

262 1249 375 1289 periori
399 1250 488 1289 parti,
518 1250 621 1288 nubis,
639 1251 709 1291 jam
731 1256 870 1280 maturos
897 1250 987 1290 ignes

262 1302 419 1341 gestantis,
441 1307 477 1331 ut
492 1311 561 1331 eam
576 1308 725 1340 permeet,
739 1308 831 1342 atque
846 1301 986 1339 alteram,

261 1351 325 1382 sive
347 1351 538 1389 inferiorem,
568 1357 687 1390 partem
713 1351 792 1391 ejus,
819 1351 904 1382 unde
925 1352 986 1383 sul-

261 1411 336 1433 men
371 1403 481 1439 evolet,
516 1408 702 1441 perrumpat.
757 1402 845 1432 Hinc
880 1403 988 1434 omnia

261 1451 343 1483 fiunt
364 1453 455 1487 clara,
479 1458 510 1482 et
532 1452 684 1491 expedita.
731 1453 791 1483 Sed
807 1454 985 1485 varietatem

259 1503 400 1535 lectionis
414 1503 596 1534 indicemus.
639 1506 774 1536 Incidit:
809 1505 906 1536 Vind.
930 1509 986 1538 Ιη-

258 1556 443 1587 cedit—in:
478 1560 513 1586 Δ.
538 1557 785 1587 ad.—vali‹1am.·
822 1557 984 1589 Vind.«O.

258 1607 565 1636 validm—culmine.-
589 1607 635 1637 sic
660 1617 770 1638 omnes
784 1607 853 1639 libri
875 1615 986 1648 praeter

258 1656 294 1688 P.
321 1657 374 1697 qui
401 1657 454 1687 dat
464 1657 604 1697 fulmine
611 1673 623 1694 ,-
647 1668 741 1698 quam
757 1668 864 1688 vocem
886 1659 984 1690 edito.

257 1718 307 1739 res
320 1708 409 1739 avide
423 1708 646 1747 corripuerunt,
673 1709 727 1739 sed
752 1715 876 1750 egomet
899 1711 984 1742 haud

257 1760 399 1792 dubitem
423 1761 646 1792 correctoribus
674 1762 840 1802 imputare,
871 1763 984 1802 scripta

256 1812 447 1852 exemplaria
461 1818 640 1843 commento
654 1813 778 1852 proprio
798 1814 981 1852 posthaben-

255 1864 348 1895 tibus.
393 1864 481 1894 Hinc
497 1864 670 1894 existimavi
687 1878 721 1896 n
737 1877 756 1895 ιι
773 1865 982 1904 supplendum

255 1926 337 1954 esse;
358 1916 500 1955 favetque
527 1915 691 1945 tentamini
719 1917 759 1947 V.
785 1917 832 1947 ed.
858 1917 924 1947 vice
945 1930 982 1948 erte

255 1974 385 2004 maturo,
415 1967 550 1997 scribens
579 1974 713 1998 matura.
761 1967 793 1998 Si
818 1969 982 1999 Lucretius

255 2017 400 2059 primitus
426 2018 577 2057 posuisset
588 2018 736 2058 fulmine,
767 2028 807 2048 an
837 2019 982 2050 credibile

255 2075 302 2100 est
325 2068 465 2099 librarios
488 2068 658 2107 scriptores,
687 2075 723 2098 ut
746 2075 782 2099 ut
807 2069 933 2100 inscitos
952 2076 983 2101 et

255 2120 432 2157 oscitantes,
458 2119 492 2149 in
513 2121 645 2150 culmine
660 2120 852 2152 mutaturos?
879 2121 982 2152 Nemo

255 2172 376 2204 dixerit.
424 2171 625 2202 Contrarium
641 2177 687 2202 est
704 2172 767 2202 veri
789 2178 869 2203 certe
884 2172 981 2203 simil-

254 2224 378 2256 limum.

298 2277 379 2308 Ibid.
411 2277 554 2308 validam.
608 2275 708 2316 Lego,
733 2278 894 2316 gravidam
903 2292 913 2313 ;
947 2282 982 2307 ut

254 2337 315 2359 ver.
345 2330 415 2359 258.
461 2326 512 2357 Sic
539 2333 675 2366 partum,
703 2328 819 2368 filum,
849 2327 982 2358 dicimus

254 2388 409 2414 maturum
421 2394 431 2411 .-
456 2380 525 2410 vide
540 2390 600 2411 ver.
616 2383 686 2412 439.
736 2381 961 2413 Bnuumus.

255 2433 311 2465 Ad
325 2441 455 2472 scopum
466 2432 525 2462 hoc
540 2437 688 2471 tempore,
704 2432 793 2462 nobis
807 2431 916 2462 saltem
931 2442 979 2462 ar-

253 2484 352 2522 binis,
376 2483 465 2514 nullo
486 2483 581 2514 modo
603 2483 786 2514 collineaw‘t.
839 2485 978 2515 Validam

254 2537 362 2567 nubem
392 2541 481 2565 sonat
514 2546 647 2566 crassam
685 2537 977 2576 conspissatamque5

253 2586 300 2617 rei
336 2586 444 2627 utique
486 2586 649 2625 propositae
685 2596 780 2626 quam
823 2585 976 2617 idoneam.

255 2637 346 2668 Huic
359 2643 465 2667 autem
487 2637 671 2676 expositioni
694 2636 800 2667 nullus
814 2642 849 2667 tu
864 2647 976 2678 repug-

255 2689 387 2727 naveris,
413 2695 577 2730 postquam
602 2689 794 2720 commiseris
815 2699 890 2720 verr.
906 2691 977 2720 175.

257 2742 327 2770 945.
345 2743 415 2772 249.
437 2740 588 2779 superius.

299 2791 375 2820 Ver.
390 2794 462 2822 297.
501 2793 622 2823 Vortex:
657 2791 765 2822 omnia
794 2797 896 2822 vetera
924 2801 976 2821 ex-

256 2839 372 2879 empla,
392 2843 650 2882 Quen—quem:
677 2843 773 2873 Vind.
790 2843 830 2873 V.
854 2841 901 2872 ed.
922 2851 978 2880 pro

257 2891 403 2922 var.1ect.
428 2897 461 2923 Σ.
480 2904 587 2932 quanm
614 2895 653 2925 O.
671 2901 715 2926 Ω.
730 2896 826 2934 quod,-
853 2893 906 2924 sed
928 2892 978 2923 hic

257 2943 291 2975 in
302 2944 443 2988 margine
457 2945 549 2976 habet
557 2949 808 2986 quem—patrio.-
828 2945 925 2976 Vind.
935 2945 975 2975 V.

1029 1047 1077 1078 ed.
1097 1057 1153 1087 pro
1173 1057 1236 1078 var.
1250 1047 1319 1078 lect.
1345 1052 1380 1078 Δ.
1396 1052 1431 1080 Σ.
1456 1049 1568 1087 spatio‚·
1594 1048 1642 1078 M.
1663 1057 1682 1078 a
1696 1058 1753 1080 see.

1029 1109 1137 1135 manu,
1151 1111 1166 1129 e
1183 1100 1294 1135 Laez'o;
1317 1104 1348 1128 ct
1363 1100 1456 1129 Latio
1471 1098 1656 1129 adscribitur
1670 1110 1753 1130 mar-

1029 1149 1096 1189 gini
1111 1149 1177 1179 cod.
1195 1154 1229 1180 Σ.

1072 1198 1153 1229 Ibid.
1164 1199 1287 1238 fulmen
1305 1198 1355 1229 hic
1380 1198 1463 1229 idem
1488 1198 1556 1229 vult
1579 1199 1664 1241 quod
1679 1200 1752 1242 sul-

1025 1260 1102 1289 gur;
1128 1255 1164 1278 ut
1188 1248 1222 1278 in
1240 1249 1326 1290 Virg.
1351 1250 1425 1280 AEn.
1448 1249 1490 1280 ix.
1510 1252 1580 1281 735.
1604 1251 1754 1282 Aurelius

1030 1300 1149 1336 Victor,
1172 1300 1242 1340 epit.
1258 1301 1278 1330 i.
1295 1304 1344 1331 20.
1369 1304 1390 1319 ‘⁴
1408 1301 1439 1331 A
1464 1301 1553 1342 cujus
1578 1301 1658 1333 facie
1679 1312 1752 1334 cum

1031 1354 1053 1369 “
1069 1351 1196 1392 quidam
1212 1351 1302 1382 miles
1315 1351 1423 1382 oculos
1439 1357 1598 1392 averteret,
1614 1359 1646 1383 et
1658 1353 1753 1385 inter-

1031 1407 1054 1422 “
1068 1410 1231 1445 rogaretur
1244 1405 1284 1435 ab
1299 1414 1347 1442 eo,
1362 1414 1418 1434 cur
1428 1404 1472 1434 ita
1486 1405 1612 1444 faceret,
1627 1399 1765 1445 respon-¹

1031 1458 1054 1474 “
1069 1455 1127 1486 dit:
1170 1455 1254 1491 Quia
1279 1455 1403 1496 fulmen
1433 1456 1598 1487 oculorum
1626 1462 1754 1488 tuorum

1031 1510 1053 1525 “
1069 1507 1149 1537 ferre
1177 1516 1240 1536 non
1271 1507 1428 1546 possum.”
1484 1508 1528 1538 At
1553 1508 1667 1550 fulgur
1696 1515 1752 1547 est,

1028 1567 1089 1598 quo
1119 1556 1237 1587 soleant
1268 1557 1352 1588 oculi
1381 1558 1547 1589 hominum
1569 1559 1752 1601 praestringi.

1029 1607 1124 1638 Silius
1140 1607 1280 1646 Italicus,
1299 1608 1352 1639 xii.
1368 1611 1440 1639 700.

1158 1687 1284 1711 namque,
1295 1684 1326 1705 ut
1337 1681 1431 1712 cernis,
1444 1682 1501 1713 jam
1512 1682 1616 1714 flagimt
1626 1682 1705 1716 ignes,

1056 1729 1089 1752 Et
1100 1732 1174 1760 parat
1185 1729 1300 1753 accensis
1311 1728 1409 1754 imitari
1416 1729 1535 1760 sagmina
1546 1729 1670 1756 flammis.

1028 1796 1109 1827 Haec
1125 1803 1232 1827 autem
1246 1803 1393 1836 reputans
1413 1797 1456 1828 ita
1477 1808 1600 1829 censeo:
1627 1800 1750 1838 Fulgur

1026 1848 1141 1879 scilicet
1157 1860 1224 1880 cum
1247 1852 1348 1880 sonitu
1365 1849 1490 1880 vocitari
1505 1850 1668 1890 aliquoties
1677 1851 1749 1891 ful·

1025 1910 1110 1936 ⁷nen,·
1144 1906 1190 1929 ast
1201 1900 1316 1941 fulgur
1340 1903 1465 1931 tacitum
1497 1911 1562 1932 non
1589 1901 1674 1938 item,
1696 1901 1750 1932 sed

1025 1952 1185 1990 proprium
1203 1961 1319 1982 nomen
1334 1952 1506 1983 retinuisse.

1068 2010 1142 2040 Ver.
1158 2013 1229 2042 298.
1252 2013 1285 2041 in
1303 2013 1421 2050 parteis
1439 2013 1535 2042 alias:
1561 2011 1580 2041 i.
1596 2021 1622 2041 e.
1647 2014 1671 2031 “
1684 2022 1749 2042 non

1026 2063 1048 2079 “
1064 2060 1261 2091 solummodo
1275 2073 1294 2092 a
1316 2062 1409 2092 nubis
1433 2065 1573 2098 culmine,
1599 2062 1652 2093 sed
1671 2062 1748 2093 ala·

1024 2114 1044 2129 ‘⁴
1060 2112 1186 2149 teribus,
1195 2117 1226 2142 et
1240 2113 1278 2142 ab
1294 2111 1357 2142 ima
1369 2118 1453 2152 parte
1469 2112 1618 2153 denique;
1633 2113 1659 2143 si
1674 2123 1748 2143 ven-

1024 2165 1044 2180 “
1060 2162 1084 2191 ti
1101 2162 1145 2192 vis
1159 2173 1197 2193 eo
1212 2173 1244 2193 se
1259 2163 1339 2193 forte
1353 2163 1479 2193 fortuna
1495 2164 1610 2200 tulerit,
1623 2169 1654 2194 et
1668 2164 1747 2194 irru-

1026 2217 1048 2232 “
1063 2215 1143 2253 perit
1154 2215 1186 2244 in
1202 2215 1353 2246 nubem.'’
1378 2215 1466 2246 Hinc
1481 2222 1585 2246 nostra
1599 2226 1660 2246 ver.
1675 2219 1748 2248 295.

1024 2266 1203 2298 constitutio
1239 2266 1426 2298 validissime
1462 2268 1623 2298 roboratur
1652 2267 1750 2308 ipsius

1023 2317 1102 2347 vatis
1115 2318 1305 2349 auctoritate.
1351 2319 1494 2350 Mentem
1509 2319 1568 2350 loci
1591 2329 1655 2350 non
1676 2319 1748 2351 atti-

1023 2369 1070 2409 git
1084 2369 1234 2410 interpres
1251 2370 1429 2402 Creechius.

1066 2429 1140 2460 Ver.
1166 2433 1237 2461 500.
1270 2433 1417 2471 Igniscat.
1479 2430 1590 2467 Quum
1618 2435 1748 2473 utraque

1022 2479 1124 2511 forma
1145 2481 1179 2511 in
1198 2481 1330 2522 hujusce
1346 2482 1468 2523 generis
1489 2481 1679 2513 dictionibus
1692 2483 1746 2513 ob-

1021 2532 1127 2569 tineat,
1146 2533 1288 2574 quisnam
1303 2544 1372 2575 ego,
1394 2541 1430 2565 ut
1444 2533 1576 2565 audeam
1591 2533 1747 2565 codicibus

1023 2583 1120 2616 MSS.
1151 2585 1372 2626 antiquissimis
1407 2584 1615 2616 inverecunde
1649 2584 1745 2614 resta-

1020 2635 1108 2674 gari?
1135 2635 1229 2671 Quod
1252 2636 1391 2666 dederim
1416 2646 1496 2673 vero,
1526 2636 1673 2675 scriptum
1699 2640 1748 2665 est

1021 2686 1053 2716 in
1067 2686 1164 2717 Vind.
1180 2687 1216 2718 L.
1234 2688 1281 2717 M.
1309 2697 1366 2717 nec
1391 2687 1528 2718 multum
1553 2685 1673 2716 abludit
1694 2694 1744 2715 co-

1020 2738 1098 2768 dicis
1114 2745 1158 2770 Ω..
1174 2740 1334 2779 scriptura,
1358 2740 1521 2781 Ignf'ficat:
1546 2736 1668 2778 reliqui,
1690 2738 1743 2776 Ig-

1020 2795 1132 2820 nescat.
1178 2790 1364 2829 Opportune
1386 2789 1458 2819 satis
1473 2793 1560 2819 vetus
1573 2787 1743 2818 onomasti-

1021 2849 1091 2878 con,
1118 2841 1202 2871 haud
1217 2839 1363 2881 ignobilis
1385 2838 1547 2879 aliquoties
1566 2837 1744 2868 subsidiari-

1020 2903 1070 2922 us:
1104 2897 1126 2911 “
1144 2895 1284 2932 Igniscst,
1316 2891 1472 2933 eruperat?
1523 2891 1634 2931 Neque
1657 2890 1745 2920 aliter

1020 2943 1051 2974 in
1071 2944 1204 2975 Graeeis:
1230 2947 1251 2963 “
1269 2950 1409 2985 Πυρεται,
1426 2942 1581 2983 agnis-cit?
1610 2942 1743 2981 Nempe,
