1926 3224
637 241 870 290 LIBER
918 241 1220 291 SEXTUS.

1575 221 1662 292 ‘291

327 373 466 423 Quam
485 372 600 414 simul
622 387 669 414 ac
688 372 898 429 gravidam
919 372 1100 414 detrudit
1119 373 1171 414 ad
1190 387 1357 428 aequora
1375 373 1508 428 ponti,

214 452 296 489 440
328 448 400 489 Ille
419 448 462 488 in
482 461 629 502 aquam
650 446 784 487 subito
804 453 937 486 totum
958 461 1000 487 se
1019 446 1203 496 inmittit,
1225 455 1265 488 et
1285 461 1407 488 omne

327 521 493 563 Excitat
512 520 667 577 ingenti
687 519 823 560 sonitu
842 533 971 567 mare,
992 517 1146 560 fervere
1168 534 1330 576 cogens.

386 595 455 635 Fit
474 607 651 648 quoque,
672 599 719 631 ut
738 590 917 630 involvat
936 590 1045 630 venti
1067 605 1108 631 se
1128 592 1304 634 nubibus
1324 595 1411 649 ipse

325 668 499 715 Vortex‚
521 663 747 705 conradens
768 677 820 703 ex
841 664 935 704 a’e're
955 663 1111 705 semina
1130 665 1270 715 nubis;

324 740 380 781 Et
398 738 512 794 quasi
532 737 752 778 demissum
772 737 876 778 coelo
889 746 1079 795 prestera
1098 739 1294 781 imitetur.

208 818 289 856 445
322 812 448 862 Heio,
478 810 549 852 ubi
570 825 612 851 se
631 811 675 851 in
695 819 824 852 terras
844 810 1006 853 demisit
1026 812 1306 870 dissoluitque,

321 885 520 927 Turbinis
539 885 751 926 inmanem
771 885 854 925 vim
874 887 1094 940 provomit,
1118 894 1240 943 atque
1258 889 1464 943 procellat.

325 959 422 1010 Sed,
444 959 540 1015 quia
559 958 606 1000 fit
625 973 720 999 raro
741 958 929 1009 omnine,
951 960 1208 1016 monteisque
1229 976 1389 1003 necesse
1409 972 1469 1005 est

181 1117 292 1159 plicius
307 1123 398 1159 atque
419 1116 574 1157 comptius
595 1117 652 1146 hos
674 1125 778 1146 versus
799 1115 902 1156 dispo-

182 1169 292 1200 suerit:

196 1249 244 1276 Ille
254 1249 282 1274 in
293 1256 386 1282 aquam
397 1249 485 1274 subito
496 1252 586 1274 totum
599 1256 626 1274 se
636 1248 762 1279 inmittit,
771 1251 799 1273 et
810 1254 906 1272 omnem

192 1290 314 1320 Excitat,
324 1289 428 1322 ingenti
440 1288 529 1314 sonitu
540 1295 615 1313 mare
625 1288 731 1313 fervere
743 1294 851 1319 cogens.

220 1365 297 1396 Ver.
316 1367 388 1395 442.
409 1365 492 1396 venti
505 1375 553 1394 se:
580 1363 619 1394 P.
637 1363 678 1393 V.
694 1362 742 1393 ed.
757 1365 853 1393 ventis
871 1373 904 1399 e,-

179 1416 309 1458 proclivi
333 1416 406 1446 satis
431 1415 637 1446 aberratione:
671 1414 762 1454 prisci
787 1414 908 1445 codices

181 1467 245 1505 Pii,
261 1470 342 1499 venti
356 1478 386 1498 se
400 1477 424 1497 e.

223 1520 299 1550 Ver.
315 1521 386 1549 445.
417 1519 538 1548 Vorteae:
563 1518 605 1548 V.
621 1516 668 1547 ed.
693 1517 733 1548 Ο.
760 1522 794 1547 Δ.
811 1521 846 1548 Σ.
864 1523 908 1548 Ω.

189 1571 535 1602 γενιετ.-εοηναάεπε.·
556 1569 597 1599 V.
609 1568 655 1599 ed.
667 1570 910 1600 commanens.—

181 1626 270 1654 ak're:
296 1623 337 1653 V.
354 1621 402 1652 ed.
421 1621 460 1652 Ο.
475 1623 565 1657 aem,-
591 1627 636 1651 Ω..
651 1631 731 1651 acre.

224 1673 307 1705 Ibid.
329 1675 514 1704 conradens:
550 1671 616 1701 redi
639 1681 716 1702 verr.
740 1674 812 1701 505.
835 1674 907 1701 542.

182 1727 257 1757 345.

223 1777 301 1807 Ver.
326 1777 399 1805 444.
428 1775 579 1804 imitetur:
608 1772 705 1803 Vind.
731 1775 905 1809 amzitetzcr;

165 1828 305 1869 'arrepta
327 1828 495 1868 praeeuntis
519 1828 602 1858 vocis
625 1827 780 1867 postrema
809 1827 908 1866 litera,

183 1883 298 1922 absque
321 1886 504 1911 caeterarum
526 1880 682 1910 linearum
712 1879 898 1910 mutatione:

182 1933 225 1964 V.
251 1933 299 1964 ed.
325 1938 475 1969 munstur,-
500 1942 541 1962 ne
565 1942 632 1962 uno
657 1931 786 1973 quidem
809 1931 906 1962 ductu

183 1985 308 2015 variato.

225 2035 307 2067 Ibid.
322 2037 414 2076 quasi
418 2041 556 2076 prestera
568 2037 717 2066 imitetur:
733 2045 832 2076 quum
841 2045 906 2065 non

180 2089 221 2119 sit
235 2099 325 2119 verus
339 2095 454 2128 prester
468 2088 641 2127 habendus,
657 2087 717 2118 nisi
726 2088 826 2128 quiin
838 2098 904 2117 ma-

181 2140 210 2170 ri
224 2146 396 2180 generetur.

225 2191 300 2223 Ver.
316 2195 388 2223 445.
412 2193 511 2223 Heic:
537 2191 580 2221 sic
597 2191 708 2222 malim
721 2191 906 2231 intelligere,

184 2247 221 2273 ut
236 2242 275 2273 de
289 2253 375 2274 more
391 2244 491 2283 magis
512 2244 713 2280 Lucretiano,
735 2253 830 2283 quam
853 2253 908 2281 pro

182 2304 256 2324 casu
270 2300 354 2324 recto
373 2294 568 2334 pronominis
582 2295 739 2334 accipere:
766 2294 908 2334 quamvis

183 2355 296 2386 parum
311 2345 629 2376 intersit—demisit:
657 2352 700 2376 Ω.
717 2347 843 2376 dimisit.

227 2398 302 2428 Ver.
326 2401 397 2429 446.
432 2399 596 2428 Turbinis:
634 2404 678 2427 Ω.
706 2398 908 2428 Turbine&—

185 2449 358 2480 inmanem:
384 2450 425 2480 V.
441 2449 490 2479 ed.
509 2451 641 2479 immane
657 2451 906 2489 z'n.—provomit:

185 2500 284 2531 Vind.
312 2500 351 2531 O.
376 2503 524 2540 promovit
531 2516 542 2537 ;
574 2505 674 2530 metro
698 2506 906 2540 repugnante:

177 2558 330 2593 promovet
346 2562 410 2582 non
424 2551 535 2582 fuisset
555 2551 908 2592 aspernandum—pro-

182 2606 282 2635 cellat.
328 2604 412 2635 Mihi
426 2604 537 2645 religio
552 2611 598 2635 est
611 2605 644 2635 in
659 2605 708 2634 his
726 2605 907 2635 venerabili-

183 2658 242 2689 bus
264 2658 392 2689 sincerae
406 2659 565 2689 vetustatis
587 2659 725 2699 reliquiis
740 2659 787 2690 vel
809 2659 908 2689 latum

181 2720 325 2751 unguem
340 2721 359 2740 a
373 2710 530 2741 codicibus
551 2711 729 2741 abscedere:
753 2711 818 2751 jam
836 2722 908 2742 vero

181 2763 226 2794 sic
246 2764 397 2804 scriptum
411 2765 599 2804 conspicitur
620 2765 654 2796 in
669 2765 814 2796 omnibus
828 2766 909 2796 anti-

183 2814 264 2855 quis,
287 2821 415 2855 excepto
437 2816 474 2847 P.
497 2822 529 2846 et
551 2816 624 2847 Ald.
647 2817 736 2848 Junt.
758 2817 843 2848 editt.
866 2819 904 2848 ab

180 2874 222 2895 eo
248 2867 470 2906 pendentibus3
503 2867 588 2898 unde
617 2868 668 2897 vix
698 2868 827 2898 dubium
858 2868 904 2907 fit,

179 2916 260 2958 quin
289 2919 496 2951 Bononiensis
526 2919 625 2951 editor
657 2926 765 2951 contra
793 2920 906 2960 scripta

947 1127 1003 1147 sua
1026 1118 1216 1158 exemplaria
1245 1124 1426 1150 contextum
1447 1120 1666 1153 immutaverit.

947 1171 998 1200 Ex
1022 1171 1081 1201 hoc
1111 1178 1217 1202 autem
1245 1182 1398 1204 consensu
1419 1175 1673 1205 membranarum

949 1222 1022 1252 satis
1051 1223 1157 1264 liquet,
1196 1224 1416 1254 vetustissimos
1447 1224 1577 1255 Latinos
1606 1236 1670 1256 non

949 1273 1055 1304 minus
1070 1274 1104 1304 in
1125 1275 1347 1316 conjugatione
1367 1275 1478 1315 primii,
1502 1287 1595 1317 quam
1611 1284 1671 1307 ter-

948 1323 1004 1363 tia,
1022 1327 1153 1365 procella
1168 1328 1298 1357 verbum
1313 1327 1482 1368 agnovisse.
1527 1327 1672 1366 Plautus,

951 1375 1016 1406 mil.
1032 1376 1109 1416 glor.
1125 1377 1169 1407 iii.
1188 1380 1214 1408 1.
1232 1381 1302 1409 167.

994 1455 1044 1481 Sed
1051 1455 1191 1487 procellunt
1201 1463 1238 1486 se,
1250 1459 1278 1481 et
1289 1458 1472 1488 procumbunt
1483 1457 1631 1483 dimidiati:

951 1526 971 1556 i.
1001 1537 1028 1557 e.
1060 1530 1082 1545 “
1106 1538 1139 1558 se
1164 1530 1364 1568 protrudunt,
1397 1530 1673 1571 promoventque.”

953 1579 1064 1620 Neque
1082 1579 1142 1610 alia
1163 1586 1209 1610 est
1231 1580 1376 1611 dictionis
1396 1587 1531 1620 potestas
1551 1582 1585 1612 in
1607 1583 1675 1613 Lu·

950 1631 1038 1661 cretii
1053 1631 1130 1663 loco.
1169 1632 1296 1663 Nescias
1310 1639 1418 1663 utrum
1434 1633 1527 1664 vellet
1543 1634 1675 1670 Servius,

951 1683 991 1713 ad
1015 1684 1104 1724 Virg.
1128 1684 1203 1714 AEn.
1227 1685 1246 1714 i.
1273 1688 1322 1716 85.
1353 1688 1375 1703 ‘⁴
1393 1687 1531 1716 Procella
1559 1690 1605 1715 est
1629 1685 1677 1715 vis

953 1737 975 1752 “
991 1740 1156 1765 ventorum
1180 1745 1255 1765 cum
1280 1735 1407 1774 pluvia;
1438 1736 1520 1766 dicta
1541 1738 1676 1776 procella.

952 1789 974 1804 “
989 1787 1028 1816 ab
1044 1796 1092 1825 eo,
1107 1787 1191 1827 quod
1203 1787 1310 1816 omnia
1318 1787 1495 1826 procellat.''
1520 1787 1677 1818 Nonnulli

951 1837 1082 1876 codices,
1100 1839 1263 1877 percellat.-
1296 1837 1543 1876 mendosissime,
1565 1849 1674 1878 quam-

951 1889 996 1920 vis
1017 1899 1112 1928 error,
1135 1895 1172 1920 ut
1193 1897 1259 1920 erat
1282 1889 1315 1920 in
1338 1889 1577 1930 exquisitissima
1601 1901 1676 1921 voce

949 1940 1204 1980 exspectandum,
1243 1947 1383 1971 recoctus
1415 1941 1454 1971 sit
1481 1941 1613 1972 librariis
1642 1942 1676 1972 in

951 1993 1065 2023 Isidori
1079 1993 1179 2033 origg.
1195 1992 1257 2023 xiii.
1272 1996 1283 2022 l
1296 1997 1321 2023 l.
1337 1993 1509 2024 clarissimo
1524 2004 1596 2024 cum
1612 1994 1677 2024 dis-

949 2055 1041 2075 sensu
1056 2044 1153 2083 ipsius
1168 2044 1211 2074 rei
1226 2044 1338 2074 natura
1352 2044 1553 2075 reclamante.
1581 2045 1674 2076 Glos-

949 2106 991 2125 sae
1006 2101 1123 2125 veteres
1138 2096 1276 2134 praebent
1287 2097 1444 2133 Procetlzt,
1463 2098 1616 2134 Procetlo,
1629 2102 1675 2127 at-

949 2157 1010 2186 que
1026 2147 1174 2184 Procello,
1200 2148 1235 2176 is.
1273 2146 1382 2176 Festus
1397 2145 1532 2184 exhibet,
1557 2150 1580 2165 “
1597 2149 1677 2178 Pro-

952 2201 974 2216 “
990 2200 1114 2235 cellum,
1136 2197 1375 2236 procumbunt.”
1416 2197 1477 2228 Sed
1501 2198 1586 2229 enim
1609 2209 1675 2230 cor-

950 2248 1118 2289 rigendum
1137 2248 1226 2279 valde
1247 2259 1367 2285 censeo,
1391 2249 1457 2280 vice
1473 2253 1677 2290 protrudunt,

945 2302 1162 2340 procumbunt.

995 2351 1075 2381 Ibid.
1104 2353 1250 2382 Turbinis
1265 2353 1419 2382 inmanem
1435 2353 1503 2384 vim.
1529 2352 1678 2384 Similiter

952 2402 1118 2444 Virgilius,
1140 2402 1181 2433 ad
1197 2403 1271 2433 AEn.
1289 2403 1328 2433 vi.
1343 2407 1415 2435 594.

1085 2485 1309 2517 praecipitemque
1319 2485 1417 2510 inmani
1428 2485 1528 2510 turbine
1537 2485 1637 2518 adegit.

996 2557 1070 2586 Ver.
1087 2559 1157 2586 448.
1193 2556 1323 2597 Olgficere
1347 2557 1398 2586 z'n:
1434 2555 1531 2586 Vind.
1565 2556 1606 2586 V.
1629 2555 1677 2586 ed.

957 2608 1092 2647 Officeret
1122 2609 1153 2637 in
1160 2623 1171 2644 ;
1200 2611 1234 2637 Δ.
1263 2607 1408 2646 Officeret.
1454 2606 1516 2637 Sed
1538 2607 1618 2637 illud
1642 2609 1678 2638 in

952 2657 1037 2688 haud
1071 2657 1167 2688 dubie
1203 2658 1402 2697 postmodum
1438 2664 1485 2688 est
1520 2658 1678 2689 codicibus

952 2711 1048 2742 Vind.
1065 2712 1106 2742 V.
1129 2711 1176 2742 ed.
1198 2712 1368 2751 intrusum,
1391 2719 1423 2743 et
1447 2713 1568 2752 primus
1592 2724 1677 2744 error

952 2763 1047 2793 fuerit
1075 2764 1246 2804 Officerent‚
1276 2769 1432 2802 postremo
1456 2764 1554 2794 ductu
1578 2764 1677 2794 linea-

952 2821 1131 2845 mentorum
1145 2818 1178 2846 in
1193 2815 1227 2845 in
1242 2822 1254 2846 t
1270 2822 1403 2846 mutato:
1423 2816 1509 2847 unde
1528 2818 1675 2857 Officeth.

994 2867 1068 2896 Ver.
1084 2870 1155 2898 449.
1181 2869 1344 2907 Prospectu
1360 2869 1464 2900 maris.
1500 2867 1675 2899 Commode

950 2918 1116 2959 Virgilius,
1131 2918 1172 2950 ad
1188 2919 1264 2950 AEn.
1278 2919 1298 2951 i.
1316 2923 1388 2951 181.
