1926 3224
295 207 385 249 196

791 202 850 249 Τ.
888 199 1261 248 LUCRETII

292 335 399 373 1200
429 332 540 373 Ante
559 329 681 371 deum
701 328 884 378 delubra,
905 343 1038 383 neque
1057 338 1147 369 aras
1167 327 1363 384 sanguine
1381 328 1509 370 multo

431 407 630 460 Spargere
650 402 976 458 quadrupedum,
998 417 1074 443 nec
1092 402 1196 443 votis
1215 408 1377 442 nectere
1395 409 1509 450 vota3

430 478 511 520 Sed
530 492 648 533 mage
666 475 823 532 placata
842 491 959 532 posse
978 476 1118 517 omnia
1136 483 1273 516 mente
1291 475 1408 516 tueri.

427 552 551 601 Nam,
574 566 699 606 quom
720 550 986 606 subspicimus
1006 551 1146 606 magni
1165 549 1341 590 coelestia
1358 548 1500 590 mundi

428 625 602 680 Templa
621 639 756 680 super,
778 624 976 679 stellisque
995 622 1237 664 micantibus
1257 621 1410 662 aethera
1429 621 1557 662 fixum
1564 640 1577 671 ς

293 704 397 742 1205
429 699 485 740 Et
503 699 614 740 venit
633 699 676 738 in
695 706 872 739 mentem
894 698 1000 747 solis,
1021 697 1225 751 lunaeque,
1246 695 1402 736 viarum
1409 713 1422 744 3

428 773 564 823 Tunc,
585 773 670 813 aliis
689 772 882 827 obpressa
899 771 1029 821 malis,
1050 771 1095 811 in
1113 778 1280 825 pectora
1299 784 1398 810 cura

315 950 456 980 Sternitur,
466 948 651 980 exanimisque
662 951 779 974 tremens
788 949 924 981 procumbit
932 949 1001 974 humi

409 990 464 1013 bos.

285 1059 333 1090 At
346 1057 431 1089 enim
446 1058 515 1099 quis
529 1063 621 1098 neget
635 1057 773 1088 nasutior
786 1057 951 1087 hominum
966 1067 1001 1087 ac

285 1109 453 1146 venustior,
469 1122 508 1139 w
522 1110 669 1139 exanimis
687 1114 717 1138 et
730 1114 868 1146 tremens,
884 1107 1002 1146 copulis

284 1160 460 1199 indiscreta,
473 1160 566 1200 longe
580 1160 662 1190 infra
676 1160 809 1190 nitorem
823 1165 853 1189 et
864 1161 1002 1200 ακριξεωιν

285 1212 455 1253 Virgiliani
470 1212 620 1242 sermonis
633 1210 749 1247 cadere,
772 1217 864 1251 atque
884 1210 1002 1249 politis-

284 1263 356 1294 simi
381 1263 604 1302 castissimique
629 1261 748 1301 ingenii
772 1262 870 1299 po'e'tae
899 1261 1003 1290 statim

285 1323 350 1344 esse
379 1312 601 1354 abjudicanda?
637 1312 808 1349 Nimirum,
837 1312 875 1341 de
902 1317 1001 1340 metro

283 1365 389 1403 timor,
409 1375 507 1405 quum
522 1374 663 1394 summus
677 1368 760 1393 vates
775 1373 839 1392 non
853 1362 926 1392 alibi
940 1363 1001 1401 pri-

283 1425 370 1446 mam
384 1415 532 1455 syllabam
546 1414 628 1443 verbi
640 1415 799 1453 procumbo
812 1414 1000 1452 corripuerit,

283 1466 425 1498 labefecit
454 1465 577 1500 scribas,
607 1465 839 1505 deturpavitque
868 1475 1000 1501 versum,

282 1517 327 1549 sic
359 1517 519 1558 elegantiis
547 1516 619 1553 suis,
643 1523 678 1546 ut
706 1517 824 1556 opiner,
848 1516 999 1547 redonan-

283 1569 373 1600 dum:

311 1649 461 1679 Sternitur,
479 1648 673 1680 exanimisque,
690 1651 865 1681 tremensque,
875 1655 999 1680 procum-

401 1689 443 1713 bit
455 1689 532 1713 humi
543 1689 599 1714 bos.

283 1763 400 1795 Confer
414 1769 566 1800 nostrum,
582 1763 621 1793 iv.
638 1766 710 1794 195.
727 1762 769 1792 iii.
788 1765 855 1793 161.

324 1815 406 1845 Ibid.
440 1817 576 1854 pandere
600 1816 729 1854 palmas.
778 1813 889 1854 Neque
917 1814 998 1843 hanc

279 1866 415 1906 phrasim
440 1865 589 1904 praeteriit
610 1864 770 1905 Virgilius,
796 1864 835 1894 ad
859 1865 933 1895 AEn.
955 1865 997 1895 iii.

279 1921 351 1950 265.

311 1991 346 2016 At
358 1993 433 2022 pater
443 1989 577 2019 Anchises,
586 1989 666 2021 passis
674 1989 708 2014 dc
718 1988 795 2014 litore
804 1989 936 2020 palmis—.

280 2060 442 2091 Praecessit
456 2059 591 2096 Ennius,
608 2059 691 2097 apud
708 2058 860 2094 Nonium,
875 2059 914 2089 iv.
925 2062 997 2090 564.

282 2111 323 2142 sic
339 2110 559 2150 disponendus,
582 2115 612 2139 et
626 2110 754 2140 fortasse
769 2110 992 2140 rescribendus:

340 2223 427 2248 Corde
434 2229 544 2254 gemens,
552 2221 633 2253 passis
646 2222 698 2247 late
706 2222 798 2254 palmis
809 2189 946 2253 pateff-{io

279 2295 451 2325 Lambinus
466 2293 574 2334 utique
597 2303 695 2323 crasse
710 2294 853 2332 exposuit
867 2304 920 2332 per
934 2300 998 2324 ten-

278 2348 355 2377 dere.

325 2406 398 2436 Ver.
415 2409 506 2436 1200.
528 2416 639 2445 neque:
659 2404 701 2435 sie
717 2415 780 2435 non
795 2405 930 2436 dubitavi
950 2415 997 2435 re.

279 2457 420 2494 scribere,
432 2456 502 2486 libri
514 2456 654 2497 quamvis
668 2462 850 2497 repugnent,
863 2467 918 2496 pro
929 2457 997 2487 vul-

280 2515 353 2550 gato
367 2519 421 2539 nec
428 2524 438 2544 ;
455 2508 494 2538 de
505 2508 752 2538 constantissimo
764 2508 900 2539 Lucretii
913 2519 999 2539 more

279 2565 351 2590 ante
365 2559 511 2595 vocalem,
535 2559 559 2589 si
576 2559 609 2589 in
625 2559 774 2600 contigua
788 2558 927 2590 clausula
943 2571 997 2591 nec

278 2610 373 2641 semel
394 2616 538 2649 ponatur,
560 2616 653 2651 atque
668 2611 865 2650 potissimum
887 2611 913 2641 si
935 2611 996 2650 bis;

280 2667 315 2690 ut
329 2661 363 2690 in
382 2662 441 2691 hoc
455 2661 523 2692 loco
538 2661 666 2692 factum.

322 2710 402 2741 Ibid.
424 2723 495 2743 aras
516 2714 664 2752 sanguine
685 2723 834 2753 spargere.
880 2713 931 2743 Ita
952 2712 996 2743 lo-

280 2766 370 2790 eutus
384 2767 429 2791 est
445 2762 640 2794 Mantuanus
652 2773 786 2804 quoque,
803 2765 876 2794 AEn.
891 2764 931 2794 xi.
946 2767 996 2794 82.

311 2831 440 2858 Vinxerat
451 2836 490 2897 bet
507 2838 566 2866 post
581 2839 657 2868 terga
673 2843 779 2867 manus,
795 2843 861 2868 quos
876 2836 997 2863 mitteret

401 2879 449 2897 um
469 2879 502 2898 ns

1075 946 1198 976 1nferias3
1217 952 1288 970 caeso
1298 949 1432 977 sparsurus
1443 944 1714 975 sanguinestammam.

1046 1017 1096 1047 Sic
1110 1016 1323 1056 reponendum
1344 1026 1381 1045 ex
1396 1014 1481 1044 libris
1495 1014 1763 1054 emendatissimis,

1042 1068 1136 1107 longe
1152 1078 1374 1106 ποιητικωτερως
1387 1071 1419 1094 et
1429 1063 1621 1104 exquisitius.
1646 1065 1764 1106 Vulgo,

1043 1128 1213 1157 sparsuros.

1087 1177 1161 1206 Ver.
1179 1179 1269 1206 1201.
1285 1177 1527 1215 quadrupedum,
1539 1176 1762 1217 τετραέαμσναν·

1045 1226 1123 1257 sicut
1138 1225 1313 1264 Euripides,
1328 1225 1361 1255 in
1373 1225 1471 1255 Elect.
1487 1229 1559 1256 476.

1087 1287 1159 1316 Ver.
1178 1289 1268 1316 1202.
1291 1296 1388 1325 mage:
1410 1291 1455 1315 Ω.
1472 1285 1762 1325 πιαὲἰς.ή>ἱαεαίᾶ.·

1043 1338 1085 1368 sic
1100 1337 1243 1368 universa
1257 1336 1453 1375 exemplaria,
1470 1336 1494 1366 si
1512 1336 1606 1367 Vind.
1620 1336 1767 1376 excipias3

1043 1400 1150 1419 verum
1166 1389 1292 1419 collator
1307 1388 1532 1419 somniculosus
1546 1388 1684 1428 vapulet:
1705 1389 1725 1419 i.
1737 1399 1764 1420 e.

1044 1440 1149 1472 animo
1172 1454 1252 1481 πρᾳει
1274 1446 1305 1470 et
1327 1441 1552 1480 εξηυμενισμενῳ,
1578 1439 1626 1470 vel
1647 1442 1764 1480 quieto,-

1044 1493 1133 1532 cujus
1157 1491 1401 1530 perturbationes
1424 1490 1530 1531 utique
1554 1489 1666 1520 sedatae
1692 1496 1766 1522 sunt

1044 1549 1136 1582 atque
1169 1541 1324 1572 emollitae.
1369 1542 1420 1572 De
1447 1552 1504 1572 suo
1524 1552 1672 1582 reponere
1699 1552 1765 1573 non

1043 1594 1236 1623 erubuerunt
1266 1593 1397 1623 editores
1416 1591 1546 1632 pacatd,-
1571 1602 1644 1623 cum
1676 1593 1765 1624 nullo

1042 1643 1154 1674 fructu.
1199 1643 1362 1683 Virgilius,
1383 1644 1457 1674 AEn.
1473 1644 1512 1674 xi.
1523 1647 1595 1674 500.

1042 1723 1080 1746 Ut
1092 1722 1210 1752 primum
1218 1721 1316 1754 placati
1327 1721 1418 1752 animi,
1429 1725 1455 1748 et
1468 1722 1571 1754 trepida
1579 1729 1625 1747 ora
1635 1722 1763 1754 quierunt.

1043 1802 1106 1832 Ubi
1128 1802 1281 1832 nonnulla
1305 1802 1446 1841 exempla
1467 1804 1591 1842 pacati5
1615 1809 1706 1841 prout
1730 1803 1764 1834 in

1041 1854 1089 1883 his
1104 1853 1260 1884 vocabulis
1275 1854 1388 1893 passim
1410 1854 1554 1884 variatur.
1598 1854 1665 1885 Nos
1686 1855 1763 1886 hinc

1041 1905 1197 1935 verissime
1219 1905 1453 1936 emendavimus
1470 1906 1654 1945 Horatium,
1677 1907 1763 1946 epist.

1042 1957 1062 1988 i.
1079 1961 1108 1987 2.
1126 1960 1176 1988 45.
1199 1963 1234 1986 ut
1249 1956 1378 1988 videtur.
1413 1957 1554 1994 Ovidius,
1573 1958 1639 1988 fast.
1655 1958 1675 1988 i.
1691 1962 1721 1988 3.

1103 2037 1192 2069 Accipe
1201 2037 1310 2068 placato,
1322 2038 1412 2062 Caesar
1423 2037 1584 2063 Germanice
1596 2038 1602 2062 !
1625 2037 1702 2062 vultu

1102 2077 1184 2102 Hocc’
1195 2083 1276 2109 opus;
1294 2081 1320 2102 et
1332 2077 1436 2102 timidae
1451 2077 1536 2109 dirige
1547 2077 1622 2102 navis
1631 2078 1689 2103 iter.

1041 2147 1160 2188 Vulgo,
1187 2150 1302 2188 Excipe
1320 2154 1448 2188 pacato‚·
1473 2147 1527 2178 sed
1549 2148 1707 2188 quomodo
1730 2163 1764 2180 aro

1043 2200 1158 2238 Excipe
1171 2199 1337 2228 stationem
1351 2209 1441 2228 suam
1452 2198 1532 2228 tueri
1543 2199 1646 2237 possit,
1659 2199 1765 2230 nullus

1041 2249 1195 2290 intelligo,
1219 2255 1249 2279 et
1274 2249 1326 2279 alii
1350 2249 1443 2279 velim
1467 2249 1584 2280 dicant:
1611 2250 1683 2280 vide
1705 2261 1762 2281 nos

1043 2312 1144 2340 supra,
1167 2301 1206 2332 ad
1221 2312 1280 2332 ver.
1296 2305 1369 2333 827.
1417 2304 1545 2333 Placato
1565 2307 1682 2340 autem,
1691 2304 1763 2342 pla·

1040 2355 1118 2389 ciclo,
1148 2353 1284 2394 benigno
1310 2359 1341 2383 et
1363 2359 1504 2383 vacante:
1532 2353 1601 2384 vide
1623 2360 1765 2384 nostrum

1044 2405 1171 2442 Carum,
1193 2405 1213 2436 i.
1236 2408 1285 2436 45.
1302 2408 1351 2436 46.
1376 2407 1491 2436 Pacato
1514 2406 1604 2443 bene,
1631 2405 1657 2434 si
1684 2405 1763 2436 Ger-

1041 2456 1183 2487 manicus
1208 2457 1294 2496 prius
1317 2456 1411 2487 fuerit
1432 2457 1573 2487 infensus
1596 2462 1627 2486 et
1647 2446 1763 2488 hostilis

1044 2507 1165 2538 ovidio.
1211 2508 1378 2546 Caeterum,
1398 2508 1491 2546 polita
1505 2507 1655 2548 loquitur,
1676 2507 1761 2547 quasi

1040 2557 1157 2587 veniret
1170 2557 1209 2588 ad
1221 2563 1404 2597 praesentem
1414 2560 1519 2589 deum:
1538 2559 1657 2588 namin
1671 2557 1762 2588 sacris

1039 2611 1168 2639 verbum
1179 2611 1268 2650 placo
1284 2610 1399 2650 passim
1414 2610 1493 2641 solet
1507 2609 1652 2640 adhiberi.
1676 2609 1759 2639 Con·

1041 2661 1121 2691 feras
1136 2661 1210 2692 ibid.
1226 2672 1286 2693 ver.
1307 2665 1353 2693 17.
1368 2668 1400 2692 et
1415 2662 1446 2692 ii.
1465 2664 1512 2692 17.
1527 2666 1599 2691 met.
1611 2660 1671 2690 xiv.
1688 2662 1759 2692 595.

1040 2713 1095 2743 ubi
1110 2713 1231 2744 codices
1244 2713 1385 2744 similiter
1401 2714 1535 2744 turbant.

1042 2764 1212 2802 Caeterum,
1241 2764 1452 2805 geminissima
1477 2763 1618 2792 locorum
1639 2761 1760 2792 indoles

1040 2823 1092 2843 me
1113 2815 1196 2855 cogit
1220 2814 1344 2844 credere
1365 2813 1565 2844 Venusinum
1587 2822 1758 2843 memorem

1039 2865 1176 2897 Lucretii
1190 2865 1296 2904 fuisse,
1311 2864 1351 2896 ad
1365 2865 1449 2904 epist.
1464 2864 1483 2896 i.
1500 2868 1529 2896 6.
1543 2868 1574 2896 3.
1596 2866 1676 2896 hanc
1690 2864 1758 2894 ani-
