1926 3224
306 237 405 278 280

808 224 870 271 T.
908 220 1283 270 LUCRETII

452 354 768 403 confervefacit;
799 367 823 394 e
842 351 977 408 parvis
997 351 1094 406 quia
1111 349 1219 392 faeta
1236 349 1394 391 minute

454 429 706 486 Corporibus
725 428 784 468 vis
801 434 878 476 est,
910 433 951 467 et
969 424 1136 466 laevibus
1156 438 1208 464 ex
1227 423 1449 474 elementis,

451 505 559 554 Quae
577 503 693 545 facile
710 502 989 549 insinuantur3
1018 505 1077 548 et,
1107 498 1327 548 insinuata,
1357 504 1524 552 repente

337 584 417 620 355
449 577 690 621 Dissolvunt
708 575 839 618 nodos
857 574 1031 623 omneis,
1063 580 1103 613 et
1121 571 1254 612 vincla
1272 570 1466 612 relaxant.

505 653 825 706 Auctumnoque
843 648 987 705 magi-s,
1019 646 1138 687 stellis
1157 645 1402 702 fulgentibus
1421 650 1530 699 apta,

449 726 696 769 Concutitur
711 724 805 766 coeli
824 723 971 764 domus
990 719 1186 774 undique,
1216 727 1382 774 totaque
1401 717 1536 766 tellus3

448 800 520 849 Et,
551 813 677 855 quom
696 806 884 851 tempora
902 810 945 836 se
963 792 1066 834 veris
1084 791 1273 833 florentia
1289 790 1492 846 pandunt:

449 867 626 930 Frigore>
640 872 750 913 enim
769 870 916 912 desunt
934 868 1064 925 igneS,
1095 866 1307 922 venteique
1327 865 1460 907 calore

304 1047 363 1078 dus
385 1051 416 1077 et
430 1045 625 1078 emendanda
644 1050 701 1085 est,
723 1051 755 1077 et
776 1042 965 1085 explicanda,
987 1040 1027 1074 ad

303 1098 334 1129 ii.
351 1103 380 1130 6.
397 1103 425 1130 9.
449 1102 472 1118 ‘⁶
489 1098 605 1138 Igitur,
629 1098 684 1128 ubi
707 1097 803 1128 semel
828 1107 861 1127 se
886 1097 920 1126 in
947 1095 1025 1125 His-

303 1152 328 1168 “
342 1147 436 1189 paniz'i
450 1149 549 1180 movit
565 1148 621 1179 illa
636 1148 739 1189 gravis
759 1154 791 1178 et
804 1148 945 1178 luctuosa
960 1146 1024 1175 Pu-

301 1203 325 1219 “
342 1201 405 1232 nici
425 1203 495 1232 belli
518 1201 564 1231 vis
587 1207 681 1242 atque
698 1206 867 1240 tempestas,
889 1199 1024 1230 destina·

300 1254 324 1270 “
339 1257 470 1294 tumque
487 1253 639 1283 Romanis
661 1253 730 1292 jam
741 1251 798 1282 diu
817 1251 942 1292 fulmen
968 1250 1024 1280 Sa·

301 1306 325 1322 “
340 1305 474 1344 guntino
488 1305 563 1345 igne
577 1303 721 1334 conflavit
727 1315 736 1340 3
757 1302 874 1339 statim,
888 1301 1025 1341 quodam

300 1354 459 1394 “impetu
481 1361 586 1394 rupta,
611 1353 730 1384 medias
750 1352 899 1392 perfregit
917 1351 1024 1390 Alpes,

299 1408 323 1424 “
337 1411 369 1435 et
383 1405 416 1434 in
434 1404 560 1434 Italiam
582 1405 620 1434 ab
635 1403 696 1434 illis
718 1403 868 1434 fabulosae
883 1403 1022 1433 altitudi-

298 1458 323 1474 “
338 1456 387 1486 nis
402 1455 535 1493 nivibus,
559 1454 644 1484 velut
669 1453 746 1484 coelo
771 1454 873 1490 missa,
897 1454 1023 1484 descen-

296 1509 320 1525 ‘⁶
341 1506 417 1536 dit.”
458 1505 578 1546 Vulgo,
603 1511 710 1545 rapta;
735 1504 788 1535 sed
803 1504 888 1535 color
909 1504 1022 1535 oratio·

297 1557 346 1586 nis
360 1562 390 1586 et
405 1556 600 1587 concinnitas
625 1555 733 1596 flgurae
756 1561 895 1586 nostram
913 1565 1021 1586 vocem

294 1607 446 1649 flagitant,
470 1615 575 1648 rupta,
605 1607 668 1637 sive
691 1618 721 1638 se
750 1618 926 1648 erumpens:
952 1607 1022 1637 vide

295 1659 337 1689 sis
352 1659 443 1700 Virg.
466 1669 537 1699 geo.
567 1658 610 1688 iii.
637 1661 709 1688 428.
743 1658 819 1689 Stat.
845 1658 942 1688 Theb.
968 1657 1020 1688 xii.

300 1713 372 1743 275.
388 1721 490 1752 neque
505 1710 594 1741 aliter
606 1710 661 1740 alii
676 1710 800 1750 passim.

338 1771 413 1801 Ver.
428 1773 500 1801 350.
516 1772 700 1801 inciderint:
725 1770 766 1800 V.
782 1769 829 1800 ed.
844 1770 1022 1801 incederint.

296 1820 422 1862 —quds
449 1820 484 1852 P.
507 1832 594 1861 quoe;
621 1822 661 1852 V.
689 1820 1018 1862 ‹Aqua—tenentur:

301 1879 347 1904 Ω.
362 1878 496 1904 tuentur.

339 1932 422 1963 Ibid.
443 1938 522 1964 texta
538 1939 694 1964 tenentur:
721 1933 765 1963 ita
786 1932 945 1972 compacta
961 1933 1019 1963 sci-

296 1983 369 2014 licet
390 1989 421 2014 et
435 1983 622 2014 condensata
638 1983 774 2020 materie,
798 1990 833 2014 ut
854 1983 943 2014 nulla
957 1984 1020 2014 sint

294 2034 457 2071 foramina,
483 2045 538 2074 per
560 2045 630 2075 quae
651 2034 773 2065 fulmen
793 2035 861 2066 sine
885 2035 1019 2075 corporis

294 2085 424 2117 discidio
439 2086 597 2126 perniciali
612 2086 790 2117 transfundi
804 2087 908 2126 possit.

337 2147 412 2177 Ver.
427 2151 499 2177 356.
521 2153 604 2186 ama.
655 2146 705 2177 Sic
720 2146 799 2188 lego.
843 2147 930 2178 Hinc
948 2147 1019 2178 Vir-

295 2198 402 2240 gilius,
421 2198 496 2228 AEn.
511 2198 549 2228 vi.
566 2201 636 2230 798.

688 2278 734 2303 ubi
744 2278 850 2304 censer
859 2279 933 2304 Atlas

310 2326 401 2351 Axem
412 2324 526 2351 humero
537 2328 656 2356 torquet,
670 2325 747 2350 stellis
757 2326 910 2351 ardentibus
920 2329 1018 2359 aptum.
1047 2318 1049 2321 ¹

295 2404 397 2444 Apta:
423 2403 442 2433 i.
457 2414 482 2434 e.
495 2405 585 2445 firm
609 2410 644 2434 ut
666 2412 777 2441 noster,
793 2408 949 2440 radicibus
963 2417 1019 2447 ap-

294 2457 329 2487 ei.
351 2465 379 2486 V.
395 2458 467 2487 806.
492 2461 524 2486 et
534 2455 610 2486 ibid.
626 2466 687 2487 ver.
706 2460 797 2488 1204.

325 2558 448 2570 ——-
457 2546 587 2579 stellisque
597 2547 758 2574 micantibus
768 2549 871 2575 aethera
880 2549 979 2581 fixum.

792 2607 1017 2639 Beni-Linus.

294 2693 440 2726 Eandem
469 2695 720 2726 emendationem
744 2695 798 2727 alii
826 2696 959 2734 dudum,
989 2703 1021 2727 et

296 2752 419 2776 nosmet
433 2746 538 2785 etiam,
561 2752 669 2786 utpote
684 2747 811 2788 Virgilii
830 2748 1021 2779 amatoribus

295 2795 330 2826 in
351 2797 543 2834 apertissimo
561 2797 728 2837 jacentem,
751 2809 1018 2838 occupaveramuS.

299 2844 421 2875 Omnes
445 2846 515 2876 libri
537 2854 662 2884 veteres,
688 2850 836 2888 pervicaci
851 2857 881 2880 et
903 2849 1016 2880 moles-

294 2895 416 2928 tissimo
438 2907 600 2937 consensu,
627 2899 703 2931 dant
725 2903 806 2936 alea,·
833 2911 905 2932 cum
929 2900 1017 2932 nulla

1069 1042 1117 1073 vel
1143 1037 1294 1072 tolerabili
1317 1037 1553 1070 constructione.
1597 1036 1722 1068 Ennius
1739 1030 1794 1069 bis

1069 1093 1178 1132 posuit,
1195 1090 1280 1130 apud
1295 1091 1434 1120 Macrob.
1453 1090 1514 1120 Sat.
1530 1088 1569 1119 vi.
1585 1091 1613 1118 1.

1293 1169 1395 1195 coelum
1405 1169 1482 1194 stellis
1485 1168 1646 1202 fulgentibus
1656 1172 1757 1201 aptum:

1068 1241 1109 1271 ad
1137 1240 1306 1280 ipsissimas
1336 1241 1434 1280 po’e'tae
1459 1240 1557 1271 nostri
1581 1249 1684 1278 vocae;
1715 1249 1794 1280 quas

1068 1293 1265 1324 Mantuanus
1289 1292 1394 1323 denuo
1417 1293 1549 1332 excepit,
1575 1291 1662 1322 nulla
1687 1297 1791 1322 muta-

1066 1344 1153 1375 tione
1167 1343 1331 1374 locutionis
1344 1343 1438 1382 facta,
1453 1343 1494 1374 ad
1509 1344 1583 1374 AEn.
1598 1343 1639 1373 xi.
1656 1347 1728 1374 202.

1414 1431 1472 1449 nox
1483 1424 1594 1449 humida
1605 1424 1691 1449 donec

1129 1474 1241 1499 invertit
1252 1473 1341 1499 coelum
1351 1474 1426 1499 stellis
1429 1473 1590 1507 fulgentibus
1600 1476 1696 1506 aptum.

1065 1553 1163 1583 Extra
1186 1562 1314 1583 omnem
1327 1553 1496 1584 dubietatis
1515 1553 1723 1593 suspicionem
1744 1551 1792 1583 lo-

1064 1604 1125 1633 cari
1143 1604 1264 1634 videtur
1277 1605 1343 1634 haec
1359 1604 1509 1634 divinatio
1515 1617 1525 1642 ;
1548 1615 1630 1641 nam,
1653 1604 1681 1634 si
1698 1617 1732 1635 »ro
1743 1604 1792 1639 al·

1063 1661 1095 1685 ta
1111 1653 1307 1694 ferre'posset
1321 1654 1604 1694 interpretationem
1618 1654 1738 1695 referta,
1751 1655 1791 1684 ab

1061 1707 1125 1743 alo,
1148 1706 1264 1743 nutrio,
1287 1706 1346 1736 hoc
1361 1705 1440 1736 foret
1454 1705 1682 1744 duriusculum,
1705 1712 1736 1736 et
1756 1705 1790 1736 id

1067 1756 1209 1796 ambigui
1232 1756 1416 1795 contineret,
1435 1757 1519 1797 quod
1541 1759 1580 1787 ab
1594 1756 1721 1787 homine
1734 1765 1788 1786 ve-

1065 1807 1247 1838 nustissimo
1285 1808 1442 1848 quibusvis
1478 1808 1609 1838 demum
1637 1805 1790 1837 machinis

1066 1859 1166 1889 editor
1184 1858 1339 1889 studiosus
1360 1859 1528 1889 contendat
1548 1858 1681 1889 amoliri.
1723 1857 1789 1889 Po-

1066 1911 1132 1940 sitis
1157 1911 1253 1951 igitur
1278 1911 1408 1942 omnino
1437 1910 1696 1952 acquiescendum
1724 1919 1790 1940 esse

1063 1962 1258 1992 arbitramur.

1105 2021 1186 2052 Ibid.
1207 2023 1300 2053 stellis
1321 2023 1514 2063 fulgentibus
1526 2023 1645 2053 —coeli
1672 2023 1788 2052 (lomus.

1066 2072 1216 2113 Apposite
1232 2072 1395 2110 Horatius,
1411 2071 1460 2102 od.
1475 2072 1506 2103 ii.
1526 2076 1572 2103 12.
1588 2076 1618 2103 8.

1348 2165 1420 2190 unde
1431 2164 1582 2195 periculum

1184 2204 1287 2236 Fulgens
1295 2204 1460 2230 contremuit
1470 2204 1557 2229 domus

1154 2243 1261 2268 Saturni
1273 2242 1378 2269 veteris.

1552 2283 1777 2315 Erannos.

1107 2367 1180 2398 Ver.
1195 2372 1267 2400 458.
1293 2371 1472 2400 szcutitur
1487 2370 1556 2400 coeli
1568 2370 1684 2406 domus,
1709 2374 1786 2399 tota-

1063 2430 1120 2459 que
1134 2421 1231 2450 tellus.
1269 2419 1546 2455 Quemadmodum
1562 2419 1726 2458 Horatius,
1737 2418 1791 2450 od.

1062 2469 1083 2500 i.
1099 2473 1149 2501 34.
1171 2475 1200 2502 9.
1222 2470 1261 2501 de
1275 2472 1409 2502 tonitru:

1157 2561 1217 2592 Quo
1229 2561 1308 2586 bruta
1318 2561 1401 2591 tellus,
1411 2565 1438 2586 et
1451 2568 1519 2594 vaga
1530 2561 1653 2591 flumina,

1154 2601 1215 2632 Quo
1227 2602 1307 2633 Styx,
1318 2605 1346 2626 et
1357 2601 1434 2626 invisi
1442 2601 1551 2628 horrida
1561 2599 1672 2626 Taenari

1182 2639 1274 2669 sedes,
1285 2640 1478 2672 Atlanteusque
1488 2639 1556 2672 finis,

1217 2679 1431 2704 concutitur—-

1107 2749 1187 2780 Ibid.
1209 2757 1343 2790 tempora
1366 2762 1399 2782 ..ve
1421 2752 1514 2782 veris:
1541 2748 1634 2780 Vind.
1665 2749 1705 2779 V.
1735 2748 1785 2780 ed.

1062 2807 1195 2842 tempora
1212 2805 1303 2838 savis,-
1329 2808 1360 2832 et
1382 2803 1450 2833 haec
1468 2811 1525 2840 pro
1547 2810 1609 2831 var.
1624 2800 1693 2831 lect.
1711 2807 1787 2831 tem-

1055 2863 1134 2891 pora
1158 2855 1251 2884 veris:
1279 2858 1313 2884 Δ.
1336 2854 1515 2894 temporibus
1533 2854 1625 2889 seris,-
1651 2857 1685 2883 Σ.
1711 2858 1787 2883 tem-

1055 2913 1132 2943 pora
1150 2915 1218 2945 quae
1232 2906 1319 2935 veris.
