1926 3224
328 204 424 244 324·

787 199 847 246 T.
902 199 1282 247 LUCRETII

465 329 641 379 Scilicet,
663 335 704 369 et
721 328 881 377 fluvius,
904 329 974 383 qui
995 328 1118 379 visus,
1138 343 1357 371 maxumus
1377 330 1430 380 ei,

349 403 431 443 675
463 403 549 452 Qui
569 417 654 443 non
674 409 770 443 ante
789 401 964 457 aliquem
983 403 1181 458 majorem
1199 403 1317 444 vidit:
1349 411 1390 445 et
1409 404 1554 461 ingens

464 475 621 525 Arbor,
642 474 865 531 homoque,
886 475 1067 526 videtur3
1097 485 1138 518 et
1157 478 1312 528 omnia,
1334 477 1387 519 de
1404 492 1555 535 genere
1574 479 1702 532 omni,

461 549 666 590 Maxuma
685 564 778 605 quae
799 549 899 591 vidit
919 550 1104 607 quisque,
1126 549 1217 592 haec
1238 551 1426 608 ingentia
1445 551 1579 609 fingit:

461 623 602 673 Quom
622 634 760 666 tamen
783 625 923 665 omnia
941 639 1036 666 cum
1056 624 1174 675 coelo,
1197 625 1402 682 terraque,
1423 626 1626 683 marique,

459 697 576 739 Nihil
595 698 676 741 sint
694 698 748 739 ad
767 713 970 740 summam
990 702 1167 740 summai
1184 699 1309 741 totius
1329 714 1509 741 omnem.

347 775 431 812 680

517 771 642 814 Nunc
661 780 814 823 tamen,
835 773 902 814 illa
920 773 1053 814 modis
1073 773 1234 829 quibus,
1262 773 1428 815 inritata
1447 781 1630 830 repente,

460 845 647 888 Flamma
664 845 772 888 foras
791 848 912 889 vastis
932 847 1076 890 AEtnae
1095 847 1328 890 fornacibus
1348 847 1479 898 ecflet,

315 1027 353 1048 ea
388 1016 497 1049 fuisset
528 1018 683 1050 editorum
716 1020 976 1053 Lucretianorum
1005 1021 1039 1052 in

315 1069 473 1101 codicibus
508 1071 573 1102 suis
610 1074 805 1105 recensendis
840 1075 966 1116 religio,
1004 1082 1041 1106 ut

314 1127 399 1152 certo
412 1122 489 1152 scire
503 1133 674 1163 possemus,
688 1125 770 1156 hanc
784 1125 918 1156 formam
934 1126 967 1157 in
981 1136 1038 1156 an·

312 1171 495 1213 tiquissimis
508 1173 576 1214 ejus
589 1176 781 1206 membranis
794 1187 981 1215 comparere.

357 1224 430 1254 Ver.
447 1227 519 1255 673.
534 1227 690 1257 incendii:
715 1227 759 1256 ita
773 1227 867 1265 probe
884 1226 920 1256 P.
933 1225 973 1256 V.
990 1225 1037 1256 ed.

312 1275 415 1316 vulgo,
439 1276 579 1313 incendi;
603 1277 642 1307 de
663 1287 750 1307 more
771 1277 947 1316 scriptionis
968 1277 1035 1308 Lu·

309 1327 398 1358 cretii
418 1329 617 1367 temporibus,
640 1328 700 1358 nisi
718 1328 868 1364 fallimur,
892 1328 1035 1369 incogni-

310 1383 359 1409 tae.
402 1379 446 1409 Et
461 1380 552 1409 verba
566 1384 639 1408 sunt
661 1389 694 1409 se
715 1379 890 1419 objicientis
906 1380 1034 1411 rationi-

309 1429 368 1459 bus
382 1429 490 1468 po'e'tae,
503 1435 595 1470 atque
611 1431 833 1470 oppugnantis.

351 1478 425 1510 Ver.
440 1483 511 1510 674.
534 1482 579 1510 ei:
605 1480 712 1521 vulgo,
726 1484 784 1518 eii,·
809 1480 872 1518 sed,
897 1488 932 1513 ut
959 1483 1035 1514 alibi

306 1529 453 1569 diximus,
477 1540 536 1561 nec
550 1531 687 1561 Lucretii
710 1533 947 1571 consuetudine,
977 1545 1035 1566 nec

307 1581 434 1612 vetustis
470 1581 555 1612 libris
591 1582 901 1616 addicentibus—est
939 1585 1035 1616 etiam

305 1632 422 1663 claudit
442 1643 566 1663 versum
581 1633 614 1663 in
631 1634 662 1663 V
664 1633 728 1665 ind
746 1635 785 1665 Ο.
803 1642 848 1666 Ω.
867 1646 962 1676 quam
978 1647 1031 1668 vo-

306 1683 410 1717 culam
442 1690 559 1723 tamen,
589 1691 626 1715 ut
654 1685 787 1717 minime
815 1687 1031 1725 necessariam,

306 1735 467 1776 rejiculam
482 1746 539 1767 nos
553 1737 732 1769 habuimus.

349 1788 430 1818 Ibid.
451 1791 507 1828 qui
521 1791 618 1820 visus:
645 1793 668 1808 “
684 1800 724 1820 ne
739 1801 805 1820 uno
827 1790 954 1832 quidem
971 1791 1029 1822 flu-

305 1841 328 1856 “
344 1838 406 1876 vio,
422 1840 480 1869 sub
493 1840 552 1869 hac
566 1839 744 1870 conditione
759 1841 835 1879 viso,
852 1842 1030 1883 quicunque

302 1888 472 1919 “demum
501 1889 551 1927 sit,
588 1891 745 1930 excepto.”
789 1892 877 1927 Quid
908 1893 1030 1924 facilius

303 1940 364 1970 hoc
386 1950 489 1978 sensu,
513 1950 549 1970 ac
570 1940 739 1982 liquidius?
763 1943 845 1979 Quae
866 1945 957 1975 verba
975 1955 1028 1975 ex-

303 1991 462 2031 peditioris
485 2002 549 2023 esse
571 1994 808 2025 constructionis
824 2002 977 2035 poterant,
998 2003 1030 2028 et

303 2043 523 2083 simplicissimi
558 2045 710 2075 sermonis
743 2047 834 2085 po'e'ta
863 2047 1031 2089 digniora?

303 2094 411 2125 Fuerit
425 2094 529 2135 itaque
540 2095 743 2126 vanissimum
759 2103 790 2127 et
804 2097 866 2128 olei
881 2104 913 2129 et
928 2109 1029 2138 operae

302 2145 513 2185 dispendium,
558 2149 737 2178 temerarias
773 2155 865 2190 atque
902 2151 1030 2182 inutiles

301 2197 503 2237 conjecturas,
530 2197 644 2238 quibus
667 2199 811 2230 homines
833 2200 946 2231 eruditi
968 2202 1028 2232 mi-

303 2258 408 2278 serum
433 2249 622 2280 versiculum
650 2249 871 2289 divexavering
900 2262 1029 2292 scrupu-

301 2300 367 2331 lose
381 2309 540 2330 recensere
555 2299 732 2339 lectoribus,
748 2308 779 2332 et
793 2302 890 2333 otiose
901 2303 1030 2343 dispun.

301 2364 383 2395 gere.
428 2354 510 2385 Satis
531 2354 571 2385 sit
592 2355 618 2385 si
640 2362 771 2386 conatus
791 2357 920 2387 abortivi
935 2357 1028 2388 silen-

301 2411 349 2436 ter
363 2405 396 2435 in
417 2406 584 2446 spongiam
605 2406 788 2438 incumbant
808 2414 840 2438 et
853 2408 1029 2449 incastigati

301 2463 437 2497 pereant.
484 2458 682 2497 Critioorum,
705 2460 905 2500 quantumvis
921 2460 1027 2491 docto·

299 2518 383 2545 rum,
406 2509 555 2550 sagacitas
577 2520 641 2540 non
663 2516 710 2541 est
730 2512 764 2541 in
787 2511 897 2542 eadem
911 2512 1029 2543 trutina

299 2570 373 2590 cum
396 2560 585 2600 probissimis
608 2561 845 2593 emendatamm
870 2565 1024 2594 membra-

300 2621 413 2641 narum
428 2611 613 2642 lectionibus
630 2613 784 2652 ponenda.
833 2614 958 2645 Interea
978 2621 1023 2644 ta-

299 2672 386 2700 men,
402 2673 472 2703 quae
495 2663 664 2704 Preigerus
689 2676 707 2696 e
734 2665 920 2704 Claudiano,
943 2667 1024 2707 epig.

301 2711 334 2742 ii.
366 2716 414 2744 17.
450 2712 621 2754 adscripsit,
651 2715 779 2755 pulchre
809 2723 840 2747 et
868 2716 1026 2758 eleganter

303 2761 377 2793 Cari
391 2765 577 2796 sententiam
596 2765 765 2798 illustrant:

331 2843 458 2869 hoxima
466 2846 510 2870 cui
520 2846 600 2879 nigris
611 2849 715 2873 Verona
725 2849 856 2874 remotior
867 2849 952 2881 1ndis3

362 2892 552 2926 Benacumque
563 2900 642 2928 putat
653 2897 731 2923 litora
741 2899 820 2924 rubra
829 2897 928 2924 lacum.

1084 1020 1165 1052 Inde
1179 1027 1235 1058 est,
1250 1021 1334 1061 quod
1349 1020 1434 1052 idem
1450 1030 1602 1061 aquarum
1619 1029 1745 1062 agmen,
1763 1021 1808 1054 D.

1082 1072 1189 1110 Lucae,
1213 1080 1270 1110 pro
1289 1072 1435 1112 gentibus
1458 1071 1614 1108 scribenti,
1639 1072 1809 1103 vocitatum

1083 1131 1181 1162 λιμνη,
1205 1133 1271 1162 cap.
1287 1132 1314 1153 v.
1329 1133 1408 1153 com.
1428 1126 1454 1152 l.
1477 1123 1527 1152 vel
1551 1125 1655 1160 lacus,-
1674 1123 1758 1163 apud
1777 1123 1807 1155 S.

1084 1174 1283 1209 Matthoeum,
1305 1173 1345 1204 iv.
1362 1177 1410 1204 18.
1432 1173 1551 1204 civibus
1564 1174 1628 1204 suis
1641 1174 1807 1205 consulen-

1080 1230 1158 1262 tem,
1180 1226 1337 1260 Saxae-m.
1363 1225 1412 1255 vel
1432 1237 1527 1262 mare,
1552 1236 1660 1257 rursus
1681 1226 1804 1257 audiat:

1077 1275 1132 1316 qui
1170 1285 1346 1317 numquam
1381 1276 1498 1307 scilicet
1533 1278 1663 1317 majores
1697 1288 1806 1318 aquas,

1078 1337 1173 1368 quam
1194 1328 1336 1367 propriae‚
1361 1329 1426 1359 suis
1447 1328 1545 1359 oculis
1570 1334 1805 1368 usurpaverant,

1078 1378 1217 1420 adeoque
1232 1379 1280 1410 vel
1295 1383 1498 1412 maximarum
1519 1390 1636 1412 nomen
1651 1380 1689 1411 iis
1702 1380 1804 1421 impo-

1079 1437 1212 1462 suerant.

1122 1491 1197 1521 Ver.
1213 1494 1286 1523 675.
1301 1493 1407 1531 ingens
1422 1492 1531 1522 Arbor.
1554 1491 1720 1532 Virgilius,
1734 1501 1803 1533 geo.

1078 1541 1109 1573 ii.
1126 1545 1196 1573 151.

1231 1617 1242 1640 1
1245 1623 1290 1648 psa
1299 1615 1386 1648 ingens
1395 1616 1538 1641 arbos—.

1119 1691 1192 1724 Ver.
1210 1696 1281 1724 676.
1305 1695 1405 1724 Arbor
1427 1696 1586 1734 homoque:
1614 1693 1653 1725 V.
1668 1694 1716 1725 ed.
1737 1695 1802 1726 Ar-

1073 1746 1130 1775 dor
1144 1746 1382 1776 homa—omni.-
1408 1744 1505 1775 Vind.
1521 1745 1562 1776 V.
1585 1744 1632 1776 ed.
1650 1744 1689 1776 Ο.
1713 1750 1749 1778 Δ.
1765 1750 1800 1778 Σ.

1074 1797 1188 1832 omnis,·
1216 1795 1301 1836 quod
1317 1795 1420 1826 miror.

1116 1855 1190 1885 Ver.
1223 1859 1295 1887 677.
1334 1856 1484 1886 Maxuma
1522 1857 1679 1896 ingentia.-
1718 1856 1738 1887 i.
1772 1866 1800 1888 e.

1074 1906 1220 1936 “omnia
1237 1917 1388 1947 perquam
1412 1918 1538 1947 magna,
1564 1917 1634 1948 quae
1658 1907 1800 1946 primum

1073 1961 1096 1976 “
1112 1958 1233 1996 viderit,
1264 1965 1354 1998 putat
1377 1969 1442 1989 esse
1463 1960 1595 1989 absolute
1617 1958 1798 1998 ingentz'a5’'

1073 2008 1136 2038 sive
1167 2009 1251 2047 talia,
1279 2009 1392 2049 quibus
1421 2019 1486 2039 non
1512 2015 1585 2039 sunt
1613 2008 1800 2049 ingentiora.

1071 2059 1173 2090 Vetus
1201 2059 1415 2090 onomasticon
1454 2059 1613 2099 impendio
1642 2060 1791 2099 apposite:

1073 2115 1095 2130 ‘⁴
1112 2113 1260 2152 filagrius,
1283 2126 1389 2152 μεγας.
1432 2113 1557 2151 Ingens,
1585 2117 1797 2151 ΜΕΓΙΣΤΟΣ,

1073 2165 1095 2180 “
1114 2162 1283 2203 ὖπερφυης.”
1329 2163 1506 2201 Terentius,
1523 2163 1606 2194 Eun.
1621 2163 1666 2193 iii.
1682 2167 1709 2194 1.
1727 2166 1755 2194 1.

1103 2241 1158 2266 Th.
1178 2243 1288 2273 Magnas
1298 2248 1362 2267 vero
1372 2249 1451 2274 agere
1461 2241 1558 2274 gratias
1567 2241 1654 2266 Thais
1666 2241 1748 2268 mihi!

1104 2289 1159 2313 Gn.
1178 2289 1310 2322 1ngeneeis.

1073 2358 1128 2389 Ad
1142 2369 1237 2399 quem
1251 2358 1356 2389 locum
1372 2359 1465 2390 velim
1482 2359 1573 2390 adeas
1591 2360 1795 2392 Westerhovii

1072 2416 1190 2448 notam,
1212 2410 1398 2441 Lucretium
1417 2411 1610 2450 apponentis,
1634 2421 1708 2442 cum
1726 2411 1795 2443 Do·

1072 2466 1152 2491 nato.

1113 2521 1188 2551 Ver.
1213 2523 1284 2552 679.
1323 2523 1433 2552 Nihil.-
1472 2521 1516 2552 sic
1540 2521 1581 2552 V.
1611 2521 1658 2553 ed.
1687 2520 1792 2563 vulgo,

1072 2573 1332 2603 iWL—summa'i:
1358 2572 1455 2603 Vind.
1473 2578 1507 2604 Σ.
1530 2584 1645 2603 summa
1653 2589 1664 2609 ;
1689 2573 1730 2603 V.
1744 2572 1792 2603 ed.

1068 2634 1211 2659 smnmoe;
1241 2634 1311 2664 quae
1333 2634 1457 2654 versum
1479 2623 1659 2664 adimplevit
1678 2623 1793 2664 injecto

1068 2676 1099 2704 in
1117 2680 1184 2713 post
1198 2677 1298 2706 totius.

1111 2733 1186 2763 Ver.
1200 2737 1273 2764 680.
1295 2735 1426 2764 inritata
1442 2735 1596 2765 Flamma.
1627 2731 1702 2762 Pari
1716 2742 1790 2763 cum

1068 2785 1228 2825 majestate
1242 2792 1273 2815 et
1287 2785 1442 2816 evidentia
1455 2784 1640 2815 vocabulum
1655 2783 1694 2815 ad
1710 2794 1791 2822 rem,

1068 2847 1160 2866 sensu
1185 2843 1278 2877 atque
1306 2836 1411 2867 anima
1433 2842 1601 2873 carentem,
1631 2835 1790 2868 transtulit

1069 2888 1234 2928 Horatius,
1250 2888 1299 2920 od.
1315 2889 1358 2921 iii.
1374 2892 1424 2920 29.
1440 2891 1491 2919 41.
