1926 3224
569 274 802 323 LIBER
861 273 1221 332 QUINTUS.

1565 284 1623 324 19

286 405 413 455 Quod
434 407 628 462 quoniam
649 415 790 448 nostro
811 421 973 462 quoque
993 413 1152 448 constat
1172 419 1344 461 corpore
1362 413 1518 447 certum
1525 423 1538 455 3

179 483 255 520 140
287 480 625 536 Dispositumque
644 481 819 530 videtur,
842 480 912 521 ubi
935 495 1033 530 esse,
1056 488 1096 521 et
1115 494 1308 531 crescere,
1330 480 1457 536 possit

293 555 484 596 Seorsum
505 555 657 602 anima,
680 561 801 606 atque
821 553 981 592 animus
988 569 999 600 3
1033 560 1148 593 tanto
1167 553 1296 609 magis
1316 553 1597 605 inficiandum,

285 627 442 669 Totum
461 641 580 681 posse
599 634 716 666 extra
736 639 899 679 corpus,
921 624 1177 680 formamque
1197 627 1428 680 animalem,

286 700 481 741 Putribus
501 701 545 740 in
565 699 692 756 glebis
713 708 931 749 terrarum,
955 707 1025 740 aut
1045 699 1138 740 solis
1157 699 1200 740 in
1220 700 1324 756 igni,

283 774 372 814 Aut
391 774 434 814 in
455 773 560 830 aqua
581 774 746 824 durare,
776 782 847 815 aut
867 773 955 814 altis
976 773 1140 816 aetheris
1160 775 1255 815 oris.

175 851 250 888 145
283 847 416 889 Haud
435 849 562 905 igitur
583 847 931 889 constant‘divino
953 848 1129 903 praedita
1150 861 1287 898 sensu,

283 920 633 977 Quandoquidem
654 932 864 977 nequeunt
883 921 1057 962 vitaliter
1077 936 1163 962 esse
1183 922 1375 963 animata.

343 995 450 1037 Illud
470 997 569 1036 item
589 1010 674 1036 non
695 1004 755 1036 est
775 1004 821 1036 ut
840 995 969 1050 possis
990 994 1170 1045 credere,
1193 995 1307 1037 sedes

282 1068 384 1110 Esse
405 1069 528 1110 desim
549 1077 707 1111 sanctas
727 1069 771 1110 in
791 1067 938 1110 mundi
957 1067 1145 1123 partibus
1165 1067 1269 1109 ullis:

284 1142 441 1184 Tenuis
461 1143 572 1186 enim
591 1151 742 1185 natura
761 1141 901 1192 desim,
923 1141 1128 1198 longeque
1148 1148 1308 1182 remota

176 1218 255 1256 150
287 1216 481 1258 Sensibus
503 1217 555 1258 ab
575 1217 740 1267 nostris,
763 1215 891 1259 animi
912 1216 984 1257 vix
1003 1222 1142 1256 mente
1161 1214 1336 1257 videtur.

286 1288 396 1339 Quae
416 1291 613 1348 quoniam
631 1305 832 1334 manuum
851 1297 1008 1332 tactum
1027 1288 1209 1346 subfugit
1228 1298 1269 1332 et
1288 1289 1432 1341 ictum,

142 1471 192 1500 us,
214 1472 283 1504 geo.
306 1462 327 1493 i.
352 1466 403 1494 44.
426 1466 449 1483 ‘⁴
464 1464 600 1505 zephyro
615 1465 720 1504 putris
738 1462 868 1504 gleba:”

144 1520 176 1545 et
193 1514 380 1551 Columella,
394 1514 415 1546 i.
433 1518 461 1546 l.
477 1518 527 1546 24.
537 1521 645 1555 putres
658 1525 762 1546 arenae
776 1515 866 1546 dixit.

150 1567 250 1598 Glebis
263 1566 416 1596 nimirum
429 1566 627 1606 friabilibus,
651 1565 702 1597 vel
724 1577 758 1597 se
778 1566 870 1598 facile

143 1616 378 1647 resolventibus.
406 1616 497 1647 Hinc
511 1616 747 1648 emendandum
760 1624 870 1657 putem

147 1666 328 1698 Germanici
345 1666 477 1697 Caesaris
490 1666 715 1707 fragmentum,
727 1667 812 1708 quod
819 1667 869 1698 in-

145 1718 237 1749 venio
250 1719 285 1749 in
300 1717 431 1750 Anthol.
453 1718 523 1749 Lat.
538 1718 650 1750 Bnrm.
664 1728 693 1749 v.
708 1722 760 1750 60.
775 1722 827 1751 47.

174 1801 210 1826 At
213 1800 324 1833 fragiles
329 1800 415 1834 glebas
424 1800 567 1834 adstrinffl't
574 1800 677 1833 frigore
689 1807 775 1828 verno

175 1841 256 1867 Alma
267 1842 396 1867 Venus—.
548 1879 550 1881 ‚

149 1911 256 1943 Codex
270 1912 402 1952 scriptus
404 1913 532 1954 flaciles
545 1911 684 1944 exhibet:
710 1913 871 1944 Burman-

145 1973 207 1994 nus
220 1973 370 2003 reponere
381 1963 512 2001 volebat,
523 1964 648 2006 faciles.
676 1964 869 1997 Iactet-eru-

146 2014 230 2046 ditus
243 2024 312 2046 rem
326 2015 485 2056 dijudicet.
527 2015 689 2053 Lucanus,
703 2015 746 2048 vi.
761 2019 813 2048 35.

176 2116 484 2125 ——-
493 2110 544 2131 nec
554 2105 643 2138 cespite
652 2108 762 2130 tantum

177 2144 332 2169 contentus
332 2143 427 2177 fragili
438 2143 539 2170 subitos
548 2144 679 2170 adtollere
690 2151 824 2170 muros—-

189 2224 265 2255 Ver.
283 2228 354 2255 144.
376 2231 450 2256 aut.-
469 2225 512 2256 Ο.
529 2228 566 2256 Δ.
580 2231 635 2256 aut
651 2226 810 2256 iva—oris.-
831 2231 871 2257 Π.

149 2278 240 2308 horis.

192 2327 268 2359 Ver.
280 2331 350 2361 145.
367 2329 467 2360 Haud
471 2342 482 2360 .·
503 2328 543 2360 Ο.
555 2333 592 2361 Σ.
604 2329 870 2360 Aut.—constant.·

152 2382 188 2409 Δ.
202 2385 328 2411 constat.

193 2438 268 2469 Ver.
285 2442 357 2470 147.
381 2441 517 2471 credere:
540 2440 576 2470 P.
591 2441 691 2471 dicere
697 2455 708 2477 ;
724 2449 794 2480 quae
808 2438 874 2470 dic-

151 2488 254 2520 tiones
283 2491 469 2520 commutari
499 2490 599 2522 solent
620 2490 871 2530 exscriptoribus:

154 2539 224 2570 vide
239 2550 302 2570 var.
317 2540 399 2572 lectt.
415 2541 456 2571 ad
469 2541 536 2572 Liv.
552 2542 643 2573 xxvii.
661 2544 711 2573 27.
729 2545 758 2572 1.

196 2591 271 2621 Ver.
291 2595 360 2623 149.
388 2593 503 2624 Tenuis
517 2600 631 2625 natura
647 2592 747 2624 άεΐιηι.
793 2592 877 2624 Naz-

153 2642 250 2681 arius,
273 2653 383 2685 paneg.
409 2645 515 2675 Const.
540 2645 625 2686 Aug.
647 2645 706 2676 xiV.
723 2651 751 2677 2.
785 2647 808 2664 ‘⁶
824 2646 878 2683 Et,

155 2697 179 2712 “
193 2695 335 2735 quamvis
354 2697 483 2727 coelestia
506 2697 565 2727 sub
587 2697 693 2728 oculos
713 2699 880 2729 hominum

156 2747 179 2764 “
194 2745 299 2777 venire
324 2757 390 2778 non
420 2748 549 2784 soleant,
578 2748 663 2789 quod
695 2760 828 2781 crassam
850 2757 881 2781 et

155 2798 177 2815 “
193 2797 382 2839 caligantem
395 2800 495 2831 aciem
509 2800 641 2840 simplex
656 2801 710 2832 illa
724 2808 756 2833 et
769 2803 878 2834 incon-

157 2850 180 2866 “
195 2855 279 2881 creta
293 2853 466 2882 substantia
488 2860 609 2884 naturoe
634 2856 736 2885 tenuis
757 2854 878 2894 eludat3

156 2901 179 2917 “
195 2899 241 2931 illi
255 2907 361 2934 tamen
377 2904 574 2935 auxiliatores
585 2904 642 2941 tui,
659 2904 775 2945 adspici
790 2906 879 2937 audi-

165 2956 186 2975 “
204 2953 291 2994 rique
305 2956 464 2995 patientes,
479 2956 534 2989 ubi
549 2957 698 2988 meritum
713 2963 805 2989 tuum
819 2963 879 2990 tes-

914 1464 937 1481 “
952 1461 1063 1492 tificati
1076 1467 1160 1498 sunt,
1182 1461 1323 1493 mortalis
1343 1461 1430 1492 visus
1454 1464 1636 1505 contagium

912 1515 936 1531 “
952 1511 1170 1553 refugerunt.”
1216 1512 1279 1543 Illa
1294 1518 1461 1552 postrema,
1477 1524 1549 1555 quae
1562 1515 1638 1547 1εὸ-

912 1572 1006 1603 gerus
1025 1564 1122 1602 probe
1143 1562 1362 1602 interpretatus
1387 1570 1444 1603 eet,
1471 1565 1637 1596 Acidalius

913 1615 1138 1654 corrumpebat,
1153 1614 1346 1645 inferciendo
1359 1626 1420 1646 non
1435 1622 1509 1646 ante
1518 1617 1638 1658 refuge.

912 1671 995 1696 runt.
1039 1665 1082 1695 In
1105 1664 1213 1695 animo
1236 1665 1353 1696 scilicet
1376 1666 1506 1706 scriptor
1527 1668 1639 1699 habuit

912 1714 1121 1745 nobilissimos
1135 1725 1243 1744 versus
1266 1715 1472 1755 Catullianos‚
1489 1717 1528 1747 ad
1542 1717 1640 1749 finem

913 1772 1002 1806 nupt.
1026 1765 1119 1796 Thet.
1146 1770 1178 1796 et
1208 1765 1276 1795 Pel.
1300 1776 1378 1805 quos
1400 1767 1549 1799 lectorem
1573 1780 1638 1801 non

912 1816 1074 1858 poenitebit
1087 1817 1150 1847 huc
1164 1816 1330 1847 translatos
1343 1818 1504 1857 repetisse:

944 1902 1043 1927 Omnia
1051 1901 1144 1932 fanda,
1155 1901 1282 1931 nefanda,
1293 1901 1365 1927 malo
1375 1903 1514 1934 permixta
1524 1903 1626 1937 furore,

944 1941 1094 1973 Justifieam
1105 1941 1180 1966 nobis
1191 1944 1315 1966 mentem
1325 1946 1449 1968 avortere
1458 1943 1571 1969 deorum.

944 1981 1005 2013 Qui
1015 1988 1044 2006 re
1053 1987 1104 2006 nec
1114 1980 1189 2006 taleis
1199 1980 1345 2012 dignantur
1356 1981 1441 2007 visere
1452 1986 1552 2013 coems,

945 2021 1000 2046 Nec
1011 2027 1038 2045 se
1048 2019 1158 2052 contingi
1168 2020 1309 2051 patiuntur
1319 2020 1415 2045 lumine
1425 2021 1508 2047 claro.

955 2095 1034 2126 Ver.
1057 2098 1128 2126 150.
1151 2094 1272 2135 Vulgo,
1295 2107 1332 2127 a.-
1358 2100 1394 2127 Σ.
1411 2102 1456 2127 Ω.
1479 2098 1534 2134 ab;
1557 2098 1642 2139 quod

915 2147 1016 2188 magis
1029 2147 1256 2178 Lucretianum
1271 2154 1324 2178 est.

960 2206 1041 2237 Ibid.
1063 2208 1163 2238 animi
1178 2213 1287 2238 mente:
1311 2206 1418 2237 redeas
1433 2206 1473 2237 ad
1486 2207 1530 2237 iii.
1548 2210 1621 2239 615.

959 2261 1035 2292 Ver.
1063 2265 1133 2293 151.
1164 2264 1322 2303 quoniam:
1350 2261 1389 2292 V.
1410 2262 1458 2292 ed.
1488 2273 1574 2298 cum,·
1602 2269 1644 2294 Π.

917 2324 1024 2355 quom:
1050 2319 1081 2344 et
1102 2325 1238 2345 manum.

961 2377 1043 2408 Ibid.
1065 2378 1213 2418 suffigit:
1238 2377 1259 2408 i.
1275 2387 1301 2407 e.
1319 2380 1340 2396 “
1356 2387 1471 2416 semper
1484 2376 1520 2407 in
1534 2377 1648 2408 seculis

919 2431 942 2447 “
957 2429 1119 2468 praeteritis
1132 2431 1235 2467 elusit,
1258 2435 1352 2469 atque
1372 2439 1457 2459 nunc
1472 2427 1567 2458 etiam
1581 2430 1646 2459 elu-

919 2482 943 2498 “
958 2479 1041 2510 dit.·'‘
1068 2490 1138 2521 quae
1152 2480 1198 2509 vis
1209 2485 1254 2509 est
1269 2478 1507 2520 germanissima
1517 2479 1648 2520 hujusce

921 2531 1072 2571 temporis
1086 2531 1128 2562 sic
1144 2531 1283 2562 adhibiti.

964 2591 1042 2621 Ver.
1072 2594 1141 2622 155.
1172 2593 1257 2632 quit:
1285 2597 1330 2621 Ω.
1362 2592 1509 2630 qim—si.-
1544 2590 1648 2632 vulgo.

923 2643 1019 2682 quod5
1043 2642 1097 2672 sed
1126 2647 1232 2672 nostra
1253 2641 1346 2672 lectio
1374 2641 1493 2672 doctior
1514 2641 1648 2680 videtur,

922 2692 1090 2723 subaudito
1104 2693 1302 2733 pronomine,
1317 2698 1348 2723 et
1361 2693 1557 2733 probabilior.
1600 2693 1648 2724 U-

923 2750 1068 2786 tramque
1083 2746 1276 2785 scripturam,
1298 2748 1378 2786 quod
1404 2747 1441 2782 si,
1467 2750 1651 2775 conservant

923 2795 1019 2826 Vind.
1037 2795 1075 2826 V.
1092 2796 1138 2826 ed.
1156 2796 1196 2828 O.
1214 2803 1254 2827 Π.
1270 2801 1306 2828 Σ.
1324 2803 1368 2828 Ω.
1391 2796 1544 2832 sisoium,
1561 2796 1596 2827 P.
1614 2800 1650 2827 Δ.

923 2847 1030 2878 Nullae
1045 2848 1208 2879 varietates
1223 2848 1366 2880 codicum
1384 2849 1422 2880 B.
1436 2848 1474 2879 L.
1491 2848 1540 2879 M.
1564 2857 1649 2878 com-

923 2904 1147 2932 memorantur.
1183 2900 1225 2932 In
1240 2905 1398 2943 sequente,
1417 2905 1452 2934 Σ.
1468 2902 1570 2941 quasi,
1586 2900 1652 2930 vice

923 2960 1048 2992 quoque.
