1926 3224
568 281 800 329 LIBER
851 279 1207 338 QUINTUS.

1536 284 1625 322 105

166 418 247 455 615
281 413 507 455 Brumalcis
528 413 647 454 adeat
666 413 815 462 flexus3
849 420 985 468 atque,
1016 411 1113 452 inde
1133 417 1355 459 revortens,

282 488 476 529 Canceris
496 495 541 527 ut
560 494 694 527 vortat
713 495 839 526 metas
860 485 913 525 ad
934 484 1185 525 solstitialeis:

282 561 485 616 Lunaque
503 559 709 600 mensibus
728 558 771 598 id
792 558 967 611 spatium
988 555 1174 595 videatur
1192 556 1322 605 obire,

282 636 437 676 Annua
457 632 515 673 sol
534 632 576 671 in
598 645 680 685 quo
700 630 905 670 consumit
924 636 1112 682 tempora
1132 642 1269 668 cursu:

282 707 394 756 Non,
427 706 610 760 inquam,
642 703 813 759 simplex
833 702 910 743 hiis
930 701 1051 743 rebus
1071 700 1232 742 reddita
1251 715 1391 742 caussa
1410 709 1481 741 est.

141 884 164 900 “
177 890 272 921 quam
286 878 368 910 recta
386 879 484 918 possis
505 879 638 919 ingredi,
661 879 701 910 ad
723 879 861 910 salutan-

140 935 162 950 “
179 931 263 969 dam,
279 937 371 971 atque
387 929 644 969 amplectendam,
660 931 694 960 in
716 930 791 960 fano
805 940 864 960 suo

138 985 160 1001 “
176 982 419 1019 delitescentem,
435 980 640 1011 Veritatem.'’
686 980 786 1011 Haud
800 980 862 1011 dis-

139 1032 281 1063 similiter
296 1033 500 1068 Mantuanus,
519 1031 557 1062 de
572 1032 695 1062 secretis
709 1032 863 1072 sacrisque

139 1084 309 1115 Musarum
332 1083 459 1113 saltibus
482 1082 701 1123 irrumpendis,
732 1082 772 1113 ad
794 1092 864 1123 geo.

139 1134 170 1164 ii.
189 1137 259 1166 175.

334 1216 383 1241 tibi
393 1223 434 1242 res
444 1215 564 1247 antiqua:
575 1216 669 1246 laudis,
680 1218 708 1241 et
719 1215 792 1246 artis,

170 1256 312 1288 Ingredi0r‚·
330 1259 436 1281 sanctos
446 1263 524 1280 ausus
535 1256 672 1281 recludere
682 1255 804 1280 fontis-.

182 1327 259 1358 Ver.
288 1331 360 1358 614.
383 1330 591 1367 AEgocerotis:
625 1328 665 1358 O.
692 1334 727 1358 Δ.
752 1330 865 1368 egloce-

138 1384 250 1419 rontis;
277 1389 317 1412 n.
333 1387 446 1418 autem,
463 1384 764 1423 egloceruntis.—Et
779 1384 864 1423 puri-

138 1439 235 1463 tatem
252 1434 355 1464 Graeci
370 1434 509 1464 nominis
519 1435 666 1465 Lucanus
681 1436 777 1465 etiam
791 1445 865 1465 con-

138 1484 279 1522 servavit,
303 1485 410 1514 Phars.
428 1485 468 1515 ix.
485 1488 557 1515 537.
582 1495 610 1515 x.
627 1488 698 1515 215.
721 1496 795 1516 cum
812 1486 865 1516 Se-

139 1535 228 1574 neca,
244 1535 371 1576 Thyest.
388 1539 461 1567 864.
483 1536 526 1566 sic
541 1537 736 1578 castigando:

201 1618 305 1650 pigram
316 1619 433 1644 referens
443 1619 585 1651 hyemem,
601 1619 702 1650 gelidus

201 1658 288 1683 Cadet
301 1660 445 1689 AEgoceros;
455 1658 622 1689 frangesque
633 1662 722 1688 tuam,

201 1697 326 1729 Quisquis
336 1704 374 1727 es,
388 1703 556 1722 urnam-—.

143 1767 262 1809 Vulgo,
274 1768 423 1810 franget,-
447 1771 478 1798 et
497 1768 666 1807 pueriliter,
691 1779 749 1799 nec
774 1779 869 1808 appo-

141 1821 208 1850 site.
253 1820 319 1856 Qui
346 1820 542 1860 diagramma
577 1820 708 1850 coelestis
742 1821 870 1860 sphaerae

143 1871 226 1901 volet
252 1870 413 1910 inspicere,
450 1871 611 1901 veritatem
645 1871 872 1902 emendationis

143 1932 222 1952 meae
238 1921 349 1952 nolens
363 1921 470 1952 volens
484 1928 639 1962 agnoscet.

187 1981 269 2012 Ibid.
286 1983 445 2022 partibus:
475 1982 498 2012 i.
526 1993 552 2012 e.
577 1982 704 2013 Zodiaci
727 1983 870 2013 sectioni-

142 2034 200 2065 bus
206 2045 216 2071 ;
238 2039 275 2063 ut
290 2034 496 2070 Mantuanus,
513 2044 581 2074 geo.
597 2035 617 2065 i.
636 2038 707 2065 231.

293 2119 371 2144 certis
381 2119 534 2144 dimensum
547 2119 664 2152 partibus
674 2120 839 2145 orbem—-

186 2192 262 2222 Ver.
279 2194 351 2223 615.
362 2193 468 2232 fleoeus
478 2205 489 2222 .·
514 2191 555 2221 V.
571 2191 620 2222 ed.
636 2193 730 2222 habet
733 2194 852 2233 fluxus.

189 2254 269 2285 Ibid.
293 2255 422 2285 Pulchri
436 2265 542 2285 versus
567 2254 748 2290 Maniliani,
764 2254 877 2294 quibus

147 2315 211 2335 non
226 2305 372 2345 ignobilis
387 2305 478 2344 po’eta
501 2305 635 2335 circulos
658 2305 794 2334 coelestes
819 2304 872 2334 de-

148 2356 313 2396 scripserit,
333 2357 472 2387 Lucretii
486 2357 556 2387 loco
570 2357 785 2396 tempestivam
801 2366 874 2395 ope-

147 2417 215 2437 ram
244 2407 409 2438 nava‘bunt.
457 2408 623 2448 Leguntur
653 2414 759 2438 autem
789 2407 823 2436 in
852 2407 872 2437 i.

149 2462 222 2489 566.

166 2539 252 2569 Alter,
263 2541 296 2563 ad
307 2539 426 2564 extremi
435 2540 578 2565 decurrens
588 2540 671 2565 sidera
682 2539 790 2569 Cancri,

165 2583 195 2606 In
207 2589 260 2614 quo
271 2584 444 2606 consummat
458 2581 572 2607 Phoebus
589 2582 743 2612 lucemque,
759 2586 876 2605 moram-

242 2628 305 2653 que,

164 2660 308 2691 Tardaque
320 2667 367 2691 per
376 2660 470 2692 longos
481 2659 639 2685 circumfert
650 2659 752 2684 lumina
763 2659 862 2690 flexus,

165 2699 268 2723 AEstivi
279 2699 369 2724 medio
380 2706 481 2724 nomen
493 2699 540 2724 sibi
550 2700 633 2724 sumit
643 2700 676 2724 ab
687 2703 774 2730 aestu3

163 2738 306 2770 Temporis
317 2742 345 2763 et
355 2739 435 2763 titulo
446 2739 562 2770 potitur:
584 2742 730 2770 metamque
741 2737 854 2762 volantis

166 2777 237 2808 Solis,
248 2781 276 2803 et
288 2781 426 2803 extremos
438 2778 558 2810 designat
570 2778 689 2804 fervidus
698 2782 790 2803 actus:

151 2851 171 2881 i.
186 2862 212 2882 e.
235 2855 258 2871 “
274 2859 393 2889 metam,
416 2864 512 2893 quam
534 2864 567 2884 se
591 2853 637 2884 sol
659 2855 878 2895 cz'rcumagit.’'

152 2901 323 2942 Nimirum,
372 2905 591 2945 Bentleianam
627 2904 880 2936 emendationem

152 2964 232 2992 axes,
255 2954 320 2985 vice
334 2962 431 2994 accus,
455 2957 560 2987 minus
575 2958 684 2996 probo:
712 2958 745 2987 in
764 2958 882 2988 caeteris

906 878 1022 917 optime
1046 887 1114 908 rem
1142 874 1369 907 administravit
1396 873 1443 903 vir
1472 871 1631 913 sagacissi-

906 940 985 959 mus.

950 989 1023 1020 Ver.
1040 993 1113 1021 616.
1138 991 1329 1021 cancerisut
1348 992 1460 1019 vortat:
1487 986 1524 1016 P.
1553 987 1633 1017 Can-

907 1043 955 1072 cri
981 1042 1038 1070 iter
1066 1042 1114 1071 uti
1142 1046 1248 1076 vertat,
1279 1038 1485 1075 odiosissime3
1515 1037 1556 1067 V.
1585 1036 1633 1066 ed.

911 1093 1048 1123 Cameris
1070 1098 1102 1122 ut
1126 1098 1240 1122 vertas:
1266 1091 1347 1120 bona
1370 1089 1422 1119 Pii
1446 1088 1635 1127 exemplaria

909 1142 1043 1182 vulgatis
1079 1142 1441 1181 conspiravere—metas
1477 1140 1563 1168 abest
1599 1143 1634 1168 Δ.

909 1194 1074 1225 Editiones
1088 1192 1250 1223 nonnullae
1265 1198 1388 1231 ponunt
1402 1202 1432 1221 se
1447 1196 1515 1230 post
1531 1195 1637 1225 meta5;

909 1245 1065 1281 audacter,
1090 1250 1121 1274 et
1145 1244 1267 1275 inscite:
1293 1243 1345 1273 cui
1370 1242 1456 1272 testis
1477 1241 1518 1272 sit
1541 1240 1637 1271 Silius

911 1297 1051 1335 Italicus,
1067 1296 1087 1327 i.
1104 1299 1176 1328 695.

1102 1379 1124 1403 si
1133 1381 1245 1410 perstet,
1254 1378 1359 1407 surdus,
1369 1377 1397 1401 in
1406 1376 1497 1407 armis,

939 1421 1093 1448 Paetorum,
1105 1421 1213 1442 vertant
1225 1417 1284 1441 inde
1294 1417 1328 1441 ad
1339 1416 1507 1448 Carthaginis
1517 1421 1605 1440 arces:

911 1499 986 1519 cum
999 1488 1159 1528 ipsissimis
1173 1488 1273 1518 verbis
1290 1487 1372 1518 Cari.

912 1542 970 1571 hoc
985 1550 1100 1580 genere
1115 1541 1292 1577 verborum,
1305 1537 1444 1568 absolute
1455 1538 1637 1577 positorum,

913 1591 1025 1630 saepius
1034 1592 1104 1632 jam
1119 1590 1264 1621 diximus.
1308 1589 1392 1619 Vide
1407 1588 1448 1618 ad
1461 1589 1500 1619 iv.
1518 1592 1587 1619 158.
1608 1594 1640 1618 et

912 1643 1048 1672 similem
1063 1648 1256 1672 venustatem
1272 1641 1306 1670 in
1321 1639 1519 1670 varietatibus
1534 1638 1641 1669 lectio-

913 1703 991 1723 num
1006 1693 1046 1723 ad
1062 1703 1124 1724 ver.
1140 1696 1212 1724 517.
1229 1691 1378 1731 superius.
1416 1689 1641 1721 Confitendum

912 1751 958 1774 est
981 1745 1108 1780 interea,
1133 1754 1223 1774 voces
1245 1749 1394 1774 revertens
1414 1748 1445 1772 et
1473 1748 1570 1772 vortat
1597 1741 1641 1772 sic

913 1795 1019 1824 minus
1047 1795 1207 1835 eleganter
1235 1793 1358 1824 contexi
1392 1798 1511 1830 tamen,
1548 1798 1642 1832 atque

914 1846 1042 1877 auribus
1063 1846 1222 1876 lautorum
1242 1844 1410 1875 hominum
1432 1844 1643 1883 compurgatis

915 1902 1075 1932 insuavius
1103 1900 1250 1932 accidere.

914 1953 1096 1984 Lucretius:

1309 1901 1403 1931 Forte
1435 1909 1476 1929 an
1505 1899 1642 1938 posuerit

1234 2029 1326 2057 atque,
1336 2025 1400 2050 inde
1411 2027 1560 2054 revertens,

946 2067 1071 2091 canceris
1081 2069 1113 2091 ut
1123 2066 1216 2090 veniat
1227 2068 1314 2090 metas
1325 2065 1359 2088 ad
1369 2063 1526 2088 solstitiales.

918 2139 1022 2177 Certe,
1042 2138 1182 2169 Lucretii
1202 2137 1362 2167 maximus
1384 2141 1524 2171 sectator,
1548 2134 1642 2164 mira-

917 2196 1038 2230 torque,
1061 2199 1125 2219 non
1140 2188 1229 2218 aliter
1252 2187 1374 2218 locutus
1389 2192 1444 2223 est,
1466 2186 1506 2216 ad
1524 2186 1599 2215 AEn.
1615 2195 1644 2216 x.

920 2244 991 2272 472.

1234 2314 1266 2337 Et
1273 2313 1330 2344 jam
1342 2319 1388 2337 sua
1398 2313 1526 2336 Turnum

950 2355 1014 2378 Fata
1025 2357 1135 2384 vocant,
1146 2357 1278 2384 metasque
1288 2353 1345 2377 dati
1357 2351 1524 2385 pervenitad
1534 2349 1598 2375 aevi.

919 2431 972 2461 De
986 2431 1170 2470 permutatis
1184 2437 1289 2461 autem
1305 2429 1492 2460 dictionibus
1506 2429 1591 2459 venio
1610 2437 1646 2457 ac

916 2490 1006 2518 verto,
1036 2482 1163 2513 consule
1193 2481 1234 2511 sis
1263 2479 1569 2516 Drakenborchium,
1606 2477 1647 2508 ad

919 2534 987 2565 Liv.
1002 2534 1040 2564 iv.
1055 2538 1086 2564 6.
1105 2538 1130 2564 1.
1154 2538 1185 2563 et
1198 2543 1226 2563 V.
1241 2536 1292 2564 49.
1310 2535 1339 2563 5.

964 2595 1045 2625 l'bid.
1071 2596 1229 2630 Canceris;
1253 2604 1272 2623 a
1294 2598 1378 2623 recto
1395 2593 1511 2623 Cancer
1528 2590 1647 2621 neutri-

921 2659 958 2678 us
975 2648 1113 2688 generisz
1140 2646 1210 2677 vide
1225 2645 1374 2677 Priscian.
1397 2645 1449 2674 lib.
1466 2643 1504 2674 vi.
1526 2654 1556 2683 p.
1571 2645 1645 2674 697.

922 2699 1094 2737 Arnobius‚
1109 2698 1148 2729 de
1162 2699 1270 2733 morbo,
1285 2697 1337 2727 lib.
1355 2697 1376 2726 i.
1392 2707 1420 2735 p.
1436 2697 1557 2726 50.-“
1572 2703 1646 2724 con-

922 2754 945 2769 “
961 2750 1131 2781 tumaciam
1152 2751 1289 2780 canceris
1311 2746 1467 2778 saevi-—t’'
1490 2755 1584 2786 quem
1599 2744 1648 2775 lo-

922 2812 995 2832 cum
1010 2808 1042 2832 et
1057 2802 1295 2839 Havercampus
1308 2799 1503 2829 indicaverat.
1538 2795 1649 2827 Celsus

922 2860 1038 2890 autem,
1066 2854 1099 2883 in
1124 2852 1298 2883 masculino
1321 2860 1445 2892 quoque
1460 2858 1586 2890 genere,
1609 2847 1650 2878 de

924 2905 1004 2935 med.
1020 2905 1060 2935 iv.
1079 2908 1129 2935 16.
1173 2907 1195 2922 “
1212 2903 1392 2943 Valensque
1414 2906 1460 2931 est
1480 2900 1578 2930 etiam
1593 2897 1650 2928 ad-

925 2960 948 2975 “
964 2966 1068 2986 versus
1083 2966 1238 2987 cancerem
1256 2950 1549 2984 intestinorum—.'‘
1584 2949 1650 2984 Qui

854 3016 888 3046 H
907 3019 925 3046 2

1417 1486 1479 1517 Sed
1498 1487 1584 1516 enim
1599 1485 1638 1517 de
1682 1484 1688 1489 ”
