1926 3224
648 210 882 260 LIBER
935 209 1240 260 SEXTUS.

1545 216 1636 255 333

295 347 448 390 Nubila
467 345 689 401 conjiciunt
707 346 751 386 in
771 359 838 386 eas
859 351 956 384 tunc
977 342 1116 383 omnia
1134 340 1295 396 parteis.

296 422 458 465 Scilicet
478 420 530 462 ad
550 419 727 460 mediam
747 418 956 474 regionem
977 416 1103 470 ejecta
1121 414 1202 455 diei

298 496 439 545 Quom
459 500 753 542 convenerunt,
775 492 832 531 ibi
852 491 904 531 ad
925 490 1026 531 altos
1045 489 1223 543 denique
1241 486 1415 528 monteis

296 570 513 611 Contrusae
533 567 661 608 nubes
681 571 899 620 coguntur,
926 563 1046 616 vique
1065 568 1323 615 premuntur.

183 646 263 685 735
296 644 331 684 F
332 643 431 684 orsit
451 655 504 682 an
526 638 772 692 AEthiopum
793 635 954 690 penitus
974 633 1027 674 de
1046 633 1255 674 montibus
1275 633 1364 674 altis

298 717 479 763 Crescat,
502 713 571 754 ubi
592 713 635 752 in
656 725 822 765 campos
841 708 951 750 albas
971 706 1219 749 descendere
1238 707 1411 764 ningues

293 787 489 830 Tabificis
509 785 660 842 subigit
680 783 803 825 radiis
819 782 894 833 sol,

146 945 251 986 plures
272 944 366 975 libros
386 943 420 974 in
442 941 541 984 posita
562 942 695 973 lectione
717 941 871 972 consenti-

147 1003 243 1028 entes

190 1049 264 1078 Ver.
280 1049 350 1078 728.
369 1048 532 1087 proclz'm's:
551 1046 588 1076 L.
605 1050 640 1077 A.
656 1050 691 1077 Σ.
704 1046 870 1085 proclivus;

148 1099 204 1130 sed
229 1097 466 1128 multitudinem
495 1096 720 1136 exemplarium
750 1095 872 1126 auscul-

147 1151 277 1183 tandam
292 1151 376 1181 duxi.
415 1150 580 1180 Lucretius
595 1149 634 1179 ad
649 1148 807 1189 angustias
820 1158 872 1177 ve-

150 1209 241 1234 tustae
256 1202 375 1233 semitae
394 1212 456 1232 non
472 1201 563 1231 debet
585 1211 622 1231 ex
648 1199 773 1230 arbitrio
799 1198 871 1229 doc-

149 1260 256 1285 torum
287 1253 419 1284 co'elrceri
450 1252 692 1292 constringique:
735 1249 875 1290 quamvis

148 1305 314 1336 edidissem
330 1315 405 1335 sane
416 1306 580 1344 proclivus,
603 1303 629 1333 si
644 1303 683 1333 de
698 1301 876 1332 testimonio

148 1356 263 1387 codicis
292 1356 328 1387 L.
358 1356 430 1385 satis
452 1354 569 1395 liquido
599 1353 796 1390 constitisset;
819 1353 878 1382 hoc

149 1414 256 1439 autem
270 1408 304 1438 in
319 1407 407 1437 tanta
427 1417 460 1436 re
474 1407 572 1436 nimia
587 1405 738 1444 supinitas
753 1405 876 1434 Haver-

150 1460 253 1499 campi
270 1459 399 1490 omnino
414 1465 503 1489 vetat.
543 1457 658 1489 Confer
676 1456 789 1487 Catull.
804 1455 875 1486 lxiv.

150 1515 224 1543 271.
257 1518 288 1542 et
316 1511 458 1550 exempla
486 1511 519 1541 in
549 1510 662 1540 lexicis,
718 1510 876 1539 Proclivus

149 1563 245 1594 etiam
270 1573 307 1593 ac
331 1564 501 1602 proclivum
517 1562 550 1592 in
566 1568 668 1591 vetere
683 1560 877 1591 onomastico

150 1620 354 1654 reponuntur.
399 1615 547 1655 Egomet,
574 1624 611 1643 ex
627 1612 809 1643 auctoritate
824 1621 875 1641 co-

150 1665 236 1701 dicis,
263 1664 470 1705 antiquiorem
492 1665 626 1695 formam
642 1663 763 1693 Nasoni
789 1663 875 1692 resti-

148 1716 276 1755 tuerim,
292 1716 324 1746 in
343 1716 410 1745 fast.
426 1715 470 1746 iii.
488 1718 536 1745 15.

180 1791 300 1815 Ventum
311 1791 367 1815 erat
378 1788 411 1813 ad
422 1788 518 1813 mollem
530 1787 631 1812 declivo
642 1787 752 1812 tramite
763 1786 858 1819 ripam.

151 1860 258 1901 Vulgo
275 1859 351 1890 dant
365 1860 507 1896 editores,
523 1861 607 1890 molli
621 1860 772 1890 declivem.
819 1858 874 1887 So-

149 1912 207 1943 lito
221 1922 295 1943 cum
309 1912 430 1953 judicio
447 1911 691 1950 Oudendorpius
706 1911 876 1950 proclivum

149 1963 270 1995 volebat
284 1965 462 1994 restitutum
478 1963 624 2003 Apulei0‚
641 1962 682 1992 ad
697 1967 769 1992 met.
785 1961 823 1991 iv.
846 1971 875 2000 p.

149 2018 222 2046 241.
261 2015 426 2051 Caeterum,
452 2014 518 2045 vice
536 2016 694 2054 proclivis,
722 2012 877 2052 Virgilius

148 2066 261 2097 maluit
275 2069 412 2105 deveoeus,
438 2066 472 2096 in
494 2065 654 2103 versiculo,
673 2075 768 2106 quem
783 2074 877 2103 supra

147 2118 230 2149 notis
245 2117 286 2149 ad
299 2128 360 2149 ver.
378 2121 449 2149 722.
465 2117 695 2157 adscripsimus.

192 2170 268 2200 Ver.
284 2172 355 2201 729.
377 2170 458 2210 qy'us:
485 2169 582 2199 Vind.
600 2169 642 2199 V.
657 2168 704 2198 ed.
729 2168 766 2198 B.
785 2171 820 2197 A.
840 2171 877 2197 Σ.

150 2223 197 2257 ei;
214 2220 268 2251 sed
282 2221 368 2261 sequi
383 2231 448 2251 non
463 2231 557 2251 ausus
571 2230 653 2257 sum,
665 2229 765 2259 quum
780 2218 878 2248 varia-

152 2272 197 2303 tio
221 2272 369 2312 imputari
393 2272 488 2311 possit
513 2271 699 2310 compendio
721 2270 881 2308 scripturae

151 2323 192 2355 ei'
198 2339 209 2359 ,·
226 2323 260 2353 in
270 2328 423 2363 quantum
433 2333 491 2353 nos
503 2322 607 2352 sinant
619 2328 764 2361 typorum
773 2320 881 2350 formae

150 2384 222 2405 eam
259 2373 442 2413 scripturam
471 2373 636 2404 lectoribus
673 2372 879 2402 declarare.—

151 2425 235 2456 Haec
252 2430 369 2462 autem,
391 2430 422 2454 et
436 2434 484 2461 ea,
503 2434 573 2464 quae
596 2423 745 2464 sequitur,
773 2433 880 2453 caussa

150 2476 322 2508 Plutarcho
341 2481 626 2506 commemorantur
648 2475 681 2505 in
705 2475 781 2514 plac.
804 2474 880 2514 phil,

153 2528 193 2559 iv.
211 2532 238 2559 l.
253 2533 285 2558 et
298 2527 375 2558 aliis.

195 2581 271 2610 Ver.
288 2582 358 2610 750.
380 2591 412 2610 eo
428 2578 512 2609 deest
528 2579 570 2609 V.
585 2578 631 2608 ed.
658 2589 673 2608 ο
690 2577 781 2607 litera
796 2576 878 2606 scili-

155 2636 206 2662 cet
219 2628 294 2661 elisi
317 2630 351 2660 in
376 2631 505 2669 Tempor
526 2631 732 2660 eo.-Etesia.·
763 2628 806 2658 V.
831 2627 879 2658 ed.

154 2683 237 2713 desia
246 2697 255 2717 ‚·
279 2691 352 2712 nam
367 2687 396 2712 et
412 2691 474 2711 non
491 2690 573 2720 aegre
588 2679 758 2710 coaluerint
771 2679 805 2708 in
820 2681 850 2709 d.

197 2732 278 2764 Ibid.
303 2744 360 2773 quo
378 2735 493 2763 Etesia.
539 2732 658 2762 Similis
672 2737 718 2761 est
732 2740 879 2761 numero-

153 2794 226 2815 rum
240 2784 318 2814 ratio
333 2784 481 2823 superius,
504 2783 544 2813 ad
559 2793 619 2813 ver.
637 2786 707 2813 716.
731 2788 761 2811 et
787 2781 882 2818 infra,

156 2845 217 2867 ver.
234 2838 304 2867 796.
327 2846 366 2865 ne
382 2835 510 2865 fortasse
526 2834 654 2864 lectores
669 2834 814 2862 haereant.

198 2887 274 2921 Ver.
289 2889 360 2919 751.
379 2887 564 2928 conjiciunt:
586 2885 625 2916 O.
643 2890 689 2916 Ω.
702 2883 881 2925 conficiunt,-

915 781 1057 823 omnia
1076 780 1263 822 lustrans.

915 939 1008 975 unde,
1021 938 1046 969 si
1058 938 1097 969 ad
1109 938 1389 969 arbitriummeum
1400 946 1449 967 res
1459 936 1641 972 deferretur,

916 990 1073 1030 extemplo
1087 989 1308 1030 confidensque
1329 998 1433 1018 veram
1449 987 1533 1018 haud
1548 987 1642 1018 dubie

916 1043 1101 1082 scripturam
1117 1042 1315 1076 restituerim,
1332 1042 1491 1071 coniciens.

958 1102 1033 1131 Ver.
1053 1104 1126 1131 752.
1150 1101 1210 1130 ad:
1237 1099 1276 1129 Ο.
1295 1104 1328 1129 Δ.
1350 1098 1542 1138 et.—Ejecta
1558 1107 1642 1135 vero,

915 1165 950 1184 ez·
964 1153 1040 1183 locis
1056 1150 1356 1192 circumjacentibus
1372 1150 1426 1180 ubi
1442 1150 1526 1189 prius
1540 1159 1643 1179 mora-

916 1211 1031 1235 rentur.

961 1267 1035 1297 Ver.
1051 1269 1123 1298 754.
1148 1268 1322 1298 Contrusae:
1347 1265 1387 1295 V.
1404 1263 1452 1295 ed.
1471 1266 1640 1295 Contrusac.

920 1321 1009 1351 —vz's
1037 1323 1072 1349 Δ.
1088 1323 1123 1350 Σ.
1139 1321 1182 1350 in.

964 1379 1040 1408 Ver.
1063 1379 1132 1408 735.
1156 1378 1260 1408 Forsit
1278 1387 1338 1406 an:
1362 1375 1407 1406 sic
1428 1385 1537 1405 omnes
1558 1374 1646 1411 libri;

921 1428 1004 1470 quod
1018 1427 1141 1468 vulgari
1155 1427 1244 1465 solet,
1258 1428 1361 1458 Forsit
1373 1433 1414 1464 et,
1432 1424 1647 1456 commentitia

919 1486 965 1510 est
979 1479 1071 1509 lectio
1084 1477 1322 1509 temerariorum
1337 1477 1501 1507 editorum.
1525 1476 1647 1506 Verum

919 1531 1005 1561 enim
1019 1530 1170 1560 dictiones
1188 1539 1307 1567 omnes,
1324 1529 1350 1558 si
1365 1528 1398 1557 in
1414 1528 1462 1557 his
1476 1527 1647 1566 imperium

920 1583 1104 1621 obtinerem,
1135 1586 1289 1621 separatas
1317 1578 1530 1619 praetulissem,
1568 1580 1647 1609 Fors

919 1635 958 1664 sic
973 1645 1024 1664 an.

962 1693 1036 1723 Ver.
1054 1696 1124 1724 756.
1151 1692 1289 1722 Crescat:
1316 1691 1351 1721 P.
1377 1690 1645 1721 &eseia—albas.-

920 1743 956 1773 P.
968 1743 1066 1773 Vind.
1080 1744 1121 1773 V.
1137 1741 1184 1773 ed.
1201 1743 1238 1772 B.
1256 1741 1295 1772 Ο.
1312 1747 1347 1772 Δ.
1365 1746 1401 1773 Σ.
1415 1747 1459 1771 Ω.
1474 1741 1572 1775 albos;
1591 1739 1646 1770 sed

919 1794 993 1824 hinc
1008 1805 1103 1824 sonus
1118 1794 1252 1824 efficitur
1267 1792 1428 1831 impendio
1450 1792 1594 1827 insuavis,
1619 1797 1650 1820 et

919 1846 1072 1876 muliebre
1087 1856 1188 1886 gemis
1201 1845 1235 1875 in
1251 1846 1310 1875 hac
1325 1854 1399 1874 voce
1425 1843 1530 1874 Servio
1552 1843 1649 1873 etiam

920 1898 1098 1939 agnoscitur
1113 1897 1146 1927 in
1161 1895 1392 1927 commentariis
1407 1895 1447 1925 ad
1463 1895 1552 1935 Vitg.
1574 1896 1649 1925 AEn.

920 1950 960 1980 iv.
993 1950 1305 1980 250.-clescendere.·
1340 1947 1384 1977 sic
1407 1946 1465 1976 soli
1492 1952 1526 1977 A.
1552 1951 1586 1977 Σ.
1609 1946 1651 1976 ad

919 2000 1098 2042 vulgarium
1121 1999 1297 2030 editicmum
1312 2007 1472 2034 normam;
1497 1997 1534 2027 P.
1551 1997 1649 2027 Vind.

919 2053 960 2084 V.
976 2052 1022 2083 ed.
1039 2053 1078 2082 B.
1095 2058 1139 2082 Ω.
1155 2053 1295 2082 decedere
1300 2064 1311 2085 ‚-
1330 2059 1396 2079 non
1410 2048 1542 2079 omnino
1557 2048 1649 2084 male,

921 2104 976 2134 sed
1003 2105 1070 2133 haec
1092 2101 1242 2132 vocabula
1263 2099 1417 2131 confundi
1441 2099 1555 2129 solent:
1581 2099 1652 2129 vide

922 2155 963 2184 sis
978 2152 1276 2184 Drakenborchium
1291 2150 1331 2181 ad
1352 2150 1420 2182 Liv.
1435 2149 1537 2180 xxxvi.
1555 2153 1605 2180 14.
1621 2153 1650 2180 4.

923 2205 960 2235 L.
977 2205 1025 2235 M.
1040 2206 1193 2235 discedere
1199 2219 1210 2240 ;
1228 2202 1324 2233 etiam
1338 2203 1428 2239 bene,
1445 2206 1477 2231 at
1489 2207 1651 2240 receptum

922 2255 1017 2296 longe
1039 2254 1152 2285 melius
1174 2260 1206 2284 et
1227 2252 1399 2292 simplicius
1422 2258 1581 2292 putamus:
1610 2252 1649 2282 O.

925 2308 1072 2337 decidere.
1118 2306 1202 2336 Cum
1228 2303 1332 2344 phrasi
1354 2305 1485 2343 ningues
1499 2304 1651 2333 discedere

922 2358 1079 2389 committi
1093 2363 1196 2397 potest
1212 2358 1271 2386 hoc
1287 2355 1512 2392 Horatianum,
1539 2354 1588 2385 od.
1610 2354 1650 2392 iv·

924 2412 952 2441 7.
971 2413 998 2440 l.
1020 2408 1183 2450 Dzfficgere
1198 2410 1289 2439 nives.
1335 2406 1459 2436 Servius
1467 2412 1574 2436 autem
1592 2405 1611 2435 L
1625 2415 1650 2436 c.

924 2460 978 2491 dat
1004 2459 1175 2501 effundere:
1215 2458 1299 2488 unde
1329 2468 1394 2487 non
1422 2457 1545 2495 dubito,
1573 2457 1652 2498 quin

924 2512 1058 2543 eruerim
1073 2511 1277 2548 verissimam,
1299 2515 1392 2550 atque
1413 2509 1506 2540 unice
1521 2509 1652 2549 dignam

923 2563 1081 2599 Lucretio,
1097 2562 1276 2592 lectionem:

1088 2645 1115 2669 in
1126 2651 1235 2676 campos
1246 2643 1317 2668 albas
1327 2641 1465 2674 defundere
1476 2642 1628 2674 ningues—.

926 2716 1050 2757 Subigit
1077 2721 1199 2746 montes
1221 2714 1338 2744 scilicet
1361 2713 1653 2744 defundere—nin-

921 2779 1008 2808 gues:
1035 2768 1078 2797 sic
1098 2767 1272 2797 luculenter
1289 2757 1384 2796 V'ind.
1414 2765 1451 2796 L.
1469 2766 1518 2795 Μ.
1537 2771 1581 2795 Ω.
1607 2770 1654 2794 at-

925 2831 987 2861 que
1004 2819 1145 2856 Servius;
1164 2818 1271 2859 vulgo,
1287 2818 1354 2848 sine
1373 2817 1470 2854 libris,
1492 2818 1650 2857 ninqueis:

928 2873 964 2904 P.
981 2874 1014 2903 in
1030 2874 1144 2912 igneis,-
1170 2871 1209 2902 V.
1224 2871 1272 2902 ed.
1290 2871 1328 2902 B.
1348 2872 1383 2901 in
1398 2871 1498 2910 ignes;
1528 2869 1567 2900 0.
1582 2871 1653 2899 nin-
