1926 3224
553 240 787 290 LIBER
840 241 1195 298 QUINTUS.
1506 249 1595 290 129

259 369 448 412 Pluribus
469 386 491 412 e
511 372 659 413 caussis
679 372 767 413 fieri
789 373 862 414 tibi
881 389 999 429 posse
1018 375 1247 430 putandum
1267 383 1337 416 est.

259 443 384 494 Nam,
417 459 522 500 quur
542 445 638 486 luna
657 455 779 500 queat
798 454 949 487 terram
970 448 1190 499 secludere,
1222 449 1368 504 poscis,

256 516 449 568 Lumine,
481 525 521 558 et
540 534 565 558 a
584 519 700 558 terris
720 518 846 558 altum
867 528 990 572 caput
1009 521 1218 563 obstruere
1238 523 1290 572 ei,

257 590 463 645 Objiciens
484 605 638 631 caecum
658 590 782 630 radiis
803 590 1040 632 ardentibus
1060 594 1225 634 orbem?

145 665 225 704 755
258 664 465 718 Tempore
485 662 630 703 eodem
650 662 761 703 aliud
780 661 911 704 facere
930 664 974 704 id
993 680 1078 707 non
1097 681 1215 721 posse
1234 676 1400 722 putetur

153 834 227 865 Ver.
245 836 314 865 745.
325 836 452 874 pigrum
467 836 615 874 rigorem:
633 835 651 865 i.
667 845 693 865 e.
708 835 834 876 pigrum

112 884 219 925 frigus.
266 884 358 915 Idem
375 885 571 916 Mantuanus
592 895 655 916 non
672 885 832 926 discrepat,

111 947 178 978 geo.
193 938 232 967 iv.
249 940 321 969 259.

139 1019 304 1050 lgnavaeque
314 1018 398 1049 same,
414 1022 441 1044 et
452 1022 592 1044 contracto
603 1019 702 1052 frigore
710 1019 799 1053 pigrae.

153 1089 228 1120 Ver.
245 1092 314 1121 746.
341 1091 472 1120 Reddit:
499 1090 596 1120 Vind.
623 1096 657 1123 Σ.
686 1093 835 1122 Redit.—

110 1143 279 1179 crepitans:
306 1140 404 1170 Vind.
420 1141 458 1171 V.
476 1140 521 1171 ed.
542 1146 576 1172 Σ.
595 1148 638 1172 Ω.
661 1144 834 1173 credimus.-

109 1200 169 1221 vox
192 1193 278 1221 abest
301 1196 416 1222 Δ.-αε
439 1193 594 1222 dentibus:
622 1192 719 1223 Vind.
742 1194 780 1223 B.
798 1193 837 1223 O.

110 1247 146 1274 Δ.
165 1250 205 1273 Π.
222 1248 256 1275 Σ.
274 1250 319 1273 Ω.
341 1245 530 1280 accentibus;
558 1245 597 1274 V.
615 1243 661 1274 ed.
681 1247 838 1275 accentibz'.

110 1296 255 1334 —Algu:
290 1294 326 1324 P.
354 1296 448 1333 algit;
475 1294 571 1325 Vind.
589 1295 630 1325 V.
656 1295 702 1325 ed.
730 1295 768 1325 B.
800 1295 839 1327 O.

110 1350 148 1377 Δ.
167 1351 208 1376 Π.
225 1350 259 1376 Σ.
277 1352 321 1376 n..
344 1356 418 1376 cum
432 1346 522 1376 Junt.
547 1352 578 1376 et
595 1345 669 1376 Ald.
692 1346 836 1376 editioni-

109 1396 181 1433 bus,
200 1398 280 1436 algi:
307 1396 341 1426 in
356 1396 441 1437 quod
455 1403 597 1427 nostrum
613 1399 707 1436 Algu,
724 1397 838 1427 omisso

111 1446 209 1476 literae
224 1446 334 1484 ductu,
351 1457 408 1476 nec
424 1447 529 1476 minus
544 1449 583 1478 ob
598 1448 757 1478 raritatem
772 1448 836 1479 dic-

110 1498 216 1537 tionis,
242 1498 334 1529 facile
358 1498 472 1536 abiret3
495 1505 530 1528 ut
558 1501 716 1530 uccenlilni
742 1499 775 1529 in
793 1500 835 1530 V.

112 1550 159 1581 ed.
174 1549 269 1580 modo
284 1550 470 1591 migraverat
488 1550 520 1580 in
537 1553 694 1581 accentibi.
733 1551 839 1591 Vulgo

111 1602 240 1642 ponitur
255 1603 372 1641 Algus;
395 1602 457 1638 sed,
472 1602 589 1641 opinor,
608 1603 675 1632 sine
689 1602 840 1633 librorum

111 1652 296 1691 scriptorum
330 1652 520 1682 auctoritate.
577 1652 748 1688 Nimirum,
782 1654 840 1683 hoc

111 1705 196 1744 Algu
219 1709 285 1734 erat
307 1713 345 1733 ex
369 1703 551 1733 nominibus
573 1703 779 1742 monoptotis;
807 1715 839 1733 a-

111 1755 184 1786 deas
215 1754 313 1793 Sosip.
341 1754 460 1784 Charis.
483 1753 534 1784 lib.
553 1754 572 1783 i.
600 1764 629 1792 p.
646 1757 695 1784 23.
719 1759 750 1783 et
771 1764 840 1792 nos,

111 1806 151 1836 ad
180 1805 225 1835 iii.
257 1805 452 1836 732.—Jam
480 1814 553 1834 vero
583 1815 648 1834 uno
678 1804 842 1834 oculorum

107 1857 194 1898 jactu
208 1857 291 1886 hanc
311 1855 399 1885 Anni
423 1865 583 1894 pompam,
608 1860 672 1885 tam
689 1855 839 1894 Tempes-

112 1912 226 1943 tatum‚
250 1916 344 1947 quam
362 1905 613 1945 Tempestatibus
635 1907 839 1945 praestolanti-

112 1970 179 1996 um,
201 1970 259 1990 suo
281 1959 389 1990 ordine
405 1959 624 1998 procedentem
644 1960 836 1991 intueamur:

153 2052 247 2090 Vm,
270 2054 379 2090 Venus,
400 2054 570 2093 Zephyrus,
586 2058 617 2082 et
632 2054 729 2083 Flora
738 2067 748 2083 .-

106 2143 112 2148 ,
156 2113 291 2149 enon,
311 2115 408 2151 Ceres,
424 2118 454 2143 et
470 2114 571 2143 Etesz'c'
586 2114 770 2152 Aquilones:

112 2171 360 2208 AucTuMNus,
377 2173 479 2202 Euius
504 2173 609 2208 Euan,
632 2174 838 2212 Tempestates,

121 2224 218 2261 Venti,
241 2225 414 2260 Volturnus,
431 2229 463 2253 et
477 2225 606 2253 Auster:

241 2283 391 2320 Banna,
409 2284 538 2323 Hyems,
553 2289 584 2312 et
601 2284 693 2322 Algu.

128 2370 234 2401 ’Ver.
252 2373 323 2402 749.
335 2373 415 2413 fieri
436 2374 570 2411 possint:
596 2372 636 2401 V.
654 2371 700 2402 ed.
730 2378 772 2402 Π.
802 2377 837 2403 Σ.

117 2428 162 2453 Ω.
174 2424 256 2463 flere
275 2424 409 2462 possint,-
442 2424 478 2453 B.
501 2424 537 2453 L.
549 2425 628 2463 fleri
645 2425 778 2462 possc'nt5
804 2429 839 2454 A.

103 2476 208 2514 fluere
218 2475 352 2513 possum·
378 2473 419 2504 O.
443 2480 474 2503 et
493 2474 620 2514 quidam
639 2475 688 2504 Pii
712 2474 841 2512 codices,

103 2526 221 2565 florere
246 2531 377 2563 queant:
407 2530 438 2554 et
462 2525 505 2554 sic
530 2531 650 2554 vetusta
672 2535 785 2554 manus
807 2525 842 2554 in

116 2575 258 2616 margine
274 2575 386 2606 codicis
404 2582 450 2606 Ω.

156 2635 230 2664 Ver.
249 2637 320 2665 750.
343 2637 413 2665 item
436 2646 551 2674 quoque
559 2651 569 2672 ;
595 2641 632 2665 ut
653 2638 744 2666 etiam
768 2647 840 2675 quo-

116 2697 185 2726 que,
201 2696 261 2716 ver.
277 2686 437 2716 eoa—Et
451 2686 484 2715 in
500 2687 558 2716 hoc
574 2686 642 2716 loco
656 2687 756 2725 posita
771 2697 844 2716 con-

117 2737 258 2768 sentiunt
272 2737 435 2776 Epicureis
450 2738 484 2767 in
502 2738 646 2778 Diogene
661 2737 799 2776 Laertio,
815 2748 842 2768 x.

119 2793 293 2830 962—22721
311 2792 484 2831 (Epicurus
496 2790 626 2829 scilicet)
643 2804 693 2821 και
709 2804 755 2820 ταν
769 2791 845 2823 ἥλιον

121 2847 171 2870 sn).
179 2853 270 2879 ειπειν,
295 2848 411 2874 «reanum
436 2853 633 2876 svo-zwiso‘ng·
666 2848 782 2875 σεληνην
807 2840 844 2877 δε,

122 2904 159 2922 ΤΒ
174 2906 225 2926 ’Τῆς
243 2907 297 2933 γῆς
317 2906 509 2934 ὅκλασματθς.

922 839 1001 870 Ibid.
1026 842 1100 872 Solis
1123 841 1265 882 defictas,
1292 842 1432 881 lunoeque
1461 842 1599 871 latebras.

880 890 983 920 Verba
999 892 1143 922 nonnihil
1157 893 1274 923 variata
1288 899 1361 923 sunt
1371 892 1515 932 Virgilio,
1531 902 1599 932 geo.

877 940 908 971 ii.
925 944 996 972 478.
1019 943 1072 983 qui
1097 954 1158 974 ver.
1186 947 1256 975 772.
1280 943 1411 974 inferius
1435 943 1529 973 etiam
1551 953 1598 972 re-

877 993 987 1031 spexit:

971 1065 1089 1097 Defectus
1099 1066 1156 1091 soli:
1166 1068 1261 1097 varios,
1271 1067 1386 1100 lunaeque
1396 1067 1500 1092 labores.

922 1134 994 1166 Ver.
1011 1139 1083 1167 751.
1105 1139 1177 1168 tibi:
1205 1138 1241 1168 P.
1256 1145 1337 1174 tum,-
1361 1139 1402 1168 V.
1418 1138 1464 1168 ed.
1483 1141 1517 1168 ti.

923 1189 997 1219 Ver.
1015 1191 1085 1220 752.
1101 1192 1217 1229 poscis:
1244 1190 1286 1220 sic
1301 1190 1421 1220 videtur
1435 1190 1603 1220 certissime

881 1240 1058 1281 legendum,
1081 1243 1223 1281 quamvis
1253 1242 1339 1272 locus
1368 1242 1407 1272 sit
1431 1241 1603 1281 perplexior

882 1298 947 1321 tam
965 1293 1210 1329 constructionis,
1233 1303 1329 1334 quam
1350 1294 1522 1323 verborum.
1566 1293 1604 1322 P.

883 1343 975 1373 habet
992 1355 1094 1383 posces
1101 1360 1110 1380 ;
1134 1354 1229 1384 quem
1252 1343 1338 1384 sequi
1361 1343 1506 1374 videntur
1530 1342 1604 1372 Ald.

882 1399 912 1423 et
931 1394 1012 1425 Flor.
1037 1394 1202 1425 editiones:
1227 1405 1348 1432 omnes,
1372 1405 1466 1425 omne
1491 1404 1603 1434 genus,

882 1445 992 1486 reliqui
1013 1446 1082 1476 libri
1104 1453 1231 1484 veteres,
1253 1449 1364 1486 possis,-
1392 1446 1475 1486 quod
1496 1455 1603 1485 pecca-

883 1503 951 1527 tum
978 1508 996 1527 a
1025 1498 1092 1528 soni
1122 1498 1325 1528 similitudine
1353 1497 1444 1528 facile
1473 1496 1606 1528 suboriri

884 1548 994 1587 quiret.
1039 1549 1173 1579 Librarii
1194 1549 1305 1579 eodem
1327 1549 1421 1579 modo
1446 1549 1604 1579 aberrave-

884 1606 957 1630 runt
982 1601 1022 1631 ad
1047 1601 1165 1632 Lucan.
1191 1611 1218 1631 ν.
1243 1605 1314 1632 606.
1358 1601 1410 1630 De
1439 1611 1496 1630 suo
1517 1611 1607 1639 repo-

884 1660 973 1680 suere
1006 1651 1148 1689 editores,
1177 1653 1246 1682 solis
1251 1667 1262 1688 ;
1297 1662 1367 1691 quae
1395 1661 1464 1686 vox,
1500 1657 1607 1690 utpote

884 1701 1015 1731 minime
1044 1702 1178 1732 obnoxia
1206 1702 1483 1741 depravationibus,
1521 1701 1608 1731 omni

884 1753 1098 1790 probabilitate
1120 1753 1304 1783 destituitur.
1359 1753 1474 1782 Sensus
1502 1759 1608 1782 autem

884 1804 957 1842 loci,
981 1805 1140 1834 subtiliore
1162 1804 1284 1834 dicendi
1310 1814 1424 1844 genere
1440 1804 1607 1839 involutus,

885 1855 927 1885 sic
952 1865 984 1885 se
1010 1857 1115 1885 habet:
1141 1858 1164 1873 “
1181 1855 1287 1885 Poscis
1311 1860 1428 1890 autem,
1455 1864 1510 1883 cur
1532 1854 1610 1884 luna

885 1909 907 1925 “
923 1913 1037 1936 terram
1059 1912 1152 1947 queat
1181 1905 1384 1937 obumbrare?
1415 1905 1502 1935 Tum
1523 1905 1609 1936 aliud

886 1962 908 1978 “
924 1969 1034 1998 corpus
1048 1965 1175 1998 putetur
1197 1969 1259 1988 non
1275 1968 1363 1997 posse
1378 1957 1463 1987 idem
1477 1957 1609 1987 facere.'’

884 2010 1095 2050 Nempe‚aequi
1111 2009 1235 2040 dubitat
1249 2009 1288 2039 de
1310 2009 1411 2048 priore
1433 2019 1478 2046 re,
1504 2008 1608 2038 eidem

883 2062 975 2092 liceat
1012 2062 1051 2092 de
1088 2061 1256 2101 posteriore
1292 2071 1415 2101 quoque
1449 2060 1605 2090 dubitare:

884 2124 983 2154 quum
1012 2124 1084 2143 vero
1120 2113 1215 2152 priori
1243 2112 1429 2142 assenserint
1456 2112 1607 2152 plerique,

883 2166 962 2196 nihil
977 2176 1092 2196 caussae
1105 2171 1161 2201 est,
1181 2175 1276 2205 quare
1297 2170 1329 2194 et
1344 2164 1504 2203 posteriori
1519 2174 1608 2193 recu-

883 2223 952 2247 sent
973 2215 1415 2254 assentire.—-Nobismetipsis
1440 2214 1610 2245 certissima

882 2269 1004 2299 videtur
1018 2270 1084 2299 haec
1093 2267 1275 2299 enarrandae
1285 2273 1448 2297 structurae
1462 2266 1554 2304 ratio3
1577 2272 1609 2296 et

882 2320 1006 2351 dicendi
1032 2319 1183 2349 formulas
1211 2318 1297 2348 haud
1322 2317 1487 2347 dissimiles
1511 2317 1607 2347 lector

883 2372 1014 2411 reperiat
1028 2371 1111 2410 apud
1128 2370 1313 2411 Virgilium,
1336 2369 1390 2399 ecl.
1405 2369 1448 2399 iii.
1470 2372 1519 2400 90.
1539 2378 1607 2410 geo.

883 2425 914 2455 ii.
932 2427 1002 2455 105.
1028 2427 1096 2454 106.

928 2487 1002 2516 Ver.
1018 2488 1089 2516 753.
1111 2487 1157 2515 ez':
1183 2484 1226 2514 sic
1253 2484 1290 2514 P.
1310 2482 1406 2513 vind.
1434 2482 1472 2512 V.
1497 2481 1545 2512 ed.
1572 2486 1607 2512 Δ.

887 2545 930 2568 Π.
948 2543 983 2569 Σ.
999 2537 1105 2577 vulg0,
1121 2539 1181 2571 eii,·
1206 2536 1245 2566 O.
1264 2542 1308 2566 Ω.
1322 2535 1403 2575 ejus,-
1426 2534 1532 2564 minus
1546 2533 1608 2564 ele-

886 2595 980 2629 gante
1002 2587 1239 2618 constructione.
1284 2586 1382 2621 Hinc,
1406 2590 1442 2615 ut
1466 2590 1502 2615 ut
1522 2585 1611 2615 nulla

887 2639 926 2668 sit
941 2639 1101 2677 scripturae
1117 2638 1246 2667 varietas
1261 2637 1294 2666 in
1309 2636 1405 2674 libris,
1425 2646 1497 2666 vero
1511 2635 1609 2666 simil-

890 2689 1003 2719 limum
1018 2696 1103 2728 puto,
1122 2688 1294 2729 Virgilium
1309 2698 1374 2718 non
1388 2687 1478 2717 aliter
1491 2686 1612 2717 dedisse

890 2740 930 2770 ad
946 2741 1019 2770 AEn.
1035 2740 1073 2769 iv.
1088 2743 1162 2769 440.

889 2823 953 2846 Fata
964 2821 1080 2850 obstant,
1091 2819 1261 2852 placidasque
1271 2819 1332 2844 viro
1343 2819 1409 2844 deus
1417 2818 1522 2844 obstruit
1531 2818 1609 2843 auris.

889 2890 976 2921 Libri
991 2899 1109 2926 omnes,
1126 2891 1202 2921 viri:
1226 2900 1295 2930 quae
1308 2888 1399 2920 lectio
1413 2894 1527 2920 nostrae
1541 2887 1612 2919 nul-
