1926 3224
278 255 340 294 22

770 249 831 296 Τ.
884 250 1261 298 LUCRETII

310 378 389 418 170
419 377 604 427 Inlicere,
626 384 672 416 ut
691 382 887 430 cuperent
906 375 1031 416 vitam
1054 384 1214 417 mutare
1232 377 1437 431 priorem?

420 452 530 492 Nam
549 449 728 507 gaudere
747 449 864 490 novis
883 449 1004 491 rebus
1023 449 1173 491 debere
1191 450 1366 502 videtur,

418 523 531 572 Quoi
550 531 703 565 veteres
723 523 886 565 obsunt:
919 524 1004 574 sed,
1026 524 1123 580 quoi
1143 524 1245 566 nihil
1264 525 1418 567 adcidit
1436 526 1539 583 aegri

417 597 626 652 Tempore
645 598 689 638 in
709 605 804 639 ante
823 606 931 649 acto,
953 613 1078 654 quom
1097 599 1268 654 pulchre
1287 600 1455 658 degeret
1473 615 1620 652 aevom,

416 670 532 720 Quid
551 672 687 727 potuit
707 671 896 713 novitatis
916 687 1098 713 amorem
1118 673 1345 715 adcendere
1364 674 1458 716 tali?

308 746 385 787 175
417 745 503 795 An,
524 745 662 796 credo,
684 746 728 786 in
748 745 925 786 tenebris
943 746 1028 786 vita
1045 761 1093 787 ac
1112 761 1290 789 moerore
1301 748 1479 803 jacebat,

413 819 563 861 Donec
583 818 731 859 diluxit
750 832 888 859 rerum
906 819 1093 875 genitalis
1113 820 1251 877 origo?

415 891 580 941 Quidve
599 891 695 932 mali
714 890 847 933 fuerat
865 892 984 934 nobis
1004 907 1090 934 non
1110 908 1195 935 esse
1214 895 1381 937 creatis?

271 1060 324 1091 Ad
338 1070 432 1101 quem
442 1071 566 1092 versum
577 1061 700 1092 Servius
711 1063 920 1094 consulendus
934 1070 989 1096 est.

312 1111 386 1143 Ver.
405 1115 473 1144 172.
488 1113 610 1144 obsunt.-
629 1113 725 1145 Vind.
740 1115 986 1155 absum.—quoi:

268 1161 310 1194 0.
327 1166 362 1194 A.
377 1173 456 1194 cum.

312 1222 388 1254 Ver.
405 1225 477 1254 175.
495 1225 625 1264 pulchre
647 1226 764 1264 degeret
786 1236 896 1256 aevom:
922 1226 944 1257 i.
965 1237 991 1257 e.

269 1275 342 1306 bene
363 1280 395 1305 et
415 1276 506 1306 beate.
552 1275 673 1315 Cicero,
703 1286 761 1316 pro
783 1277 919 1308 Muraen.
943 1281 992 1308 12.

268 1329 294 1346 ‘⁴
309 1326 428 1357 Praetor
442 1326 560 1358 interea
581 1338 622 1358 ne
638 1329 802 1368 pulchrum
828 1339 860 1359 se
874 1339 910 1359 ac
923 1331 992 1360 bea-

267 1379 294 1396 “
308 1383 373 1409 tum
388 1377 579 1417 putaret—.'‘
623 1378 800 1416 Terentius,
815 1379 951 1419 Adelph.
965 1390 992 1410 v.

271 1431 300 1460 9.
315 1431 366 1459 22.

363 1501 439 1532 Syre,
450 1499 597 1532 processisti
608 1498 688 1524 hodie
696 1499 808 1531 pulchre.

311 1561 386 1592 Ver.
405 1565 475 1593 174.
502 1563 603 1602 Quid:
630 1561 667 1592 P.
694 1563 770 1598 Quz';
796 1568 837 1593 Π.
864 1563 991 1597 Quis.—

267 1614 425 1645 novitatis.-
460 1612 499 1644 V.
529 1613 576 1644 ed.
608 1615 926 1645 novitas—amorem:
953 1613 990 1645 P.

267 1676 383 1702 amore,-
417 1664 501 1706 quod
522 1675 594 1695 meo
615 1664 722 1706 gustui
753 1675 816 1696 non
844 1664 990 1696 deterius.

270 1717 434 1759 Virgilius,
451 1717 527 1748 AEn.
543 1717 593 1747 vii.
608 1719 681 1748 550.

298 1795 499 1826 Adcmdamque
509 1794 612 1820 animos
622 1794 706 1820 insani
717 1794 810 1820 Martis
819 1801 912 1820 amore.

269 1859 477 1891 -adcendere
484 1871 494 1889 :
514 1858 549 1889 P.
563 1857 602 1888 Ο.
617 1859 886 1890 accedere-tali:
904 1858 942 1889 Ο.
956 1862 991 1889 Δ.

271 1912 353 1942 talis.

311 1970 388 2000 Ver.
412 1972 483 2001 175.
515 1969 615 1999 Hunc
638 1978 762 1999 versum
787 1978 892 1999 versus
918 1971 990 1999 177.

271 2019 419 2061 praecedit
433 2020 467 2050 in
483 2020 519 2051 P.
534 2020 578 2050 V.
595 2019 642 2050 ed.
659 2019 698 2051 Ο.
716 2025 751 2050 Δ.
768 2026 808 2050 Π.
825 2024 859 2051 Σ.
877 2025 921 2050 Ω.
936 2019 990 2050 sed

269 2071 402 2102 omnino
417 2081 588 2111 perperam.

313 2131 394 2163 Ibid.
416 2133 450 2162 in
465 2133 593 2163 tenebris
603 2133 676 2168 vica,
692 2142 729 2163 ac
745 2142 878 2162 moerore.
911 2131 947 2161 H
950 2141 993 2162 aec

270 2187 305 2217 in
318 2183 417 2215 oculis
430 2189 519 2214 erant
535 2183 689 2222 Maronis,
705 2182 746 2213 ad
761 2183 836 2214 AEn.
851 2182 882 2213 ii.
899 2187 950 2215 92.

285 2261 427 2291 Adflictas,
439 2259 525 2285 vitam
538 2259 563 2284 in
575 2259 691 2290 tenebris,
702 2260 828 2292 luctuque,
841 2260 990 2285 trahebam.

274 2325 356 2356 Sane
385 2333 441 2364 pro
471 2326 545 2361 vita,
570 2329 611 2354 n.
633 2325 726 2353 vitam
751 2324 882 2363 praebet;
906 2323 994 2364 quasi

270 2375 389 2407 scilicet
402 2380 506 2405 noster
520 2374 655 2414 pressius
669 2374 789 2404 effictus
803 2379 882 2405 esset
897 2375 993 2405 Man-

270 2434 378 2466 tuano,
404 2437 504 2468 quum
525 2427 565 2458 ad
590 2428 676 2457 hunc
697 2427 829 2458 modum
851 2426 995 2466 primitus

270 2479 479 2519 comparuerit
492 2478 658 2509 exhibitus:

301 2562 354 2591 An,
364 2562 456 2591 credo,
466 2561 494 2586 in
511 2562 626 2587 tenebris
637 2561 735 2592 vitam,
750 2568 782 2587 ac
801 2567 930 2592 moerooe,
940 2564 992 2585 era-

394 2600 483 2624 hebone

271 2682 366 2719 Quod
380 2683 518 2723 profecto
533 2683 714 2723 dilucidiu53
747 2684 801 2715 sed
812 2684 950 2725 plurium
964 2688 996 2713 et

274 2734 438 2764 meliorum
452 2735 596 2766 codicum
609 2746 778 2766 consensus
789 2735 996 2766 mutationem

272 2788 362 2813 vetat.
407 2785 448 2814 In
463 2786 499 2815 L.
518 2786 565 2816 M.
580 2786 630 2816 hic
646 2793 688 2825 et,
703 2788 757 2828 qui
772 2787 917 2828 sequitur,
929 2794 994 2815 ver·

273 2844 327 2864 sus
340 2836 515 2875 transpositi
532 2837 687 2877 leguntur.

316 2895 388 2928 Ver.
406 2900 477 2929 176.
492 2900 611 2930 diluxit.
642 2900 916 2940 Elegantissimam
927 2911 993 2941 per-

1033 1075 1196 1106 raramque
1212 1064 1382 1096 dictionem
1400 1073 1431 1096 et
1447 1065 1601 1098 Horatius
1615 1066 1758 1099 adhibuit

1032 1115 1184 1154 similiter,
1199 1116 1233 1146 in
1248 1116 1336 1156 epist.
1351 1116 1371 1147 i.
1386 1120 1415 1147 4.
1435 1120 1483 1148 15.

1062 1182 1179 1208 Omnem
1190 1182 1269 1208 crede
1279 1182 1352 1207 diem
1363 1182 1412 1207 tibi
1421 1182 1544 1208 diluxisse
1555 1189 1713 1215 supremum
1720 1191 1729 1209 z

1034 1241 1054 1271 i.
1069 1251 1095 1271 e.
1119 1244 1141 1260 “
1157 1241 1246 1272 crede
1260 1243 1431 1273 diluculum
1452 1242 1589 1283 cujusvis
1614 1242 1677 1273 diei
1701 1241 1759 1273 tibi

1038 1295 1060 1310 “
1077 1302 1259 1331 supremum
1275 1292 1419 1324 oboriri.”
1465 1293 1540 1324 Hoc
1562 1293 1758 1329 vocabulum,

1036 1342 1069 1372 ni
1092 1343 1195 1382 fallor,
1232 1343 1375 1374 Ciceroni
1401 1343 1630 1375 restituendum
1653 1349 1701 1375 est
1723 1344 1758 1375 in

1037 1394 1147 1432 Arato,
1163 1404 1223 1424 ver.
1239 1398 1313 1425 268.

1067 1465 1098 1489 Ni
1107 1468 1184 1496 parte
1195 1472 1232 1490 ex
1243 1466 1381 1497 Aquilonis
1391 1472 1505 1498 opacam
1517 1466 1616 1498 pellere
1626 1466 1728 1493 nubem

1066 1505 1200 1537 Coeperit,
1210 1509 1238 1530 et
1247 1506 1339 1532 subitis
1350 1506 1419 1531 auris
1430 1506 1555 1532 diluxerit
1564 1513 1619 1532 ara.

1035 1575 1137 1615 Libri,
1150 1579 1304 1609 diduxerit
1310 1593 1321 1615 ,·
1346 1577 1392 1608 uti
1407 1579 1565 1609 dedu-risse
1575 1577 1762 1610 scribiturin

1034 1628 1178 1659 Ascensii
1192 1628 1316 1659 scholiis
1332 1628 1372 1659 ad
1390 1628 1493 1659 Flacci
1508 1628 1623 1660 locum.
1659 1629 1761 1659 Auris

1033 1685 1150 1717 autem,
1180 1690 1237 1719 pro
1264 1681 1472 1721 splendoribus
1478 1695 1489 1718 ,-
1528 1686 1564 1710 ut
1593 1679 1758 1722 Virgilius,

1035 1731 1111 1762 AEn.
1126 1731 1165 1761 vi.
1182 1735 1254 1762 204.

1287 1799 1345 1825 auri
1355 1806 1402 1832 per
1410 1807 1499 1825 ramos
1511 1807 1579 1825 aum
1588 1799 1703 1825 refulsit.

1035 1859 1143 1889 Etiam
1159 1858 1348 1895 Priscianus,
1364 1859 1478 1900 perieg.
1496 1862 1588 1890 1020.

1065 1942 1154 1972 Atque
1164 1942 1231 1966 aurci
1245 1942 1332 1972 viridi,
1343 1941 1452 1974 legitur,
1463 1947 1525 1973 quae
1537 1941 1657 1974 splendet,
1667 1942 1758 1975 iaspis5

1063 1981 1217 2012 Curaliique
1228 1981 1310 2007 decus
1320 1981 1425 2013 liquidi,
1435 1981 1552 2013 clarique
1563 1981 1664 2014 topazi.

1035 2052 1086 2083 Ita
1100 2052 1332 2083 rescribendum
1354 2051 1434 2083 dico.
1478 2051 1601 2094 Vulg0,
1624 2055 1647 2071 “
1659 2055 1760 2093 grati-

1037 2106 1060 2122 “
1075 2113 1136 2144 que
1159 2103 1290 2142 topazi.”
1327 2104 1410 2134 Ven.
1438 2103 1526 2135 Hon.
1555 2103 1757 2144 Fortunatus,

1036 2153 1075 2185 de
1090 2160 1168 2194 part.
1182 2155 1258 2195 virg.
1274 2158 1346 2185 512.

1097 2223 1211 2255 Quando
1223 2223 1383 2254 pavimentis
1395 2222 1452 2247 alba
1464 2225 1570 2255 topazus
1581 2222 1664 2248 inest:

1036 2290 1055 2320 i.
1078 2301 1105 2321 e.
1126 2289 1261 2331 fulgida,
1291 2288 1460 2329 splendida.
1506 2287 1662 2318 Nonnulli
1685 2287 1759 2319 scri.

1037 2343 1127 2380 bunt,
1153 2344 1255 2378 clara;
1279 2341 1334 2371 sed
1359 2339 1582 2371 indoctissime:
1608 2339 1680 2370 vide
1703 2350 1761 2371 nos

1037 2392 1076 2423 de
1091 2394 1150 2423 hoc
1165 2403 1256 2423 sensu
1269 2392 1351 2423 vocis
1365 2394 1459 2428 albus,
1475 2391 1515 2422 ad
1526 2391 1557 2421 ii.
1574 2394 1645 2423 890.
1669 2390 1760 2423 Idem

1038 2445 1090 2476 ille
1105 2446 1302 2482 Fortunatus,
1318 2445 1418 2484 po'e'm.
1434 2445 1475 2475 ix.
1496 2447 1544 2474 23.
1560 2446 1610 2474 18.

1098 2520 1177 2546 Unde
1190 2521 1262 2545 data:
1273 2520 1322 2544 sibi
1332 2523 1394 2545 sunt
1405 2519 1464 2544 alba
1475 2521 1592 2551 topazus,
1602 2523 1687 2550 onyx.

1038 2587 1089 2617 Sic
1103 2585 1371 2627 distinguendum.
1415 2584 1495 2616 Ibid.
1511 2584 1562 2614 vii.
1578 2586 1607 2614 4.
1622 2586 1695 2614 264.

1109 2660 1251 2686 Ordinibus
1262 2660 1340 2685 variis
1351 2659 1408 2684 alba
1419 2656 1566 2689 smaragdus
1583 2656 1665 2682 inest:

1038 2729 1123 2759 clara
1146 2727 1270 2758 scilicet.
1316 2726 1360 2757 Et
1379 2725 1412 2756 in
1434 2724 1541 2755 animo
1563 2722 1640 2753 mihi
1665 2720 1758 2757 sedet,

1039 2779 1124 2809 haud
1138 2779 1231 2810 aliam
1247 2776 1434 2809 medicinam
1448 2774 1615 2805 Venusino
1636 2782 1758 2815 quoque

1039 2831 1099 2861 vati
1113 2830 1288 2861 faciendam
1303 2838 1377 2864 esse,
1390 2827 1439 2858 od.
1455 2827 1495 2857 iv.
1518 2828 1548 2857 5.
1568 2828 1596 2856 7.

1132 2913 1216 2936 instar
1226 2910 1294 2938 veris
1304 2909 1388 2939 enim,
1400 2908 1492 2935 vultus
1501 2906 1547 2933 ubi
1558 2909 1620 2932 tuus
