1926 3224
252 233 350 278 270

757 223 818 271 T.
854 222 1258 277 LUCRETII.

281 360 364 397 260
394 356 446 398 In
467 354 572 398 terra
592 367 754 409 quoque
774 359 820 393 ut
838 351 1091 400 horrescant,
1113 365 1161 392 ac
1179 357 1286 392 tecta
1305 351 1526 407 requirant.

399 430 466 471 Sic
487 429 610 485 igitur
631 440 776 480 supera
796 432 983 467 nostrum
1003 432 1125 480 caput
1144 439 1228 466 esse
1247 425 1476 480 putandum
1497 433 1556 468 est

396 503 699 556 Tempestatem
719 499 856 542 altam:
887 513 1021 554 neque
1040 499 1150 541 enim
1170 498 1344 555 caligine
1363 498 1476 541 tanta
1510 543 1512 545 ,

397 575 633 616 Obruerent
648 581 789 624 terras,
811 573 888 614 nisi
908 571 1156 613 inaedificata
1174 586 1349 627 superne

397 647 536 689 Multa
555 647 688 689 forent
706 647 843 689 multis
864 655 1058 701 exempto
1077 646 1217 687 nubila
1237 646 1334 687 sole:

281 727 362 763 265
393 721 483 769 Nec
502 728 618 762 tanto
635 729 800 777 possent
819 721 1025 762 venientes
1045 719 1275 775 obprimere
1294 718 1432 770 imbri,

398 795 586 836 Flumina
604 794 814 836 abundare
833 802 880 835 ut
898 793 1091 845 facerent,
1113 807 1358 849 camposque
1376 799 1533 844 natare,

269 948 415 980 Naufragus
422 948 487 978 ‚hac
497 951 622 979 cogente,
639 950 715 972 natat
725 949 833 980 perseia
842 948 953 980 procellis

299 989 427 1019 AEquora,
437 994 502 1012 cum
513 994 610 1012 mersas
622 988 717 1013 viderit
727 994 791 1014 ante
801 992 880 1014 rates.

255 1062 408 1093 Heinsius
422 1068 453 1092 et
467 1062 567 1093 editor
580 1062 704 1093 malunt
707 1063 799 1104 seda,
820 1063 859 1094 de
881 1074 973 1095 sensu

253 1113 375 1155 vulgari
398 1114 506 1154 magis.
542 1115 710 1145 Lucanum
735 1115 768 1145 in
786 1117 918 1146 transitu
942 1128 975 1147 e-

253 1165 481 1195 mendatiorem
502 1165 592 1201 dabo,
614 1165 722 1196 Phars.
740 1176 767 1196 v.
783 1170 853 1197 608.
868 1167 921 1196 ubi
937 1167 973 1196 li-

251 1216 300 1246 bri
315 1216 392 1247 dant
411 1223 524 1255 atrum,
551 1223 687 1255 antrum,
708 1222 740 1247 et
752 1224 902 1255 auscrmn,
924 1227 975 1246 va-

253 1267 390 1298 rietates:

283 1350 342 1374 Non
354 1349 415 1374 Euri
426 1356 537 1374 cessasse
547 1349 642 1377 minas,
654 1354 720 1377 non,
729 1348 857 1372 imbribus
866 1348 957 1379 altum,

283 1390 363 1414 AEolii
371 1389 481 1420 jacuisse
493 1391 597 1413 Notum
609 1389 659 1412 sub
673 1394 778 1413 carcere
788 1387 857 1418 saxi,

284 1427 521 1454 Crediderim—:

255 1499 279 1530 i.
293 1509 319 1530 e.
342 1500 504 1534 nutritum,
519 1497 660 1537 plenum,
676 1497 849 1539 gravidum,
865 1499 972 1530 imbri-

253 1551 322 1580 bus.
356 1550 431 1581 Jam
448 1559 518 1579 vero
534 1549 674 1579 librarios
689 1550 721 1579 in
737 1551 863 1580 vocibus
877 1552 974 1581 altum

254 1607 285 1631 ct
307 1607 410 1632 atrum
426 1600 656 1631 confundendis
683 1601 846 1642 aliquoties
870 1612 975 1641 pecca·

254 1652 342 1690 visse,
363 1652 396 1682 id
412 1658 516 1682 noster
531 1652 624 1682 index
637 1653 761 1683 criticus
775 1653 905 1684 docebit.

296 1711 369 1741 Ver.
392 1713 466 1742 259.
490 1713 636 1751 repletus:
664 1712 700 1742 P.
720 1714 975 1754 repletur.—Ipse

254 1767 371 1799 autem,
386 1763 506 1792 nimbus
523 1761 651 1799 scilicet;
674 1763 786 1801 pariter
801 1764 925 1804 ignibus
939 1775 975 1794 ac

253 1812 353 1842 ventis
367 1811 525 1852 gravidus,
549 1818 642 1853 atque
656 1818 821 1852 tempestas
835 1814 975 1844 fulmini-

254 1864 312 1893 bus
327 1868 358 1892 et
372 1862 522 1901 procellis.

296 1921 371 1951 Ver.
387 1924 459 1952 260.
481 1923 521 1952 In
538 1921 637 1952 terrei:
660 1921 698 1952 V.
714 1921 761 1952 ed.
777 1924 896 1954 Interea
902 1940 914 1961 ‚·
933 1925 974 1958 Ο.

254 1974 294 2004 In
309 1978 431 2003 terram.
477 1973 610 2013 Nempe,
626 1974 849 2013 compendium
864 1977 974 2008 scriba-

254 2033 326 2054 rum
342 2030 387 2054 est
402 2026 502 2055 Intra.

297 2083 380 2114 Ibid.
405 2086 447 2114 In
471 2083 556 2114 terr-(2
582 2086 769 2115 horrescant.-
795 2085 818 2116 i.
835 2096 861 2117 e.
883 2089 978 2119 humi-

253 2145 314 2170 nes,
329 2134 378 2165 vel
392 2134 499 2164 omnia
514 2135 681 2172 terrestria;
703 2140 769 2165 tam
783 2136 867 2175 ferae,
885 2148 979 2178 quam

254 2185 339 2226 quod
355 2195 472 2216 nomen
487 2195 704 2225 saepenumero
719 2196 792 2216 sane
806 2188 977 2219 subintelli-

255 2236 358 2276 gitur:
383 2238 517 2267 homines
539 2236 630 2274 dico;
653 2236 724 2266 vide
739 2237 782 2267 iii.
797 2241 870 2269 848.
889 2240 977 2281 Virg.

254 2298 325 2328 geo.
341 2288 384 2318 iii.
400 2291 474 2325 564,
503 2294 533 2318 et
548 2288 642 2326 infra,
665 2299 724 2319 ver.
741 2293 813 2320 608.
846 2291 979 2322 Sensum

255 2348 328 2368 vero
353 2338 532 2369 Lucretiani
562 2339 667 2369 versus
697 2339 740 2369 sic
765 2341 924 2380 ampliavit
946 2343 979 2373 in

256 2389 325 2420 loco
346 2389 473 2421 laudato
494 2391 661 2431 georgic-bn
679 2391 845 2432 Virgilius,
869 2394 980 2433 po'e‘tici

257 2440 406 2471 sermonis
420 2447 451 2471 et
468 2442 658 2480 poeticorum
681 2452 886 2474 numerorum
907 2446 980 2476 arti-

255 2493 307 2524 fex
319 2499 391 2524 ante
406 2504 515 2525 omnes
529 2496 850 2527 consummatissimus
863 2510 870 2528 :

603 2591 656 2616 quo
666 2592 797 2610 maxuma
808 2589 887 2611 motu

288 2622 364 2645 Terra
376 2623 484 2647 tremit:
495 2624 673 2656 sugereferae5
692 2628 720 2650 et
731 2625 847 2650 mortalia
858 2625 933 2650 corda

287 2662 334 2685 Per
345 2661 432 2692 gentis
440 2662 541 2687 humilis
550 2664 649 2688 stravit
656 2668 816 2696 pavor—-

259 2733 321 2764 Sed
350 2736 436 2766 enim
465 2737 657 2768 nobilissima
685 2738 858 2779 descriptio,
891 2739 981 2779 po'e'tii

258 2790 363 2816 nostro
377 2792 443 2817 tam
454 2788 582 2820 feliciter
594 2790 759 2827 elaborata,
776 2791 903 2832 majoris
915 2797 982 2822 erat

259 2834 438 2867 Mantuano
452 2839 550 2877 pretii,
575 2850 670 2881 quam
687 2848 722 2872 ut
736 2847 852 2872 temere
874 2841 980 2873 dimit-

258 2892 374 2918 teretur
396 2888 462 2920 sine
483 2891 612 2930 repetita
623 2893 810 2933 gustatione,
833 2893 893 2933 vel,
917 2903 981 2925 rec-

1015 954 1084 979 tum
1098 949 1143 979 rei
1158 959 1274 979 nomen
1289 949 1447 987 imponere
1461 948 1487 978 si
1497 947 1581 986 velis,
1591 953 1734 979 venusta·

1015 1008 1084 1032 tum
1114 1006 1270 1030 tantarum
1303 999 1509 1029 devoratione.
1561 1000 1612 1030 Sic
1640 1000 1736 1041 igitur

1019 1052 1162 1083 exhausit
1177 1052 1292 1081 iterum
1305 1050 1344 1080 ad
1357 1051 1431 1079 AEn.
1447 1050 1500 1079 xii.
1515 1053 1588 1081 451.

1048 1135 1139 1167 Qualis
1150 1134 1196 1159 ubi
1207 1134 1241 1158 ad
1251 1137 1332 1157 terras
1342 1133 1456 1164 abrupto
1467 1133 1551 1158 sidere
1561 1133 1661 1158 nimbus

1049 1177 1074 1199 lt
1096 1181 1165 1198 mare
1182 1177 1228 1205 per
1246 1172 1384 1203 medium;
1407 1173 1507 1198 miseris
1528 1173 1597 1198 heu!
1627 1173 1739 1206 piaescia

1139 1213 1229 1244 longe,

1048 1253 1202 1276 Horrescunt
1211 1251 1287 1276 corda
1297 1251 1436 1284 agricolis:
1455 1253 1474 1266 “
1484 1252 1563 1277 Dabit
1572 1252 1616 1278 ille
1625 1253 1714 1278 ruinas

1049 1292 1234 1322 “Arboribus,
1261 1295 1433 1323 stragemque
1456 1292 1631 1323 sati83—Ruet
1653 1293 1738 1318 omnia

1140 1333 1159 1346 “
1171 1332 1267 1356 late:—

1049 1373 1068 1386 “
1079 1371 1150 1397 Ante
1169 1371 1272 1400 volant,
1292 1370 1465 1403 sonitumque
1484 1371 1576 1397 serunt
1595 1372 1629 1397 ad
1648 1372 1738 1404 litora,

1141 1411 1161 1425 “
1171 1410 1278 1435 venti.”

1018 1478 1157 1509 Videsne
1172 1484 1287 1515 autem,
1310 1478 1372 1520 qua
1386 1479 1553 1518 evidentia,
1572 1490 1636 1521 quo
1649 1480 1738 1521 spiri-

1017 1536 1065 1568 tu,
1086 1536 1169 1560 vates
1183 1530 1344 1560 animosus
1365 1530 1515 1571 agricolas
1535 1530 1629 1562 faciat
1641 1537 1739 1564 terro-

1019 1592 1084 1612 rem
1100 1582 1377 1612 exclamationibus
1391 1582 1554 1619 declarare,
1577 1589 1609 1613 et
1629 1583 1739 1623 praedi-

1018 1643 1087 1663 cere
1117 1633 1237 1663 futuras
1260 1632 1396 1673 strages?
1422 1633 1528 1672 Quod,
1555 1634 1674 1673 opinor,
1704 1635 1738 1665 in

1021 1685 1105 1714 hunc
1120 1694 1218 1725 usque
1233 1684 1318 1715 diem
1333 1684 1549 1715 animadvertit
1563 1695 1665 1716 nemo.

1061 1735 1135 1765 Ver.
1159 1739 1230 1766 261.
1260 1746 1368 1775 supera
1394 1742 1542 1766 nostrum:
1580 1735 1674 1768 Vind.
1699 1736 1738 1768 O.

1020 1791 1054 1817 A.
1071 1793 1104 1819 Σ.
1120 1797 1194 1817 cum
1209 1786 1278 1817 edd.
1292 1788 1316 1818 J
1318 1793 1383 1818 unt.
1408 1793 1439 1818 et
1462 1787 1536 1818 Ald.
1557 1798 1649 1828 supra
1670 1799 1738 1819 nos-

1018 1845 1116 1874 trum5
1142 1837 1197 1868 sed
1219 1838 1258 1868 V.
1283 1838 1330 1868 ed.
1351 1849 1443 1878 super
1462 1850 1480 1868 α
1501 1840 1623 1876 nostris,
1645 1844 1676 1869 et
1694 1845 1739 1870 n.

1018 1900 1107 1929 super
1131 1895 1303 1925 anostrum;
1324 1889 1378 1929 qui
1393 1888 1521 1928 proinde
1536 1899 1652 1930 magno
1666 1899 1740 1929 ope-

1022 1952 1055 1972 re
1070 1942 1204 1983 vulgatis
1218 1943 1330 1972 favent.

1063 1993 1136 2023 Ver.
1152 1997 1224 2024 262.
1246 1996 1359 2024 altam:
1378 1999 1413 2024 Δ.
1427 1996 1541 2031 aliam;
1558 1993 1652 2024 male:
1670 1994 1740 2025 vide

1023 2044 1117 2075 modo
1131 2055 1207 2075 verr.
1223 2049 1294 2076 245.
1310 2048 1381 2076 267.

1066 2096 1140 2126 Ver.
1167 2100 1238 2126 265.
1262 2098 1468 2138 ἰηιεάῇἰεαιω
1493 2097 1513 2127 i.
1528 2107 1554 2127 e.
1576 2102 1740 2137 exstructa,

1022 2157 1077 2186 per
1091 2147 1152 2178 alia
1165 2158 1257 2187 super
1271 2148 1340 2178 aliis
1354 2148 1468 2178 nubilis
1481 2148 1648 2179 cumulata.
1680 2149 1702 2181 J
1704 2159 1742 2180 u-

1022 2199 1149 2237 venalis,
1165 2200 1203 2230 vi.
1219 2203 1289 2231 501.
1305 2199 1505 2230 facetissime:

1052 2284 1108 2308 Tot
1127 2283 1226 2316 premit
1243 2283 1389 2314 ordinibus,
1405 2287 1448 2309 tot
1464 2284 1552 2310 adhuc
1570 2284 1742 2317 compagibus

1143 2324 1229 2348 altum

1053 2362 1175 2395 AEdtjficat
1186 2366 1338 2395 caput—.

1068 2434 1142 2465 Ver.
1158 2438 1196 2465 26
1202 2438 1229 2465 4.
1250 2441 1399 2475 exempto.-
1424 2435 1464 2465 V.
1480 2434 1527 2466 ed.
1542 2437 1679 2476 exemplo.

1066 2485 1140 2516 Ver.
1156 2489 1228 2516 5265.
1266 2487 1424 2517 venientes.
1467 2485 1645 2524 Verissime,
1670 2495 1743 2517 casu

1024 2541 1123 2573 recto;
1147 2536 1166 2566 i.
1183 2546 1208 2566 e.
1230 2538 1338 2568 nubes:
1364 2543 1395 2566 et
1418 2550 1450 2568 ero
1471 2539 1637 2577 opprimere
1653 2538 1740 2568 abso-

1024 2585 1101 2624 lute,
1124 2594 1160 2618 ut
1175 2598 1236 2618 ver.
1253 2591 1325 2620 285.
1349 2588 1466 2619 Confer
1480 2589 1574 2619 etiam
1584 2589 1605 2619 i.
1620 2591 1690 2619 280.
1701 2588 1740 2618 iv.

1026 2640 1116 2668 1173.
1161 2639 1382 2672 ΒεΝτιι-ῑιυε.

1024 2688 1158 2729 Nempe,
1181 2690 1275 2732 vulgo
1290 2691 1442 2729 scribitur,
1465 2693 1520 2722 has
1540 2696 1647 2725 terra-§3
1671 2686 1740 2729 (111ae

1023 2737 1118 2770 lectio
1132 2750 1169 2770 ex
1185 2741 1309 2772 officina
1330 2741 1494 2778 editorum,
1517 2739 1696 2770 temeritatis
1710 2745 1742 2770 et

1023 2789 1161 2822 audaciae
1176 2791 1435 2831 plenissimorum,
1457 2790 1581 2830 prodiit:
1611 2801 1680 2820 eam
1695 2796 1740 2820 ta-

1024 2851 1097 2872 men
1126 2843 1266 2874 socordia
1294 2843 1362 2882 viri,
1390 2843 1444 2884 qui
1468 2842 1742 2873 vindobonensem

1023 2893 1163 2926 codicem
1179 2895 1348 2934 exprimere
1369 2894 1402 2926 in
1418 2904 1450 2925 se
1464 2893 1604 2933 suscepit,
1626 2893 1740 2934 turpis-
