1926 3224
217 266 280 304 84

709 259 768 306 T.
827 258 1206 307 LUCRETII

247 391 331 429 500
362 388 615 444 Corporibus
634 386 811 441 liquidis,
834 394 928 426 sunt
948 387 1087 428 omnia
1105 401 1210 442 pura
1229 388 1387 439 relicta;

359 463 416 505 Et
434 461 585 503 leviora
604 459 690 499 aliis
710 458 805 508 alia3
839 467 879 500 et
897 459 1185 515 liquidissimus
1205 461 1350 512 aether,

357 535 497 589 Atque
516 533 752 582 levissimus,
785 533 912 574 aerias
933 549 1054 589 super
1074 535 1207 576 influit
1227 549 1344 576 auras
1351 553 1364 585 ς

359 607 449 649 Nec
468 605 670 662 liquidum
690 620 838 660 corpus
856 606 1116 648 turbantibus
1135 608 1238 649 aeris
1258 623 1376 649 auras

361 679 587 721 Conmisci:
620 679 716 720 sinit
735 678 827 721 haec
849 680 1034 722 violentis
1055 681 1193 722 omnia
1212 682 1317 723 vorti

218 846 264 877 vis
278 845 355 876 Pius
374 855 445 876 vere
467 844 589 875 dudum
604 850 799 883 exposuerat:
827 847 850 863 “
867 845 936 876 Nec
978 857 1044 877 rem
1059 857 1095 878 ac
1109 847 1291 878 lucidiorem
1307 847 1586 886 constructionem;
1607 853 1639 878 et
1653 848 1698 879 sa·

217 901 241 917 “
256 897 329 928 sinit
343 898 438 926 aether
452 896 607 936 liquidum
617 906 727 934 corpus
742 906 836 926 suum
852 907 937 926 com-

217 951 241 966 “
256 947 377 977 misceri
393 947 576 986 corporibus,
599 946 647 975 vel
664 948 760 984 rebus,
783 948 934 978 turbanti-

218 1002 240 1017 “
256 1000 314 1029 bus
328 1008 418 1028 auras
431 997 539 1028 aelris3'
585 998 708 1033 Quibus
723 998 802 1028 nihil
817 999 936 1030 deside-

216 1062 265 1082 res
277 1052 457 1091 expeditius.
502 1053 620 1083 Versus
642 1053 772 1083 omnino
795 1053 880 1084 deest
902 1058 937 1085 Σ.

218 1105 327 1136 Habet
358 1105 451 1136 etiam
477 1112 518 1135 Π.
543 1107 710 1136 turbantis:
744 1112 774 1136 et
803 1106 940 1145 suspicor

217 1156 368 1187 editorem
391 1156 667 1186 vindobonensem
691 1156 832 1187 oscitasse
858 1156 938 1194 loco,

218 1208 272 1248 qui
295 1208 385 1238 nobis
413 1210 499 1238 auris
529 1207 686 1248 reliquerit
710 1208 743 1237 in
773 1208 939 1248 exemplari

219 1268 291 1289 suo:
318 1264 522 1289 veruntamen
537 1258 576 1288 de
586 1259 643 1288 hoc
659 1259 724 1297 ipse
736 1258 854 1289 viderit.

258 1317 332 1348 Ver.
347 1321 421 1349 504.
446 1320 611 1349 Conmisci:
637 1318 680 1347 sic
703 1318 733 1346 V
735 1317 798 1347 ind.
825 1318 862 1348 L.
890 1319 938 1348 M.

219 1370 261 1400 O.
280 1376 320 1400 Π.
338 1375 374 1401 Σ.
392 1377 438 1400 Ω..
464 1370 569 1410 Euge!
596 1371 713 1408 optima
735 1371 938 1408 exemplariaz

218 1420 360 1460 pulchre!
384 1421 477 1451 bene!
503 1421 596 1451 recte!
626 1421 688 1450 Per
711 1430 763 1449 vos
785 1421 865 1450 solos
880 1427 939 1450 ste-

216 1472 262 1507 tit,
285 1471 368 1512 quod
390 1471 594 1511 dignissimus
616 1470 700 1506 civis,
724 1470 779 1501 diu
802 1470 940 1510 perditus

217 1537 253 1556 ac
271 1527 457 1567 deploratus,
481 1525 585 1555 denuo
611 1524 737 1555 tandem
763 1525 941 1554 restituatur

217 1577 317 1607 Latio.
355 1577 528 1614 Nimirum,
544 1582 579 1606 ut
596 1576 733 1607 Romani
748 1583 863 1606 veteres
877 1587 941 1606 non

217 1629 324 1659 minus
351 1629 495 1659 dicebant
519 1630 668 1668 promisce
705 1635 736 1658 et
760 1631 940 1667 promiscas,

217 1690 312 1720 quam
322 1682 494 1720 promiscue
510 1686 539 1709 et
552 1681 742 1719 promiscuus
750 1694 759 1715 ;
790 1679 832 1709 ita
847 1679 941 1709 defae-

217 1733 277 1762 cati
291 1732 412 1762 codices
426 1732 563 1762 Lucretii
579 1731 714 1761 solitario
729 1741 786 1761 suo
802 1730 938 1761 testimo-

218 1783 273 1813 nio
289 1783 360 1812 satis
375 1783 514 1812 evincere
529 1782 700 1820 potuissent
721 1781 753 1811 in
770 1792 829 1811 usu
847 1781 941 1811 fuisse

217 1835 309 1864 misce
325 1843 460 1873 quoque,
476 1835 643 1869 commisco,
659 1839 690 1862 et
705 1832 853 1862 vocabula
868 1842 940 1872 cog-

219 1890 302 1915 nata.
347 1884 408 1914 Sed
431 1883 561 1914 feliciter
583 1884 670 1913 nobis
692 1884 802 1919 evenit,
826 1883 942 1923 glossas

219 1941 336 1965 veteres
351 1945 389 1964 ex
400 1934 572 1965 abundanti
588 1935 772 1975 suffragium
785 1935 938 1964 conferre:

220 1992 251 2016 et
265 1996 339 2016 sane
353 1989 444 2016 misce
460 1986 580 2025 parenti
600 2000 697 2026 μιῳγω
712 1986 883 2025 proximius
897 1992 943 2016 est

219 2037 340 2077 vulgari
356 2039 471 2068 misceo.
508 2037 557 2067 Sic
572 2043 678 2067 autem
694 2037 772 2067 illae:
802 2041 820 2055 “
835 2039 942 2072 Misco,

222 2095 245 2109 u
261 2092 372 2134 κλρνω.”

223 2147 245 2161 “
263 2143 386 2174 misco.'‘
416 2143 490 2174 Jarn
518 2154 591 2173 vcro
619 2157 651 2174 το
679 2145 833 2174 Conmzisti
855 2142 888 2172 in
906 2142 944 2172 V.

222 2194 269 2224 ed.
288 2199 322 2225 Δ.
338 2194 417 2224 nihil
433 2201 478 2224 est
489 2194 548 2224 nisi
561 2194 714 2233 ipsissima
726 2195 845 2230 veritas,
861 2205 876 2224 c
890 2203 946 2232 pro

222 2245 312 2275 solito
334 2245 367 2275 in
383 2252 393 2276 t
410 2246 580 2286 migrante:
612 2246 648 2275 P.
675 2248 854 2281 Conmzielit;
879 2244 946 2274 edi·

222 2302 303 2326 tores
319 2306 356 2326 ex
373 2297 511 2334 arbitrio,
531 2299 712 2328 commiscet.
755 2297 878 2326 Interea
895 2305 945 2325 ve-

222 2356 268 2382 ro,
283 2349 322 2377 ob
337 2347 549 2378 assiduitatem
559 2347 645 2377 illam
657 2347 947 2383 constantissimam,

223 2397 284 2437 qua
299 2398 445 2428 Lucretio
459 2398 661 2438 exprimendo
679 2408 710 2428 se
733 2398 887 2438 Virgilius
900 2410 947 2430 as.

223 2448 347 2486 suescit,
361 2459 412 2479 me
423 2459 605 2488 persuasum
621 2450 771 2479 habebam
787 2450 867 2479 hanc
882 2460 948 2480 ver.

223 2500 255 2529 bi
271 2500 404 2530 formam
420 2501 452 2531 in
471 2502 649 2531 Mantuano
671 2501 868 2540 probabiliter
890 2502 946 2532 ali-

225 2551 296 2581 cubi
313 2551 406 2582 latere
413 2565 422 2590 ;
445 2563 500 2583 nec
516 2553 624 2583 diffido
639 2553 836 2590 restitutioni,
852 2564 947 2594 quam

225 2608 394 2633 navaturus
418 2614 489 2634 sum
513 2604 582 2634 loco
606 2604 781 2644 georgicon,
813 2604 845 2634 ii.
875 2608 946 2635 282.

226 2656 299 2687 hinc
314 2667 465 2698 egressuS,
489 2658 528 2688 ad
543 2659 628 2688 hunc
643 2657 786 2687 modum:

408 2093 451 2122 Et
476 2092 624 2122 vicissim:
666 2097 688 2110 “
707 2099 797 2134 Κιρνω,
818 2092 942 2127 misceo,

558 2763 606 2781 nec
619 2757 684 2780 dum
696 2755 802 2780 horrida
813 2754 893 2779 miscie

241 2790 345 2820 Praelia,
356 2794 400 2816 sed
413 2794 507 2818 dubius
516 2795 609 2819 mediis
620 2797 688 2818 Mars
699 2799 769 2818 ersat
781 2795 806 2818 'm
819 2793 909 2818 armis.

230 2865 318 2898 Olim
343 2866 562 2897 contenderam
597 2871 709 2903 miscet,
741 2878 796 2906 pro
826 2867 948 2907 vulgari

226 2920 359 2954 miscent,
382 2917 613 2950 rescribendum
627 2929 700 2955 esse,
724 2919 764 2950 ob
778 2918 946 2959 elegantio-

978 906 1028 930 vet
1041 900 1174 931 imitatio
1190 901 1374 940 Papiniana,
1396 900 1494 931 Theb.
1509 901 1571 931 viii.
1587 905 1658 932 585.

1010 982 1078 1010 Stat,
1093 981 1189 1005 medius
1199 981 1310 1013 campis,
1329 981 1483 1006 etiamnum
1494 981 1595 1013 cuspide
1604 981 1671 1006 sicca

1011 1019 1231 1051 Bellipotens—.

985 1091 1173 1122 Varietatem
1189 1102 1261 1122 vero
1274 1093 1358 1122 misit
1373 1091 1439 1121 cod.
1456 1091 1587 1121 Mentel.
1609 1091 1702 1122 rude-

983 1153 1017 1173 ra
1032 1154 1096 1173 esse
1109 1144 1262 1179 dictionis,
1277 1153 1372 1183 quam
1387 1143 1516 1182 reposui,
1539 1142 1618 1172 mihi
1633 1153 1706 1173 vero

985 1194 1072 1224 valde
1087 1194 1187 1224 simile
1201 1194 1467 1224 videtum—sinit.-
1487 1193 1527 1222 V.
1543 1193 1594 1223 ed„
1607 1198 1641 1223 Δ.
1659 1199 1705 1224 Ω.

982 1251 1068 1281 sunt;
1086 1255 1158 1274 cum
1174 1244 1290 1275 eisdem
1306 1244 1465 1274 literarum
1480 1243 1596 1273 formis.
1623 1243 1705 1274 Haec

982 1296 1184 1325 commutatio
1198 1295 1352 1325 linearum
1368 1297 1415 1325 ιἠι·
1430 1300 1461 1324 et
1476 1306 1529 1329 un,
1552 1300 1563 1324 t
1579 1300 1610 1324 et
1624 1305 1648 1329 c,
1670 1295 1704 1324 in

984 1347 1230 1386 Hieronymum,
1239 1353 1330 1386 atque
1339 1346 1417 1376 adeo
1430 1346 1463 1375 in
1478 1345 1588 1382 lexica,
1598 1355 1704 1375 vocem

983 1398 1159 1435 importavit
1174 1399 1232 1427 hoc
1247 1408 1338 1427 sensu
1355 1397 1496 1436 ignotam
1511 1397 1618 1434 Latio;
1645 1407 1704 1427 un-

984 1449 1074 1478 ciales
1098 1447 1210 1484 literas,
1237 1457 1295 1485 pro
1309 1448 1578 1477 initiales.—lzaec:
1597 1447 1634 1477 P.
1648 1458 1704 1483 ac,-

983 1507 1152 1536 perperam.
1198 1498 1279 1527 Hoec
1303 1497 1453 1527 nimirum
1479 1508 1614 1537 corpora,
1636 1507 1707 1538 quae

984 1559 1057 1579 voce
1095 1550 1287 1580 turbantibus
1320 1548 1639 1588 comprehenduntur,
1676 1555 1708 1579 et

985 1602 1135 1632 dedocere
1170 1608 1312 1641 poterant
1345 1602 1485 1639 editores,
1523 1613 1587 1632 non
1621 1601 1707 1633 aliud

985 1660 1121 1694 agentes,
1134 1654 1300 1684 vanitatem
1310 1654 1476 1684 arbitrariae
1488 1664 1551 1684 suae
1565 1654 1708 1685 lectionis

986 1706 1019 1735 in
1042 1716 1144 1743 versu,
1168 1706 1220 1745 qui
1248 1706 1448 1744 praecesserit;
1471 1707 1558 1736 auris
1584 1705 1706 1736 dico.—

984 1757 1138 1797 Denique,
1154 1767 1226 1787 mox
1240 1756 1278 1786 V.
1289 1756 1334 1786 ed.
1346 1757 1456 1796 repetit
1464 1763 1545 1794 sunt,
1557 1767 1612 1796 pro
1620 1758 1708 1788 sinit.

1029 1809 1103 1838 Ver.
1112 1812 1184 1840 505.
1201 1810 1323 1839 turbare
1335 1810 1482 1848 procellis.
1500 1808 1599 1838 Sicuti
1610 1809 1705 1838 Man·

985 1866 1099 1890 tuanus
1113 1859 1281 1897 maximus,
1306 1869 1373 1899 geo.
1399 1859 1443 1889 iii.
1471 1862 1540 1890 259.
1564 1859 1603 1890 ad
1626 1860 1707 1889 hanc

986 1920 1127 1940 normam
1142 1910 1298 1940 verissime
1313 1909 1521 1950 castigandus:

1179 1990 1287 2014 nempe,
1298 1982 1407 2014 abruptis
1418 1982 1518 2006 turbata
1526 1981 1649 2014 procellis,

1017 2024 1102 2048 Nocte
1115 2026 1189 2047 natat
1201 2023 1276 2047 caeca
1287 2030 1358 2048 serus
1368 2022 1507 2047 freta—:

988 2095 1008 2124 i.
1024 2105 1048 2125 e.
1071 2106 1100 2125 se
1128 2096 1161 2125 ob
1183 2095 1330 2135 juvenem
1357 2095 1575 2134 rumpentibus,
1603 2094 1651 2124 vel
1673 2094 1706 2124 in

988 2146 1110 2176 vultum
1141 2157 1172 2176 se
1202 2146 1417 2187 frangentibus
1447 2152 1476 2175 et
1506 2145 1706 2176 illidentibus.

989 2197 1079 2227 Nihil
1093 2197 1223 2232 doctius,
1249 2197 1430 2236 appositius,
1455 2203 1509 2226 aut
1523 2196 1707 2236 elegantius,

989 2248 1042 2277 illa
1069 2248 1218 2285 dictinum
1243 2258 1337 2288 quam
1359 2247 1503 2278 nonnulli
1519 2247 1638 2278 codices
1652 2257 1707 2287 ag-

988 2305 1133 2337 noscunt,
1156 2306 1188 2329 et
1216 2305 1389 2339 pervetusta
1418 2299 1583 2339 georgicbn
1614 2299 1710 2329 editio

990 2353 1057 2382 sine
1078 2352 1236 2381 mentione
1258 2351 1327 2387 loci,
1350 2351 1399 2381 vel
1421 2352 1506 2386 anni,
1530 2361 1624 2390 penes
1646 2361 1708 2382 me.

991 2403 1141 2443 Evulgari
1156 2402 1233 2432 solet
1247 2404 1400 2442 abruptis:
1426 2408 1456 2431 et
1478 2408 1558 2431 certe
1580 2401 1712 2432 minime

991 2455 1107 2484 mirum
1131 2460 1177 2484 est
1204 2467 1237 2484 ‘ro
1256 2456 1428 2493 obrumpere
1453 2453 1486 2482 in
1510 2452 1712 2483 monimentis

990 2512 1129 2535 veterum
1144 2505 1266 2544 parcius
1280 2513 1469 2543 comparere,
1484 2503 1510 2532 si
1521 2503 1637 2533 librarii
1652 2503 1710 2533 cri·

991 2557 1104 2597 ticique
1129 2556 1242 2595 passim
1265 2554 1499 2585 obliteraverint.
1546 2553 1607 2583 Sed
1627 2562 1710 2592 quae-

991 2618 1065 2638 nam
1088 2609 1154 2638 haec
1178 2613 1224 2637 est
1246 2606 1438 2637 eruditorum
1465 2605 1648 2644 conjuratio,
1675 2609 1710 2633 ut

990 2658 1147 2688 efficacem
1162 2668 1243 2694 sane,
1267 2664 1436 2692 venustam,
1461 2662 1552 2695 atque
1566 2653 1710 2692 acceptis-

990 2710 1114 2748 simam,
1144 2719 1251 2740 vocem
1276 2708 1433 2748 configant
1458 2706 1559 2742 obelo,
1590 2704 1709 2744 quoties

991 2764 1024 2793 in
1049 2763 1238 2793 membranis
1262 2757 1510 2801 deprehendant?
1535 2757 1648 2794 Varro,
1671 2755 1710 2786 de

990 2824 1023 2843 re
1048 2820 1122 2844 rust.
1148 2814 1191 2843 iii.
1216 2817 1265 2844 10.
1293 2814 1390 2842 5.—“
1407 2808 1557 2849 (anseres)
1587 2812 1710 2845 propter

992 2869 1014 2883 “
1031 2865 1231 2904 cupiditatem
1247 2873 1326 2902 saepe
1347 2862 1380 2890 in
1399 2858 1561 2899 pascendo,
1585 2858 1611 2887 si
1626 2857 1709 2887 radi-

992 2920 1014 2935 “
1031 2926 1100 2946 cem
1115 2915 1306 2956 prenderint,
1328 2921 1421 2952 quam
1438 2910 1566 2941 educere
1582 2908 1674 2939 velint
1691 2920 1708 2937 c
