1926 3224
599 245 830 295 LIBER
880 236 1181 294 SEXTUS.

1535 247 1631 289 292

296 376 352 419 Et
372 377 665 435 conjungundo
684 385 885 427 crescunt,
907 377 1116 432 ventisque
1134 375 1319 418 feruntur

290 452 438 507 Usque
458 451 576 501 adeo,
599 451 730 492 donec
751 458 966 506 tempestas
986 465 1093 491 saeva
1113 458 1254 491 coorta
1274 457 1346 491 est.

353 525 434 575 Fit,
457 540 634 581 quoque,
657 525 739 565 utei
760 524 910 563 montis
930 524 1062 564 vicina
1082 524 1294 565 cacumina
1313 521 1415 564 coelo

292 597 430 647 Quam
451 599 531 638 sint
550 597 726 652 quoique
746 596 890 650 magiS‚
913 603 1028 636 tanto
1048 596 1178 651 magis
1199 596 1307 637 edita
1326 596 1482 638 fument

176 675 260 711 460
290 670 474 712 Adsidue
492 669 612 709 fulvae
631 667 751 708 nubis
771 667 944 724 caligine
963 667 1110 708 crassa:

288 743 526 797 Propterea,
550 741 660 797 quia,
683 756 809 797 quom
829 742 1055 783 consistunt
1074 742 1215 783 nubila
1233 743 1430 797 primurn,

289 816 400 858 Ante
420 815 561 856 videre
580 816 709 857 oculei
731 829 854 871 quam
875 817 1030 871 possint
1050 817 1203 866 tenuia,
1225 818 1359 858 ventei

285 889 502 931 Portantes
523 897 678 946 cogunt
696 889 750 931 ad
770 904 930 931 summa
948 892 1162 932 cacumina
1181 891 1344 932 montis.

125 1042 215 1090 ⁷que;
236 1045 290 1077 sed
303 1046 347 1077 V.
364 1045 411 1076 ed.
431 1047 468 1076 Β.
484 1046 520 1076 L.
538 1046 586 1076 M.
602 1048 639 1076 Δ.
656 1050 691 1077 Σ.
714 1046 862 1078 exhibent

139 1110 264 1140 quoque.
309 1097 568 1138 Liquidissimum
589 1102 635 1127 est
649 1097 756 1138 utique
771 1098 861 1128 cuili-

120 1151 191 1181 ‘bet
219 1160 285 1180 rem
314 1147 533 1186 consideranti,
571 1148 769 1178 vetustiorem
798 1149 860 1178 for-

137 1212 224 1232 mam
245 1203 373 1241 quoique
400 1199 484 1230 haud
507 1209 589 1239 aegre
617 1209 672 1238 per
694 1199 862 1229 scribarum

136 1262 252 1283 manus
265 1252 299 1281 in
320 1261 436 1290 quoque
458 1249 552 1280 fuisse
574 1249 794 1290 migraturam
818 1256 864 1281 ast

135 1314 262 1344 quoeque
276 1312 384 1333 rursus
398 1311 461 1332 non
477 1302 561 1332 item.

179 1354 260 1385 Ibid.
286 1355 388 1394 Quam
403 1355 502 1393 magis
517 1359 610 1383 tanto.
648 1353 711 1383 Par
736 1358 782 1383 est
803 1353 858 1382 ha·

134 1416 207 1437 rum
222 1406 397 1437 dictionum
413 1405 591 1435 sodalitium
613 1409 644 1435 et
660 1404 812 1444 oppositio
826 1405 859 1434 in

127 1451 242 1490 'Plauti
258 1457 466 1489 Menaechmis
481 1457 588 1494 etiam,
610 1456 629 1486 i.
649 1460 676 1486 1.
695 1460 742 1488 19.

150 1532 234 1566 Quam
245 1530 325 1563 magis
334 1530 477 1560 extendas,
487 1533 557 1554 tanto
571 1529 740 1561 adstringunt
751 1529 841 1554 artius.

177 1604 258 1635 Ibid.
270 1603 397 1644 fiament
410 1604 499 1634 nubis
513 1604 654 1642 caligine.
692 1601 766 1631 Non
782 1601 856 1632 alie-

131 1666 192 1687 nus
215 1661 262 1686 est
286 1655 430 1685 Maronis
454 1654 634 1692 versiculus,
667 1653 701 1683 in
726 1662 794 1693 geo,
824 1653 855 1684 ii.

132 1709 205 1738 217.

130 1780 200 1812 Quae
207 1782 319 1805 tenuem
327 1777 439 1804 exhalat
446 1778 574 1808 nebulam,
577 1777 721 1809 fumosque
729 1775 853 1801 volucris.

173 1851 249 1882 Ver.
265 1854 337 1883 460.
358 1851 466 1881 nubis:
492 1849 532 1880 V.
549 1849 598 1880 ed.
623 1848 662 1880 Ο.
691 1853 726 1880 Δ.
750 1853 784 1880 Σ.
809 1855 854 1879 Ω.

131 1907 232 1936 nubes.

174 1955 254 1986 Ibid.
266 1956 367 1995 sulvae
381 1956 472 1986 nubis
486 1956 618 1995 caligine
634 1952 746 1985 crassc‘z'.
779 1953 851 1984 Vir-

127 2006 233 2048 gilius,
251 2007 325 2036 AEn.
341 2006 393 2036 xii.
411 2008 483 2037 792.
501 2005 613 2045 partim
628 2011 752 2036 secutus
767 2010 825 2035 est:

157 2089 291 2119 junonem
303 2087 405 2112 interea
415 2093 466 2112 rex
477 2086 669 2119 omnipotentis
681 2086 791 2118 Olympi

156 2127 328 2159 Adloquitur,
332 2127 424 2159 sulvd
435 2133 538 2160 pugnas
548 2127 582 2153 de
591 2126 659 2152 nube
668 2128 803 2152 tuentem.

129 2201 279 2232 Conferas
292 2201 365 2232 ibid.
380 2201 431 2232 vii.
450 2204 520 2232 142.
540 2205 608 2232 145.
632 2202 767 2240 Insuper
777 2200 850 2231 Ho-

126 2255 206 2285 meri
229 2255 326 2293 locus,
360 2261 392 2286 et
414 2256 657 2287 commentarius
682 2256 850 2292 Eustathii‚

125 2315 204 2346 quos
221 2305 388 2336 Creechius
403 2306 573 2346 adscripsit,
599 2316 726 2346 operam
740 2306 851 2337 utilem

125 2356 284 2386 navabunt
306 2361 370 2386 tam
385 2356 542 2392 Lucretio,
565 2367 660 2397 quam
675 2357 852 2397 Virgiliano

125 2405 236 2437 versui.
281 2405 413 2446 Legitur
429 2407 463 2436 in
479 2406 518 2437 IL
535 2414 573 2439 Ξ.
588 2411 660 2438 345.

272 2501 334 2517 rotor
345 2501 381 2517 τοι
396 2501 443 2523 εγω
454 2492 570 2518 mimo}
583 2493 769 2526 αμφικαιλυψω

143 2539 317 2565 ΧΡΥΣΕΟΝ”
329 2539 367 2565 υδ’
378 2550 409 2565 ων
420 2540 461 2566 νωΐ
471 2540 602 2575 διαδρακοι
611 2545 688 2570 maroe
700 2551 787 2577 περ..

82 2624 86 2627 ·
126 2617 306 2645 numo-rnna
322 2620 438 2646 σολλην
454 2614 467 2643 ὅ
483 2619 549 2648 Ζευς
565 2613 644 2646 δῆλοι
661 2621 748 2654 νεφες.
774 2621 846 2656 Χρυ-

122 2676 175 2694 σεα
190 2663 218 2694 δε
234 2671 318 2704 φασιν
333 2665 358 2695 oa‘
379 2673 501 2696 ταλαωι
526 2673 599 2706 νεφη,
627 2680 667 2697 τοι
691 2680 714 2697 εν
738 2667 848 2708 ὑψηλῳ

122 2725 189 2757 aspa·
203 2716 224 2745 ἁ
240 2715 379 2756 τρροειδης
396 2731 431 2747 ων
446 2719 523 2758 αιέπρ
537 2718 678 2757 χρυσιζειν
693 2730 769 2749 wodet-

166 2766 361 2808 Ibid.fulvae.
379 2769 478 2805 Forte,
485 2770 602 2811 furvae.
621 2771 846 2803 ΒεΝτιειυε.

125 2817 177 2848 Sic
190 2825 269 2850 atrae
284 2821 387 2859 nubes,
410 2821 566 2862 Virgilius
587 2827 618 2852 et
633 2823 702 2861 alii;
725 2824 847 2854 Home-

123 2878 179 2898 rus
193 2869 287 2901 etiam
304 2879 384 2912 νεφεω
407 2886 522 2910 κυινεα,
552 2882 700 2916 πορφυρεα,
722 2883 850 2915 pastura,

118 2933 264 2960 namra,
289 2929 320 2954 et
343 2926 481 2965 spectum:
508 2926 573 2963 sed,
596 2936 666 2967 quae
687 2937 848 2967 praecesse-

904 1045 978 1081 rint,
1000 1045 1079 1076 nihil
1109 1056 1176 1076 esse
1205 1047 1385 1077 novandum
1414 1047 1448 1077 in
1482 1046 1628 1079 Lucretio

904 1096 986 1128 clare
1001 1096 1180 1134 ostendunt,
1197 1104 1289 1137 atque
1305 1098 1430 1127 Ennius
1443 1098 1526 1136 apud
1545 1098 1626 1129 Gell.

905 1148 968 1178 xiii.
984 1151 1034 1178 20.
1048 1147 1214 1187 ak'refulvzi
1230 1158 1268 1178 ex
1283 1158 1320 1178 eo
1335 1154 1568 1178 memorantem.

948 1199 1022 1229 Ver.
1037 1202 1109 1229 461.
1125 1210 1226 1239 quom,
1247 1198 1296 1229 vel
1310 1209 1395 1230 cum:
1417 1199 1453 1229 P.
1470 1199 1512 1228 V.
1529 1199 1576 1228 ed.
1587 1199 1625 1229 B.

906 1257 979 1281 tum.

944 1301 1019 1332 Ver.
1034 1304 1105 1333 464.
1129 1302 1290 1333 utez'turbd
1307 1303 1420 1343 majore
1428 1316 1438 1333 .·
1465 1301 1562 1332 Vind.
1577 1304 1626 1332 uti

901 1353 990 1384 turba
1005 1355 1142 1390 minora‚·
1162 1354 1203 1384 O.
1222 1358 1257 1384 Δ.
1273 1360 1317 1384 Ω.
1334 1356 1382 1384 uti
1395 1355 1484 1384 turba
1496 1355 1624 1389 minore,-

903 1405 1136 1444 depravationes
1160 1405 1198 1435 V.
1213 1404 1260 1435 ed.
1281 1414 1344 1435 non
1367 1404 1517 1434 aliorsum
1538 1413 1624 1443 spec-

903 1461 978 1491 tant,
1013 1457 1112 1486 utitur
1140 1466 1283 1493 summor,
1316 1454 1383 1485 cod.
1408 1454 1504 1485 Vind.
1529 1464 1625 1495 quam

902 1507 1065 1546 proximae:
1094 1511 1128 1539 Σ.
1146 1513 1180 1538 ut
1194 1508 1283 1538 turba
1299 1509 1431 1538 humore.

946 1559 1017 1589 Ver.
1033 1562 1104 1590 465.
1127 1559 1178 1589 Ex
1200 1559 1371 1589 rationibus
1385 1558 1474 1589 valde
1495 1569 1567 1589 vero
1582 1558 1623 1588 si-

900 1609 1037 1648 milibus,
1049 1616 1080 1640 et
1094 1620 1170 1650 quas
1181 1620 1274 1640 nemo
1283 1610 1436 1640 cordatior
1446 1615 1562 1640 temere
1572 1619 1623 1639 co-

899 1662 1045 1702 arguerit,
1069 1662 1199 1692 sanitate
1222 1661 1351 1702 pristina
1373 1662 1477 1692 locum
1493 1661 1624 1692 redona-

898 1713 1015 1744 vimus:
1043 1714 1097 1754 qui
1112 1724 1185 1744 sane
1200 1714 1264 1744 una
1281 1720 1313 1744 et
1326 1713 1422 1744 altera
1431 1713 1481 1743 via
1493 1713 1567 1743 satis
1578 1713 1624 1742 fa-

898 1765 950 1795 cili
971 1765 1183 1805 probabilique
1209 1766 1320 1796 tentari
1345 1771 1472 1804 poterat.
1518 1766 1624 1800 Quam

898 1815 1046 1846 inivimus
1057 1823 1175 1854 autem,
1192 1818 1310 1847 caeteris
1320 1817 1483 1847 meliorem
1494 1817 1621 1847 arbitra-

898 1877 978 1898 mur.
1023 1869 1084 1898 Ec.-
1110 1868 1154 1898 ita
1169 1868 1205 1898 P.
1222 1868 1318 1899 Vind.
1336 1869 1377 1898 V.
1393 1868 1440 1899 ed.
1465 1869 1505 1899 O.
1529 1873 1563 1898 Δ.
1587 1874 1622 1901 Σ.

899 1919 1079 1949 n.—abest
1093 1919 1204 1949 vocula
1219 1920 1256 1950 B.
1272 1920 1308 1950 L.
1325 1920 1372 1950 M.
1388 1919 1412 1948 si
1430 1919 1505 1950 fidos
1521 1929 1553 1949 se
1568 1919 1622 1950 de-

895 1969 999 1999 derint
1014 1969 1190 2008 collatores;
1213 1970 1326 2010 quibus
1347 1970 1493 2011 equidem
1516 1969 1622 2001 nullus

894 2020 927 2050 in
942 2021 999 2051 hac
1011 2031 1044 2051 re
1054 2021 1380 2053 credam—condensa
1389 2029 1482 2062 atque
1491 2036 1501 2052 .·
1522 2022 1619 2053 Vind.

895 2072 937 2101 V.
952 2072 999 2102 ed.
1024 2077 1057 2104 Σ.
1082 2075 1445 2113 condensatque.—arta.·
1473 2079 1517 2103 Ω..
1538 2079 1618 2104 rata.

893 2134 1058 2164 awarere:
1085 2124 1128 2154 sic
1153 2124 1192 2154 O.
1220 2130 1264 2154 Ω.
1290 2124 1412 2164 reliqui,
1430 2135 1541 2164 parere
1547 2140 1558 2160 ,-
1583 2125 1619 2155 P.

894 2180 1032 2214 excepto,
1049 2174 1103 2214 qui
1112 2181 1228 2214 patere.
1273 2175 1369 2210 Hinc,
1391 2185 1490 2215 quum
1510 2174 1620 2205 simili-

893 2236 950 2256 um
965 2225 1155 2266 syllabarum
1171 2227 1314 2266 repetitio
1333 2227 1500 2266 saepissime
1514 2226 1620 2265 faciat,

893 2283 929 2308 ut
944 2283 1100 2308 exteratur
1113 2289 1189 2316 una,
1211 2278 1298 2309 locus
1312 2279 1352 2310 ad
1374 2280 1454 2309 hanc
1475 2288 1618 2310 normam

894 2329 1041 2360 constitui
1056 2340 1092 2360 ac
1105 2330 1256 2371 distingui
1271 2330 1379 2371 possit:

1210 2422 1267 2447 utei
1277 2422 1356 2447 turba
1367 2423 1468 2454 majore
1477 2425 1571 2448 coorta

922 2460 1049 2485 condensa?
1061 2465 1144 2493 atque
1155 2461 1242 2486 artata
1250 2465 1351 2494 parere,
1363 2464 1461 2487 et—.

890 2548 962 2589 Ego
976 2555 1083 2580 tamen
1098 2551 1204 2589 positis
1217 2550 1251 2581 in
1266 2556 1412 2582 contextu
1434 2551 1541 2582 malim
1557 2551 1613 2582 ad-

888 2600 1015 2631 haerere.
1058 2602 1133 2633 Jam
1148 2612 1220 2632 vero
1242 2608 1366 2641 tempus
1387 2607 1434 2632 est
1454 2602 1615 2633 bellissimi

890 2651 996 2681 versus
1010 2652 1144 2689 videndi,
1169 2663 1263 2693 quem
1286 2653 1374 2683 nobis
1388 2654 1552 2693 puerperio
1565 2664 1613 2684 sa-

890 2703 930 2733 tis
944 2703 1126 2742 impudente
1138 2710 1168 2734 et
1182 2705 1319 2735 infausto
1334 2704 1472 2744 profudit
1480 2705 1612 2736 cerebel-

891 2753 958 2784 lum
974 2754 1139 2791 editorum‚
1155 2755 1311 2786 Lambino
1321 2756 1471 2795 primum,
1481 2766 1518 2786 ex
1530 2766 1613 2786 mar-

891 2805 965 2845 gine
980 2805 1084 2836 nescio
1106 2806 1195 2846 cujus
1213 2806 1295 2845 libri,
1319 2807 1418 2846 po'eltae
1439 2812 1545 2838 nostro
1565 2812 1612 2837 te-

894 2867 978 2887 mere
993 2857 1084 2888 illum
1100 2858 1298 2889 obtrudente:

907 2940 1058 2971 condensa,
1069 2947 1099 2965 ac
1109 2940 1202 2973 stipata
1211 2941 1290 2966 simul
1303 2943 1451 2972 cernantur,
1461 2944 1488 2967 et
1500 2940 1588 2966 ud0-.
