1926 3224
566 256 798 305 LIBER
845 255 1205 314 QUINTUS.
1235 333 1238 337 Ι

1530 265 1618 304 123

291 389 349 431 Ut
366 388 532 439 faciunt,
553 388 691 430 lunam
711 390 804 445 quei
824 389 987 446 fingunt
1006 403 1089 431 esse
1107 389 1207 445 pilai·

289 462 568 513 Consimilem,
595 463 814 518 cursusque
833 464 939 504 viam
960 463 1035 504 sub
1056 463 1137 505 sole
1156 472 1307 505 tenere:

288 535 512 592 Propterea
531 537 593 587 fit,
614 538 696 578 utei
718 537 932 577 videantur
950 536 1086 577 dicere
1105 552 1259 578 verum.

347 610 421 650 Est
444 610 563 650 etiam
585 609 664 664 qua
685 623 729 649 re
747 609 917 662 proprio
935 622 1030 649 cum
1049 609 1203 649 lumine
1221 610 1347 664 possit

177 687 258 725 715
289 682 468 729 Volvier,
491 689 531 720 et
550 681 681 721 varias
702 681 928 734 splendoris
947 681 1119 722 reddere
1138 681 1300 722 formas.

288 754 451 808 Corpus
470 752 579 793 enim
598 752 690 792 licet
710 766 794 792 esse
814 754 938 802 aliud,
956 754 1068 808 quod
1087 753 1230 802 fertur,
1252 762 1293 792 et
1312 754 1393 793 una

285 827 475 877 Labitur,
496 826 746 867 omnimodis
765 825 986 867 obcursans
1009 827 1302 882 obficiensque3

146 999 187 1032 O.
210 1003 246 1030 Δ.
267 1005 308 1030 1'1.
332 1002 367 1030 Σ.
391 1005 435 1030 Ω.
465 1003 506 1034 et,
536 997 658 1037 opinor,
681 1007 791 1028 omnes
813 997 867 1027 alii

143 1051 260 1090 scripti,
286 1050 428 1091 quamvis
451 1049 490 1080 de
517 1051 554 1080 Β.
580 1050 616 1080 L.
637 1050 684 1080 M.
707 1049 867 1080 collatores

145 1107 275 1133 taceant.
319 1100 456 1141 Vulgari
477 1100 555 1131 solet
570 1102 864 1132 Dorticum—eum.-

146 1153 183 1185 P.
199 1154 240 1184 V.
257 1153 304 1184 ed.
324 1159 368 1183 Ω.
386 1164 463 1183 cum.

190 1204 269 1234 Ibid.
288 1206 378 1244 pleno
393 1205 481 1240 hene;
505 1203 524 1233 i.
541 1213 566 1233 e.
589 1205 675 1234 valde
690 1203 792 1243 pleno,
807 1203 870 1233 sive

147 1255 338 1295 plenissimo:
358 1255 498 1295 perlegas
512 1265 581 1295 quae
596 1254 735 1285 dederim
750 1255 784 1284 in
797 1254 869 1285 Silv.

148 1306 224 1338 Crit.
240 1312 322 1337 sectt.
339 1306 412 1336 lviii.
427 1307 501 1336 ccvi.
517 1306 556 1336 de
571 1307 628 1336 hac
643 1312 793 1346 potestate
817 1316 870 1336 vo-

145 1357 190 1388 cis
204 1359 287 1395 bene,
310 1362 343 1388 et
362 1357 514 1387 similium
529 1356 737 1388 formularum
751 1357 785 1387 in
806 1357 870 1387 lin-

146 1409 218 1450 guis
232 1409 309 1440 aliis.
355 1410 518 1440 Homerus
530 1409 626 1440 etiam
651 1409 810 1440 vocabitur
831 1408 871 1439 ad

147 1467 261 1502 partes,
274 1461 308 1490 in
326 1461 364 1491 Il.
382 1468 412 1492 Γ.
429 1464 478 1492 72.

186 1545 306 1579 Κτημαθ·
317 1544 374 1572 ἔλων
385 1547 430 1571 Er
449 1545 589 1576 HANTA,
608 1555 720 1576 yvvouzoe
734 1554 769 1576 τε,
790 1544 873 1571 otzoeb’

302 1595 407 1627 αγεσθω.

147 1662 238 1693 Hinc
251 1662 397 1692 maximae
407 1668 481 1692 sunt
491 1661 642 1692 habendae
656 1662 763 1702 gratiae
775 1661 872 1692 codici

146 1713 310 1746 Juvenalis
324 1713 450 1753 optimae
465 1718 559 1750 noae,
575 1713 629 1753 qui
645 1712 679 1742 in
692 1712 874 1743 Academiae

151 1765 414 1806 Cantabrigiensis
436 1763 620 1795 bibliotheca
632 1763 756 1803 publica
777 1774 872 1794 asser-

147 1823 249 1855 vatur,
279 1816 363 1857 quod
384 1817 474 1847 nobis
502 1816 692 1846 verissimam
721 1816 873 1853 exhibeat,

151 1874 244 1909 atque
265 1868 359 1908 longe
380 1867 657 1907 elegantissimam,
679 1867 875 1906 scripturam,

149 1918 190 1950 ad
204 1924 259 1949 sat.
273 1918 318 1949 iii.
337 1921 405 1949 loo.

181 1998 259 2023 Natio
271 1997 398 2023 comoeda
407 2000 460 2022 est.
484 1996 577 2022 Rides?
598 1996 695 2022 meliore
703 1997 836 2022 cachinno

184 2036 388 2062 concutitur—.

149 2107 270 2149 Vulgo,
289 2108 403 2148 majore
407 2123 420 2144 ,·
443 2117 481 2138 ex
496 2107 681 2148 glossemate
695 2107 803 2147 procul
817 2107 875 2139 du.

150 2159 211 2189 bio.
257 2159 408 2189 Similiter
427 2159 467 2189 ad
493 2158 600 2190 Ovidii
624 2165 697 2189 met.
724 2159 788 2190 xiii.
806 2163 875 2191 102.

151 2210 308 2251 vulgatior
322 2221 380 2241 vox
395 2210 628 2252 exquisitiorem
643 2210 827 2241 eliminavit:

183 2289 302 2316 Dividite
309 2300 318 2322 ;
335 2295 363 2317 et
373 2291 459 2317 melior
470 2299 530 2324 pars
541 2292 575 2317 sit
585 2292 722 2318 Diomedis
734 2293 761 2317 in
772 2293 830 2317 illis.

155 2360 207 2391 Sic
221 2371 304 2392 unus
325 2362 414 2400 liber,
432 2363 598 2393 verissime.
643 2363 742 2400 Edffi,
769 2364 875 2404 major.

154 2412 254 2443 Recte
283 2423 351 2443 rem
379 2413 638 2444 administrarunt
668 2413 822 2444 Heinsius
841 2425 875 2444 ac

154 2463 358 2493 Burmannus
386 2463 426 2494 ad
448 2463 589 2504 ejusdem
613 2464 699 2502 epist.
727 2464 798 2494 xvii.
825 2468 875 2495 68.

155 2515 222 2546 Hic
247 2516 346 2546 editor
370 2516 410 2547 ad
432 2517 551 2547 Lucan.
575 2516 597 2546 i.
625 2520 695 2546 400.
720 2522 875 2555 receptam

155 2566 321 2597 lectionem
336 2567 440 2597 forsan
454 2568 533 2597 bene
545 2573 659 2602 tuetur,
673 2567 725 2597 sed
737 2568 800 2597 vim
810 2567 874 2597 dic-

153 2618 249 2649 tionis
263 2621 367 2649 melior
381 2629 493 2658 parum
509 2624 602 2648 tenet.
646 2619 782 2649 Consule
794 2619 875 2649 Dra·

153 2670 389 2706 kenborchium,
405 2670 444 2700 ad
462 2670 514 2700 Sil.
531 2671 571 2700 It.
586 2670 624 2699 iv.
642 2673 711 2699 824.
727 2680 800 2700 cum
815 2681 876 2702 var.

154 2721 238 2753 lectt.
262 2722 302 2753 ad
329 2721 438 2752 Claud.
463 2727 537 2752 sext.
563 2731 645 2751 cons.
663 2721 786 2751 Honor.
803 2724 875 2752 294.

158 2773 308 2804 Similiter
322 2779 403 2804 recte
418 2780 491 2803 sunt
503 2772 688 2812 accipiendae
698 2782 761 2802 non
773 2783 878 2812 paucae

154 2833 244 2855 voces
258 2825 384 2861 Graecae,
395 2835 467 2855 cum
481 2838 509 2855 ευ
520 2824 713 2862 compositae;
730 2830 766 2853 ut
781 2825 878 2865 ευροας,

154 2883 218 2904 non
230 2877 357 2915 pulchre
361 2878 478 2917 fluens,
493 2875 546 2905 sed
562 2876 704 2906 violenter
715 2880 746 2904 et
758 2876 877 2914 rupide;

158 2937 299 2965 εωινεμος,
320 2933 469 2964 vcntosus,
494 2929 515 2945 “
530 2927 641 2957 validis
663 2925 761 2955 ventis
782 2925 879 2966 agita·

911 1000 934 1017 “
949 997 1038 1035 tus;'’
1062 1003 1093 1027 et
1107 997 1297 1028 consimiles:
1321 999 1405 1038 quod
1428 1000 1543 1030 multos
1557 1000 1629 1031 doc-

910 1054 1016 1078 torum
1030 1048 1129 1078 latuit.
1174 1048 1291 1078 Videas
1313 1051 1529 1081 annotationes
1548 1061 1632 1082 meas

911 1099 951 1129 ad
968 1099 1098 1138 Sophoc.
1114 1099 1246 1130 Philoct.
1261 1103 1334 1131 491.

954 1158 1028 1188 Ver.
1046 1161 1117 1189 709.
1137 1159 1234 1189 Debet
1249 1160 1338 1189 item:
1358 1159 1407 1189 Pii
1423 1159 1542 1190 codices
1556 1161 1633 1199 pris-

912 1210 952 1248 ci,
966 1211 1083 1241 Debeat
1100 1212 1309 1251 it.—quanto:
1325 1211 1370 1241 Ο.
1384 1213 1506 1252 quando
1512 1227 1522 1248 ;
1540 1212 1634 1242 etiam

913 1263 1189 1302 bene—propius.-
1223 1262 1264 1292 V.
1287 1261 1334 1292 ed.
1353 1263 1631 1303 Inoprius.—jam:

914 1314 955 1344 V.
966 1313 1013 1344 ed.
1031 1314 1071 1345 O.
1088 1319 1122 1345 Δ.
1137 1321 1178 1346 Π.
1194 1319 1228 1346 Σ.
1247 1321 1290 1346 Ω.
1307 1321 1386 1351 tam;
1407 1321 1438 1345 et
1452 1315 1638 1354 accepissem

913 1375 999 1403 sane,
1014 1365 1040 1395 si
1055 1365 1100 1396 ita
1114 1366 1251 1405 positum
1266 1366 1387 1404 fuisset,
1402 1373 1439 1397 ut
1452 1366 1639 1407 respondere

914 1423 1016 1455 posset
1030 1431 1072 1458 τῳ
1087 1424 1219 1458 quanto:
1241 1417 1288 1448 -sic
1310 1418 1395 1448 enim
1417 1428 1498 1457 saepe
1518 1424 1638 1455 noster3

915 1468 983 1498 vide
998 1478 1074 1499 verr.
1089 1472 1163 1500 455.
1180 1472 1253 1500 454.

959 1528 1033 1558 Ver.
1055 1532 1125 1559 710.
1150 1530 1301 1560 Labitur:
1328 1529 1423 1560 vind.
1448 1529 1487 1560 V.
1513 1531 1560 1561 ed.
1583 1533 1638 1562 In-

915 1580 1130 1610 labitur.—·Et
1154 1579 1188 1609 in
1208 1579 1247 1610 P.
1275 1589 1352 1610 verr.
1376 1583 1447 1612 714.
1463 1583 1534 1612 715.
1556 1582 1641 1612 hunc

916 1641 1040 1661 versum
1055 1637 1234 1671 sequuntur.

961 1691 1032 1722 Ver.
1049 1695 1122 1723 712.
1138 1699 1253 1723 tenere:
1274 1693 1321 1722 M.
1338 1694 1446 1729 imere;
1462 1700 1493 1723 et
1508 1693 1540 1723 in
1556 1703 1639 1724 mar-

918 1742 1002 1783 gine,
1028 1755 1146 1774 meare:
1180 1744 1304 1782 frustra,
1329 1751 1363 1774 ut
1387 1750 1472 1783 puto,
1498 1744 1547 1774 vel
1572 1746 1641 1785 ipso

917 1794 1046 1835 Virgilii
1061 1794 1131 1825 loco
1145 1794 1295 1832 devictus,
1311 1795 1415 1825 statim
1429 1795 1584 1833 ponendo.

963 1856 1044 1887 Ibid.
1066 1855 1173 1887 cursz‘ae's
1187 1858 1267 1887 viam
1284 1863 1395 1887 tenere.
1431 1857 1513 1886 Haec
1529 1858 1644 1889 scilicet

918 1908 972 1939 ille
988 1910 1187 1940 Mantuanus
1201 1909 1342 1939 imitatus
1355 1914 1417 1946 est3
1438 1915 1480 1945 et,
1501 1910 1574 1940 hinc
1590 1920 1643 1940 ex-

919 1971 1020 1999 orsuS‚
1044 1967 1169 2001 egomet
1182 1961 1303 2000 primus
1316 1960 1473 1998 omnium,
1491 1974 1577 2003 χαρις
1592 1975 1644 2001 με-

918 2019 1003 2052 γαλῆ
1018 2012 1179 2043 Lucretio!
1196 2011 1359 2051 periodum
1367 2012 1461 2052 longe
1476 2012 1643 2051 perplexis-

918 2063 1043 2101 simam,
1060 2069 1091 2093 et
1105 2073 1175 2103 quae
1190 2073 1330 2093 summos
1344 2063 1378 2093 in
1392 2073 1426 2094 re
1445 2063 1550 2094 critica
1564 2065 1644 2095 viros

919 2115 1118 2146 discruciatos
1132 2116 1276 2146 habuerit
1289 2121 1321 2145 et
1335 2115 1453 2153 illusm,
1470 2121 1552 2145 reete
1567 2126 1642 2147 con-

919 2166 1044 2197 stituere
1058 2166 1175 2197 valebo.
1218 2165 1350 2206 Legitur
1364 2165 1397 2195 in
1415 2165 1488 2196 AEn.
1500 2166 1542 2197 iii.
1557 2171 1629 2198 684.

955 2250 1056 2274 Contra
1074 2250 1143 2280 ,iussa
1163 2253 1277 2274 monent
1297 2248 1400 2279 Heleni,
1428 2249 1543 2281 Scyllam
1563 2252 1645 2282 atque

1046 2289 1221 2321 Charybdim,

952 2331 1025 2354 Inter
1035 2333 1190 2360 utramque,
1200 2329 1287 2359 viam,
1299 2330 1345 2355 leti
1355 2329 1509 2355 discrimine
1519 2337 1614 2361 parvo,

950 2370 981 2394 Ni
992 2373 1093 2394 teneant
1104 2369 1206 2399 curnis,-
1223 2373 1331 2395 certum
1342 2374 1382 2394 est
1393 2371 1457 2395 dare
1467 2370 1551 2395 lintea
1562 2374 1644 2395 retro:

919 2453 939 2483 i.
965 2463 991 2483 e.
1031 2455 1054 2471 “
1075 2462 1116 2483 ne
1145 2458 1272 2482 teneant
1301 2452 1385 2482 viam
1423 2451 1532 2482 cursus
1563 2452 1645 2483 inter

919 2508 941 2523 “
957 2510 1134 2544 utramque,
1173 2504 1308 2544 Scyllam
1343 2505 1462 2544 utique,
1497 2511 1529 2535 et
1561 2505 1645 2535 Cha-

920 2559 942 2574 ‘⁴
957 2555 1110 2596 rybdim.”
1156 2555 1237 2591 Quae
1251 2555 1413 2594 perspicua
1428 2562 1514 2593 sunt,
1528 2561 1559 2586 et
1568 2565 1643 2586 con·

921 2607 1089 2637 stmctione
1111 2609 1275 2637 verborum
1299 2607 1372 2637 satis
1395 2607 1548 2647 expedita.
1593 2608 1645 2638 De

920 2660 978 2689 hac
999 2665 1106 2689 autem
1128 2659 1265 2698 positura
1292 2659 1527 2699 praepositionis,
1553 2659 1579 2689 si
1606 2659 1647 2690 ad

920 2713 979 2741 hoc
994 2711 1128 2747 haesites,
1140 2711 1245 2741 videas
1260 2717 1366 2741 notata
1381 2711 1421 2742 ad
1435 2711 1472 2741 iv.
1491 2715 1540 2743 96.
1555 2714 1646 2742 1018.

965 2772 1040 2801 Ver.
1068 2774 1138 2802 714.
1162 2770 1222 2811 qm'c'
1255 2766 1304 2802 r‘e:
1329 2772 1373 2802 sic
1402 2771 1522 2810 omnia,
1551 2782 1647 2802 omne

922 2833 1029 2864 genus,
1046 2823 1234 2862 exemplaria
1248 2829 1376 2854 vetusta.
1420 2824 1472 2854 De
1487 2834 1545 2855 suo
1557 2834 1647 2863 repo-

923 2880 1055 2904 suerunt
1074 2874 1206 2904 editores
1230 2885 1345 2915 quoque
1362 2876 1416 2911 uli,
1440 2875 1647 2914 impudentis-

924 2925 995 2954 simi
1011 2925 1150 2955 vivorum
1166 2925 1312 2965 bipedum
1327 2925 1542 2965 implumium.

900 2984 915 3014 I
933 2988 951 3014 5
