1926 3224
659 230 890 284 LIBER

955 235 1256 285 SEXTUS.
1606 243 1698 283 253

360 365 599 408 Perscindat
618 366 785 417 nubem,
817 367 1072 425 perfringens
1089 368 1227 422 inpete
1244 373 1369 408 recto.

364 440 488 491 Nam,
521 441 620 497 quid
640 442 766 496 possit
786 441 864 482 ibei
885 441 1018 491 flatus,
1049 441 1262 483 manifesta
1280 441 1401 482 docet
1421 455 1485 482 res

365 514 490 565 Heic,
523 515 592 555 ubi
612 515 834 563 leniorest,
865 515 909 553 in
929 513 1052 562 terra,
1083 528 1210 568 quom
1234 523 1369 556 tamen
1390 514 1470 555 alta

253 592 330 628 140
361 589 541 630 Arbusta
561 588 745 629 evolvens
765 586 970 627 radicibus
990 585 1127 626 haurit
1138 586 1198 627 ab
1219 587 1323 628 imis.

418 663 522 703 Sunt
541 661 662 701 etiam
683 660 830 701 fluctus
849 673 923 714 per
942 659 1096 709 nubila,
1128 660 1220 715 quei
1242 661 1359 715 quasi
1383 675 1569 704 murmur

332 763 335 765 -
357 735 475 777 Dant
494 734 537 773 in
557 732 790 789 frangundo
810 733 1004 790 graviter:
1035 733 1146 789 quod
1166 734 1265 774 item
1284 733 1332 775 fit
1350 735 1394 774 in
1415 735 1503 776 altis

360 807 629 858 Fluminibus,
661 822 893 864 magnoque
912 808 1032 858 mari,
1064 823 1189 863 quom
1209 807 1412 864 frangitur
1431 817 1545 850 aestu.

416 881 483 922 Fit
502 895 679 937 quoque,
710 880 780 922 ubi
801 896 823 922 e
847 881 956 922 nube
975 881 1018 921 in
1039 881 1190 922 nubem
1210 882 1269 922 vis
1289 882 1432 924 incidit
1450 883 1597 924 ardens

249 959 326 996 145
359 954 574 996 Fulminis:
604 954 711 1006 haec,
741 953 870 996 multo
891 955 922 995 si
941 954 1045 995 forte
1065 954 1237 996 humore
1254 955 1409 1011 recepit

213 1111 313 1150 Libri,
339 1122 444 1143 cursus
452 1127 462 1148 ;
496 1111 610 1153 frigide
632 1117 663 1143 et
686 1111 816 1143 insulsez
852 1122 935 1143 unus

215 1173 288 1193 vero
301 1169 405 1194 ventus
410 1177 422 1199 ;
445 1173 482 1193 ex
497 1162 599 1203 glossa
614 1162 742 1193 scilicet:
760 1163 934 1193 committas

213 1213 288 1245 ibid.
317 1224 392 1245 verr.
417 1217 489 1245 556.
513 1217 585 1245 557.
611 1214 649 1244 ἰν.
673 1217 744 1245 417.
776 1214 838 1244 Cir.
861 1218 932 1245 460.

217 1266 293 1298 Stat.
311 1267 425 1297 Achill.
447 1268 467 1297 i.
490 1269 561 1298 558.
584 1267 682 1297 Theb.
704 1277 732 1296 v.
748 1270 818 1297 468.
843 1266 934 1297 Ovid.

214 1318 301 1358 epist.
316 1319 380 1349 xiii.
397 1324 425 1350 9.
448 1324 489 1356 et,
516 1329 556 1349 ne
572 1318 662 1358 plura
686 1318 838 1349 laboriose
860 1328 933 1348 con-

214 1381 333 1413 geram,
359 1371 542 1403 Columellae
556 1372 672 1407 locum,
695 1371 788 1401 modo
803 1372 860 1401 sub
874 1382 934 1401 ver.

215 1427 286 1455 114.
309 1423 492 1464 appositum.
518 1424 655 1454 Achilles
669 1423 790 1462 Tatius,
800 1433 827 1453 ν.
848 1427 936 1454 15.—

215 1489 300 1506 xazrroe
336 1489 431 1516 τυχπν
460 1476 488 1507 δε
519 1490 551 1506 το
582 1481 753 1506 HNETMA
791 1481 933 1506 EKAAEI

218 1529 303 1568 ἧμας.
347 1528 504 1566 Lucanus,
518 1527 558 1558 ix.
575 1530 645 1559 799.

469 1615 519 1633 nec
530 1612 619 1633 tantos
629 1607 732 1633 carbasa
744 1608 822 1632 Caura

278 1657 430 1682 Curvavere
440 1657 579 1682 sinus—.

257 1731 342 1763 Ibid.

349 1805 459 1830 crebram
468 1805 572 1838 sylvam
581 1811 654 1838 quom
662 1805 772 1836 flamina
784 1805 859 1830 Cauri

216 1853 337 1885 Perssant,
348 1853 411 1879 dant
421 1853 528 1878 sonitum
532 1853 655 1885 frundes,
664 1853 934 1885 rameiquesragorem.

217 1929 299 1959 Haec
320 1928 464 1959 videntur
485 1929 572 1959 nobis
598 1939 635 1959 ex
651 1927 811 1959 Homerefi
826 1927 935 1958 simili-

215 1978 324 2010 tudine
338 1978 511 2018 profecisse,
527 1978 566 2008 ad
583 1978 622 2009 11.
640 1984 680 2009 n.
697 1980 767 2009 765.

251 2068 301 2097 Ὠς
315 2067 337 2094 δ’
349 2070 422 2103 Ευρος
434 2077 461 2093 τε
474 2070 549 2095 Noa-03
563 2066 585 2093 't'
599 2067 736 2102 εριδωινετον
749 2067 878 2096 αλληλοιϊν

255 2118 338 2151 Ουρεος
352 2124 372 2141 εν
385 2117 489 2150 ,Gna-ryg,
503 2114 589 2146 βαθεκν
603 2115 759 2148 massageta-ev
773 2114 838 2144 ὑλκν,

256 2165 340 2196 Φῆγον
353 2173 388 2194 τε,
402 2169 487 2198 pavum
501 2173 536 2194 τε,
550 2169 689 2197 τινυφλοιιν
703 2173 730 2190 τε
742 2168 866 2199 κρανειαιν·

256 2210 317 2237 Ain
328 2221 384 2246 προς
398 2215 515 2240 αλληλοις
529 2208 616 2237 §Calor
630 2220 768 2240 τανυηκεοις
780 2210 837 2241 οζες

255 2259 318 2293 Ηχῃ
332 2258 461 2293 Emeum,
474 2268 594 2289 παταγος
608 2258 632 2283 δε
646 2266 672 2282 τε
685 2266 850 2291 αγνυμεναων.

216 2337 261 2368 Et
281 2337 362 2366 hanc
382 2342 586 2376 cognatarum
607 2334 781 2366 dictionum
806 2335 934 2366 societa-

214 2394 291 2426 tem,
302 2389 440 2428 flamina
459 2389 602 2428 perflant,
628 2387 765 2417 Lucretii
789 2387 934 2426 simplici-

216 2445 274 2478 tas,
303 2445 340 2470 ut
367 2439 441 2469 alibi
469 2439 662 2477 monuimus,
697 2439 783 2470 haud
810 2439 938 2480 refugit,

216 2497 356 2522 auctores
373 2492 497 2522 Graecos
511 2491 617 2522 secuti.
651 2491 697 2521 Sit
713 2491 936 2530 Aristophanes

214 2542 366 2582 exemplo,
383 2542 416 2572 in
433 2542 516 2573 Nub.
534 2546 623 2574 1069.

254 2627 292 2654 κδ’
312 2628 368 2656 ἡδυς
389 2637 410 2654 εν
423 2638 472 2656 τοις
491 2637 623 2663 στρωμασι
637 2638 680 2657 την
699 2628 824 2653 ΝΥΚΤΑ
844 2628 934 2653 HAN-

351 2686 530 2710 NYXIZEIN'

217 2768 254 2794 ut
267 2763 452 2794 Eustathius
474 2770 614 2794 accurate
635 2764 709 2795 citat
731 2764 770 2794 ad
801 2764 838 2795 Il.
858 2770 890 2796 Σ.
906 2776 934 2804 p.

220 2816 311 2844 1206.
326 2814 379 2844 im.
395 2814 442 2845 ed.
459 2815 528 2845 Bas.
545 2816 611 2845 sine
625 2815 680 2846 illo
695 2815 858 2855 opprobrio
873 2816 936 2845 edi-

217 2868 332 2903 torum,
357 2880 368 2896 ν
393 2868 594 2907 paragogic03
617 2868 650 2897 in
664 2868 722 2897 hac
747 2867 855 2897 saltem
879 2878 936 2897 cae-

214 2914 287 2946 sura
314 2915 407 2958 longe
430 2918 632 2949 odiosissimo.
676 2918 827 2950 Brunckii
852 2918 936 2958 judi-

977 1110 1061 1142 cium
1077 1111 1172 1141 miror
1187 1110 1393 1152 demirorque,
1417 1112 1460 1143 sic
1475 1123 1527 1144 vas
1546 1114 1702 1146 sincerum

977 1164 1111 1194 studiose
1142 1164 1349 1194 incrustantis.
1396 1165 1516 1195 Pariter
1533 1166 1703 1204 Homerus,

977 1215 1015 1245 ad
1034 1215 1072 1246 Il.
1089 1222 1127 1246 Φ.
1142 1218 1214 1246 440.
1236 1221 1267 1246 et
1282 1215 1372 1246 alibi:

1144 1299 1231 1329 ἕλικας
1246 1301 1338 1327 ΒΟΥΣ
1358 1301 1538 1327 ΒΟΥΚΟΛΕΕ
1543 1302 1562 1328 Σ
1567 1304 1610 1327 KE
1615 1302 1643 1327 Σ.

1021 1375 1096 1406 Ver.
1116 1377 1183 1406 135.
1206 1377 1300 1406 dant:
1327 1378 1472 1413 A.-clam‚·
1497 1378 1583 1406 abest
1597 1377 1638 1406 V.
1655 1375 1702 1407 ed.

979 1435 1046 1456 vox.
1091 1425 1221 1465 Nempe,
1248 1431 1284 1456 ut
1307 1428 1328 1456 d
1355 1426 1446 1456 facile
1470 1426 1645 1457 dissolvitur
1669 1427 1704 1456 in

978 1480 1017 1514 cl,
1040 1477 1083 1508 ita
1096 1478 1129 1507 in
1143 1489 1173 1508 m
1190 1488 1228 1508 ex
1247 1484 1281 1508 nt
1303 1478 1376 1508 satis
1398 1483 1444 1508 est
1458 1478 1600 1517 proclivis
1615 1479 1702 1509 aber-

979 1529 1066 1560 rati0.

1022 1580 1102 1611 Ibid.
1135 1583 1266 1612 sonitum
1288 1581 1518 1621 fragoremque.
1565 1581 1639 1611 Hoc
1670 1591 1704 1611 re

979 1632 1051 1663 vera
1064 1633 1178 1663 dicitur
1192 1644 1246 1673 per
1260 1633 1456 1673 hendyaden,
1479 1639 1510 1662 et
1524 1633 1567 1662 ita
1582 1632 1706 1671 proprie

979 1683 1193 1723 accipiendum
1205 1690 1262 1714 est:
1285 1688 1306 1703 “
1324 1685 1464 1714 Frondes
1476 1683 1616 1723 ramique
1631 1683 1708 1714 dant

980 1738 1003 1753 “
1018 1735 1155 1765 sonitum
1176 1735 1347 1775 fragoris:'’
1383 1735 1402 1765 i.
1418 1746 1443 1765 e.
1473 1734 1621 1772 sonitum,
1651 1734 1707 1774 qui

978 1796 1016 1816 ex
1047 1786 1109 1816 illis
1122 1786 1302 1826 frangendis
1318 1786 1359 1816 fit.
1394 1787 1602 1824 Mantuanus,
1631 1786 1707 1816 AEn.

978 1837 1028 1868 vii.
1043 1840 1116 1869 677.
1138 1838 1322 1868 commodus
1337 1837 1493 1867 adveniet:

1170 1917 1271 1943 magno
1281 1910 1383 1935 cedunt
1399 1910 1518 1942 virgulta
1527 1910 1644 1941 fragore.

1021 1974 1093 2005 Ver.
1110 1978 1180 2005 1:36.
1203 1976 1318 2006 incita:
1346 1980 1391 2005 Ω..
1411 1976 1504 2005 insita
1511 1989 1522 2010 ,·
1546 1973 1664 2003 vitiose.

1020 2034 1095 2065 Ver.
1112 2036 1182 2064 1:37.
1203 2034 1418 2074 perfrirzgens5
1450 2034 1486 2063 L.
1512 2034 1705 2074 perfingenn

982 2088 1020 2118 0.
1052 2090 1269 2127 perstringens.
1335 2088 1388 2125 Et,
1422 2097 1480 2126 pro
1512 2090 1706 2124 Perscz'ndat,

980 2139 1176 2169 scribendum
1194 2146 1270 2178 puto
1286 2141 1489 2170 Proscindat:
1510 2138 1578 2168 vide
1593 2138 1633 2168 ad
1648 2149 1708 2169 ver.

983 2193 1051 2219 128.

1023 2239 1096 2270 Ver.
1129 2243 1196 2270 158.
1233 2243 1322 2280 quid:
1368 2240 1407 2270 Ο.
1440 2246 1484 2270 Ω.
1514 2242 1706 2280 quel—docet

978 2301 1040 2320 res.-
1067 2290 1163 2320 Vind.
1179 2291 1219 2321 V.
1234 2291 1282 2321 ed.
1298 2291 1335 2321 L.
1354 2296 1389 2321 Δ.
1411 2297 1451 2321 Π.
1473 2293 1601 2321 doceres.

1021 2351 1095 2381 Ver.
1113 2354 1182 2382 159.
1204 2353 1317 2382 lenior:
1344 2351 1440 2381 Vind.
1464 2351 1504 2381 V.
1532 2351 1579 2382 ed.
1606 2353 1708 2382 levior.

979 2402 1102 2434 —terrd
1113 2417 1123 2433 .·
1150 2403 1190 2433 V.
1206 2403 1252 2433 ed.
1270 2403 1362 2435 certa.
1408 2403 1579 2440 Nimirum,
1601 2410 1615 2434 t
1629 2403 1663 2433 in
1678 2414 1706 2440 c,

980 2461 1015 2486 ut
1029 2455 1152 2494 passim,
1176 2455 1306 2492 mutata,
1334 2455 1438 2485 statim
1466 2454 1548 2486 cerui
1571 2465 1609 2485 ex
1629 2453 1707 2486 tend

978 2507 1094 2537 factum
1111 2513 1157 2536 est
1171 2507 1304 2537 librario.

1021 2558 1095 2588 Ver.
1116 2561 1184 2588 140.
1206 2560 1335 2589 evolvens
1345 2572 1354 2588 .·
1381 2558 1421 2587 V.
1439 2557 1486 2587 ed.
1503 2558 1550 2587 M.
1574 2559 1707 2592 volvens;

977 2609 1031 2649 qui
1056 2608 1236 2638 referendus
1261 2614 1307 2638 est
1329 2618 1414 2638 error
1429 2607 1477 2637 vel
1495 2607 1534 2637 ad
1559 2607 1709 2637 indivisas

977 2671 1077 2698 voces,
1100 2660 1147 2690 vel
1169 2660 1209 2690 ad
1233 2661 1418 2699 scripturam
1434 2658 1707 2698 compendiariam,

978 2711 1110 2752 qualiter
1138 2711 1170 2740 in
1201 2711 1298 2741 vind.
1329 2711 1503 2740 etiamnum
1536 2714 1707 2747 comparet,

983 2764 1111 2794 Arbuste
1118 2764 1229 2793 volvens
1238 2778 1249 2798 ,·
1272 2762 1316 2792 sic
1331 2767 1436 2791 autem
1452 2759 1558 2800 paullo
1573 2760 1662 2789 aliter
1675 2759 1710 2789 in

982 2822 1025 2845 Ω.
1050 2816 1179 2844 Arbuste
1215 2815 1345 2844 volvens:
1385 2812 1530 2852 primitus
1565 2811 1707 2848 fortasse,

980 2868 1093 2897 Arbust
1120 2855 1380 2896 et=0caffl.—Jam
1406 2874 1477 2894 vero
1495 2863 1625 2903 hujusce
1640 2871 1707 2892 ver-

980 2917 1032 2948 sus
1046 2917 1185 2948 oratione
1200 2915 1281 2948 nihil
1295 2915 1372 2957 fingi
1387 2920 1491 2956 potest
1507 2913 1660 2956 signatius
1671 2916 1709 2943 ‚et
