1926 3224
310 262 404 304 :346

812 250 872 298 T.
926 246 1308 296 LUCRETII

458 384 671 428 claudicat
689 394 742 422 ex
760 379 914 436 templo
932 393 1162 434 pennarum
1181 378 1306 420 nixus
1323 376 1472 428 inanis,

343 464 424 501 835
457 459 513 500 Et
533 469 732 499 conamen
754 454 960 509 utrimque
980 452 1136 494 alarum
1155 452 1345 507 proditur
1362 466 1500 493 omne.

457 532 582 580 Heio,
604 530 675 571 ubi
695 528 842 570 nictari
865 535 1091 583 nequeunt,
1113 527 1377 582 insistereque
1397 525 1485 576 alis,

459 605 621 647 Scilicet
640 603 684 643 in
704 612 858 644 terram
877 601 1011 642 delabi
1031 600 1215 656 pondere
1234 600 1345 657 cogit

457 679 638 727 Natura;
671 684 726 727 et,
749 690 924 717 vacuum
943 689 1074 730 prope
1086 675 1172 730 jam
1194 688 1268 729 per
1287 674 1411 715 inane
1422 673 1620 729 jacentes,

457 753 719 808 Dispargunt
738 751 895 792 animas
914 764 989 804 per
1009 749 1142 790 caulas
1162 749 1346 804 corporis
1366 748 1536 790 omneis.

346 833 428 868 840

518 826 727 883 Frigidior
745 839 873 880 porro
893 825 936 866 in
956 824 1088 879 puteis
1108 831 1249 865 aestate
1269 824 1316 866 fit
1335 825 1502 876 humor,

460 899 647 942 Rarescit
667 899 764 955 quia
783 906 893 939 terra
912 897 1061 948 calore,
1083 906 1123 939 et
1143 899 1298 940 semina
1318 899 1350 940 si
1371 914 1452 955 qua

461 974 586 1016 Forte
606 972 768 1027 vaporis
787 971 926 1021 habet,
958 986 1134 1026 propere
1153 972 1322 1013 dimittit
1341 973 1384 1013 in
1405 986 1539 1014 auras:

459 1047 560 1097 Quo
580 1047 712 1104 magis
732 1053 792 1088 est
811 1045 938 1103 igitur
958 1045 1072 1087 tellus
1093 1046 1221 1087 ecfeta
1240 1046 1390 1095 calore,

364 1214 549 1224 ———
559 1201 666 1233 paribus
676 1201 759 1225 nitens
769 1200 905 1233 Cyllenius
914 1199 971 1223 alis.

319 1271 598 1309 Quemadmodum
614 1277 646 1301 et
662 1270 825 1305 Horatius,
845 1268 894 1299 od.
911 1268 949 1298 iv.
966 1271 994 1299 2.
1010 1270 1043 1298 3.

513 1351 608 1376 ceratis
619 1357 670 1381 ope
682 1349 821 1378 Daedalei,

411 1391 509 1416 Nititur
519 1389 679 1421 pennis—.

320 1463 384 1494 Ubi
395 1466 623 1493 commentator
637 1460 839 1501 Cruquianus
854 1460 982 1500 exponit
992 1470 1047 1500 per

318 1515 478 1550 innititur,
489 1518 694 1548 sustentatum
711 1512 854 1543 crassius:
874 1513 949 1548 imo,
963 1515 985 1531 “
998 1523 1047 1543 co—

320 1568 342 1584 “
353 1571 450 1596 natur
464 1574 497 1594 se
512 1563 724 1603 promovere.'’

362 1627 436 1656 Ver.
454 1628 524 1656 835.
535 1627 697 1665 proditur.-
716 1624 754 1655 P.
769 1626 924 1664 perditum·
946 1623 1047 1653 multo

319 1678 426 1708 minus
442 1676 607 1717 eleganter,
630 1681 663 1705 et
684 1685 788 1705 errore
809 1685 959 1716 perquam
974 1673 1047 1704 scri-

319 1729 368 1759 bis
383 1728 482 1759 obvio.

363 1789 438 1818 Ver.
462 1791 533 1817 856.
558 1788 693 1817 nictari:
718 1785 823 1826 vulgo,
849 1787 970 1822 nitar-1}
994 1795 1049 1824 per

321 1838 557 1879 frigidissimam
574 1844 783 1876 ταυτολογιαν,
798 1847 868 1877 quae
884 1836 1048 1866 mirificam

320 1889 472 1920 sermonis
494 1894 722 1928 paupertatem,
749 1888 895 1918 Lucretio
917 1888 1049 1918 minime

321 1942 463 1983 dignam,
493 1940 588 1979 sapit3
621 1946 715 1980 atque
744 1940 838 1970 etiam
868 1940 1050 1980 longissime

321 1992 462 2023 lectionis
487 1991 569 2021 infra
591 1997 704 2020 nostrae
726 1997 934 2029 venustatem,
958 1991 1050 2021 Festo

322 2043 355 2074 in
371 2053 445 2073 voce
456 2048 654 2077 conservatae,
671 2041 860 2071 versiculum
875 2051 980 2071 coram
996 2051 1050 2080 po-

322 2096 418 2127 situm
441 2094 596 2132 laudanti,
617 2099 648 2123 et
669 2094 850 2132 exponenti:
879 2096 901 2112 “
919 2095 1050 2124 M'ctare

324 2151 346 2166 “
363 2153 394 2177 et
408 2146 572 2178 oculorum
587 2152 618 2175 et
632 2147 765 2175 aliorum
785 2145 986 2176 membrorum
1003 2144 1051 2174 ni-

323 2202 346 2217 “
364 2210 401 2229 su
427 2208 508 2237 saepe
532 2196 652 2238 aliquid
671 2196 808 2227 conari.”
841 2196 965 2232 Quibus
987 2206 1051 2226 non

323 2251 473 2291 potuisset
495 2250 635 2281 doctiora
660 2249 742 2285 dare,
768 2255 799 2280 et
822 2250 954 2280 veriora:
981 2248 1054 2279 vide

323 2315 381 2335 nos
395 2304 540 2344 superius
553 2304 593 2334 de
611 2305 669 2334 hac
692 2303 759 2344 ipsa
782 2303 919 2334 dictione
940 2303 1051 2343 ampli-

324 2362 421 2392 antes,
445 2356 484 2387 ad
513 2366 574 2386 ver.
607 2358 676 2385 181.
723 2354 909 2386 Bentleiana
937 2354 1053 2385 Catulli

323 2407 543 2438 emendatione
558 2407 634 2448 quid
649 2407 772 2444 certius,
789 2413 846 2437 aut
855 2407 1053 2447 sagacissimo

324 2459 390 2489 viro
404 2458 550 2500 dignius?
575 2468 669 2489 carm.
686 2457 759 2488 lxvi.
777 2462 828 2490 53.

489 2549 618 2580 inpellens
629 2548 782 2573 nictantibus
793 2548 855 2573 acra
863 2548 995 2581 pennis-.

324 2620 425 2659 Libri,
441 2622 632 2652 nutantibus.
664 2620 806 2651 Vocibus
820 2620 980 2661 exquisitis
993 2620 1052 2649 hoc

325 2682 427 2712 genus
441 2671 651 2702 infensissima
672 2678 719 2702 est
742 2671 939 2702 librariorum
959 2671 1053 2702 natio.

326 2724 430 2753 Miror
458 2729 566 2754 tamen
596 2734 758 2754 summum
788 2724 946 2762 criticum,
967 2734 1052 2754 com·

327 2774 504 2805 mittentem
521 2775 671 2806 vocabula
688 2778 774 2806 nisus
789 2781 821 2806 et
835 2777 948 2812 nitens,
975 2774 1054 2805 nihil

325 2825 459 2854 omnino
474 2825 514 2856 ad
528 2825 595 2867 ejus
617 2827 812 2866 propositum
835 2826 989 2857 facientia.
1014 2826 1053 2856 V.

324 2873 375 2905 cd.
391 2875 430 2905 B.
446 2877 562 2913 rixare}
588 2877 725 2910 volentes
738 2877 825 2910 haud
838 2877 934 2909 dubie
949 2883 1054 2909 tamen

327 2936 442 2957 nexare.

1131 1201 1206 1231 Ver.
1223 1204 1294 1232 837.
1316 1207 1444 1232 terram:
1462 1200 1502 1232 P.
1522 1200 1560 1232 V.
1576 1200 1623 1232 ed.
1637 1201 1739 1240 terris,-
1755 1212 1815 1234 un·

1088 1252 1127 1283 de
1143 1253 1222 1283 sorte
1237 1263 1290 1289 an,
1308 1260 1414 1284 terras.

1132 1312 1206 1343 Ver.
1225 1316 1296 1343 858.
1311 1324 1440 1344 vacuum
1452 1325 1558 1354 prope:
1577 1314 1596 1344 i.
1613 1324 1638 1345 e.
1656 1317 1679 1334 “
1690 1321 1816 1346 tantum

1089 1366 1113 1382 “
1129 1373 1192 1394 non
1219 1373 1353 1394 vacuum
1378 1364 1487 1402 a'e‘re;”
1524 1371 1561 1395 ut
1589 1365 1685 1396 modo
1710 1376 1816 1406 supra,

1087 1425 1148 1445 ver.
1161 1415 1421 1454 832.—jacentes.·
1437 1416 1555 1452 malim,
1567 1419 1708 1449 cadentes
1712 1433 1724 1455 ,-
1740 1427 1815 1448 nam

1090 1467 1140 1497 hae
1155 1477 1243 1497 voces
1256 1467 1410 1498 confundi
1425 1468 1543 1498 solent:
1570 1468 1640 1499 vide
1654 1479 1716 1500 var.
1729 1468 1817 1500 lectt.

1090 1519 1130 1549 ad
1146 1518 1237 1550 Ovid.
1254 1526 1327 1549 met.
1343 1520 1396 1550 xii.
1412 1523 1464 1551 20.
1502 1520 1590 1550 Alibi
1616 1526 1722 1552 tamen
1747 1531 1816 1552 mo-

1090 1573 1227 1609 nuimus,
1249 1573 1357 1603 omnia
1374 1572 1534 1610 vocabula,
1551 1573 1704 1613 posituras
1717 1574 1820 1606 diver-

1090 1635 1137 1655 sas
1157 1635 1321 1664 corporum
1346 1624 1526 1660 indicantia,
1549 1634 1606 1663 pro
1627 1626 1721 1656 verbo
1742 1627 1815 1657 sub-

1090 1677 1224 1707 stantivo
1255 1677 1438 1716 saepiuscule
1473 1677 1694 1708 tantummodo
1725 1677 1815 1717 poni:

1091 1728 1177 1759 unde
1182 1729 1322 1770 jacentes
1336 1728 1387 1759 hic
1402 1728 1525 1766 valebit,
1556 1731 1578 1747 ‘⁴
1593 1729 1647 1769 qui
1662 1735 1736 1759 sunt
1749 1729 1818 1760 lan-

1093 1784 1114 1799 “
1132 1780 1234 1821 guidi,
1249 1786 1279 1810 et
1291 1780 1435 1811 omnium
1446 1780 1558 1810 virium
1569 1780 1738 1820 expertes.”
1761 1780 1817 1812 Li-

1092 1831 1139 1862 bri
1157 1831 1236 1861 nihil
1251 1831 1378 1862 variant.

1137 1891 1209 1921 Ver.
1233 1894 1304 1923 839.
1326 1892 1524 1931 Dispargune
1546 1893 1676 1922 animas.
1698 1890 1820 1933 Exqui-

1093 1943 1272 1973 sitissimam
1288 1942 1480 1973 locutionem
1495 1942 1662 1983 diligenter
1675 1941 1819 1973 animad-

1094 1996 1230 2025 vertebat
1251 1995 1356 2032 Maro,
1372 1993 1412 2023 ad
1429 1995 1502 2024 AEn.
1519 1994 1558 2024 xi.
1574 1997 1647 2025 617.

1125 2094 1494 2102 ——-—.
1507 2082 1640 2105 Excussus
1649 2080 1818 2105 Aconteus-

1125 2121 1277 2153 Praecipitat
1291 2121 1380 2152 longe,
1391 2123 1419 2145 et
1431 2119 1518 2144 vitam
1529 2119 1651 2152 dispargit
1661 2119 1688 2143 in
1700 2126 1786 2145 auras.

1136 2197 1211 2227 Ver.
1229 2201 1299 2228 840.
1317 2200 1496 2238 Frigidior:
1515 2196 1612 2227 Vind.
1629 2197 1668 2232 Q.
1686 2196 1821 2238 Cur-fri.

1093 2250 1206 2287 gidior,
1232 2251 1394 2288 Frigidior
1408 2260 1515 2289 quar&
1539 2247 1717 2279 commixtis
1728 2247 1822 2278 titulo

1096 2302 1347 2343 versuque—fit:
1367 2300 1463 2331 Vind.
1481 2306 1515 2331 Δ.
1530 2302 1570 2331 sit
1575 2315 1586 2336 ,-
1603 2305 1633 2329 et
1647 2298 1681 2328 in
1696 2298 1755 2330 hoc
1769 2308 1821 2330 co-

1097 2351 1164 2381 dice
1179 2362 1285 2382 versus
1299 2352 1419 2393 integer
1433 2351 1477 2383 sic
1486 2357 1659 2394 comparet:

1159 2437 1244 2469 Quare
1255 2435 1376 2468 frigidior
1388 2438 1474 2469 puteis
1485 2440 1581 2463 aestate
1590 2437 1623 2462 si!
1633 2437 1743 2462 humor.

1096 2509 1172 2540 Non
1187 2519 1310 2549 prorsus
1325 2509 1414 2545 male,
1437 2509 1463 2539 si
1479 2514 1586 2539 notam
1608 2508 1820 2550 interrogandi

1095 2572 1193 2601 ponas
1205 2574 1214 2599 ;
1232 2561 1284 2592 sed
1300 2561 1407 2592 indole
1422 2562 1567 2600 phraseos
1581 2561 1688 2592 minus
1701 2561 1819 2592 Lucre-

1096 2612 1197 2650 tian53
1221 2613 1280 2643 nisi
1307 2612 1464 2653 singulare
1485 2612 1667 2652 exemplum
1688 2612 1822 2651 excipias

1096 2664 1187 2701 infra,
1212 2674 1273 2695 ver.
1290 2667 1345 2695 861
1354 2663 1575 2700 .—Caeterum,
1598 2673 1668 2693 vera
1689 2662 1822 2702 hujusce

1099 2715 1228 2746 effectus
1243 2725 1350 2745 caussa
1364 2715 1488 2754 pendet,
1510 2720 1546 2744 ut
1568 2720 1680 2744 notum
1700 2719 1757 2751 est,
1780 2723 1819 2743 ex

1097 2767 1217 2798 diversa
1231 2766 1452 2798 tantummodo
1473 2765 1592 2797 externi
1607 2764 1685 2795 aeris
1701 2771 1820 2804 tempe-

1097 2818 1152 2848 rie.
1198 2818 1322 2849 Servius
1335 2819 1462 2857 insuper
1475 2816 1599 2856 respicit
1615 2817 1700 2847 hunc
1714 2815 1820 2847 locum

1097 2870 1235 2901 Lucretii
1252 2870 1292 2901 ad
1308 2870 1396 2910 Virg.
1411 2879 1478 2910 geo.
1493 2868 1532 2899 iv.
1549 2872 1601 2900 51.

1141 2930 1216 2961 Ver.
1233 2933 1303 2961 841.
1327 2930 1484 2962 Rarescit:
1503 2928 1540 2960 P.
1556 2928 1594 2959 Β.
1611 2927 1659 2960 Μ.
1671 2931 1708 2959 Δ.
1723 2931 1759 2961 Σ.
1774 2932 1820 2958 Ω..
