1926 3224
287 201 378 243 198

769 199 828 247 Τ.
886 196 1259 247 LUCRETII

427 326 512 377 An,
534 327 726 368 divinitus
745 326 898 367 aeternfi
919 327 1071 367 donata
1090 326 1231 376 salute,

289 402 395 440 1215
427 400 631 454 Perpetuo
650 399 806 453 possint
825 400 902 439 aevi
921 399 1097 440 labentia
1115 406 1264 455 tractu,

425 472 606 514 Inmensi
627 472 777 514 validas
797 474 874 513 aevi
894 481 1157 514 contemnere
1177 473 1308 513 vireis.

484 545 702 596 Praeterea,
725 547 821 602 quoi
840 561 926 587 non
944 546 1103 587 animus
1122 545 1340 586 formidine
1360 546 1503 587 divom

429 618 720 660 Contrahitur?
751 620 848 675 quoi
867 635 953 661 non
972 628 1201 675 conrepunt
1220 620 1404 661 membra
1422 635 1589 675 pavore,

429 692 628 734 Fulminis
647 693 830 734 horribili
852 708 976 748 quom
996 692 1114 749 plaga
1134 693 1289 734 torrida
1308 693 1420 734 tellus

291 769 397 806 1220
430 766 675 816 Contremit‚
697 775 737 807 et
756 782 951 823 magnum
971 776 1215 822 percurrunt
1234 782 1445 808 murmura
1464 768 1634 809 coelum?

283 921 355 956 cici‚·
379 919 425 949 uti
441 919 626 959 conspicitur
641 920 674 950 in
691 921 727 952 P.
742 928 773 952 et
789 929 829 953 Π.
848 933 918 963 quae
931 932 1000 960 vox,

285 970 311 1000 si
327 970 426 1010 primo
443 972 559 1001 intuitu
579 972 700 1011 planior
714 973 840 1004 fortasse
854 975 1000 1011 videatur,

285 1028 488 1052 correctorem
530 1024 783 1062 resipit.-—lmnc.·
825 1026 871 1056 M.
909 1028 997 1061 hinc,-

284 1072 368 1112 quod
381 1073 455 1103 satis
469 1073 623 1110 refellerit,
647 1081 682 1105 ut
697 1075 790 1105 etiam
809 1074 940 1106 insulsas
954 1076 1001 1106 di-

284 1123 456 1154 vinationes
471 1125 572 1160 Fabri,
588 1125 671 1154 haud
687 1125 806 1165 dignas,
817 1136 884 1166 quae
895 1136 999 1156 recen-

285 1180 423 1213 seantur,
446 1175 578 1205 imitatio
602 1175 785 1215 Virgiliana,
814 1176 854 1206 ad
876 1187 942 1216 geo.
969 1177 1000 1206 ii.

284 1225 356 1254 345.

314 1297 368 1322 Nec
380 1303 419 1323 res
433 1297 498 1322 hunc
508 1300 610 1323 tenerae
618 1301 716 1330 possent
723 1298 833 1330 perferre
841 1298 988 1323 laborem—.

327 1368 408 1398 Ibid.
431 1370 475 1399 Et
489 1371 585 1399 taciti.
629 1369 726 1408 Lege,
743 1370 871 1399 Soliciei:
896 1369 965 1399 vide
979 1369 999 1399 i.

281 1423 353 1450 344.
368 1420 408 1450 vi.
430 1423 517 1450 1036.
780 1420 1000 1451 Bes-nnus

282 1479 368 1509 Mihi
383 1480 493 1508 charus
508 1484 552 1508 est
568 1478 738 1511 Bentleius.
764 1479 818 1509 sed
841 1480 874 1509 in
898 1480 952 1510 tali
967 1491 1000 1510 re

282 1529 434 1559 chariores
449 1528 518 1558 libri
534 1529 645 1559 vetusti
659 1531 894 1562 consentientes.

326 1580 402 1609 Ver.
421 1582 513 1609 1215.
537 1579 628 1609 Idem
656 1590 760 1610 versus
785 1580 900 1621 legitur
922 1581 955 1611 in
981 1581 1001 1612 i.

283 1634 374 1662 1005.
397 1637 437 1667 et,
454 1631 507 1671 qui
523 1631 627 1661 statim
641 1633 790 1672 sequitur,
807 1633 946 1672 superius
967 1633 1000 1662 in

281 1681 339 1711 hoc
361 1680 451 1719 libro,
480 1692 542 1712 ver.
555 1685 628 1712 380.
666 1683 776 1714 Minus
800 1684 900 1722 placet
924 1683 1001 1714 illud

280 1734 339 1763 (τοί
352 1732 531 1771 repetitum3
553 1738 583 1762 et
598 1733 726 1763 forsitan
744 1743 828 1763 error
843 1734 944 1764 lateat.

324 1783 399 1813 Ver.
416 1787 507 1814 1216.
521 1786 639 1814 validas
653 1787 726 1815 aevi:
747 1785 786 1815 Ο.
803 1791 833 1814 et
849 1790 882 1816 Σ.
898 1787 1001 1816 valida

282 1836 361 1865 soevi.

325 1885 398 1915 Ver.
416 1888 508 1916 1217.
532 1897 592 1916 non
607 1888 741 1917 animus:
760 1887 856 1917 Vind.
868 1890 999 1918 nonani-

280 1938 354 1972 mis5
381 1937 421 1966 V.
434 1936 482 1967 ed.
501 1942 535 1967 Σ.
552 1949 626 1968 nova
642 1940 752 1968 nimis.-
771 1939 931 1977 nimirum,
947 1950 999 1970 vo-

280 1987 368 2017 cibus
382 1987 477 2017 semel
491 1987 651 2023 distractis,
675 1988 818 2019 librarius
838 2000 875 2019 ex
890 1993 1003 2028 nimus,

280 2039 417 2070 dictione
432 2040 533 2077 nihili,
548 2040 621 2070 fecit
636 2042 736 2071 nimis.

324 2091 405 2122 Ibid.
428 2092 516 2122 Huic
537 2101 722 2132 argumento
739 2094 875 2125 Lucretii
896 2095 1000 2126 lucem

280 2142 391 2172 inferet
407 2143 546 2173 Petronii
561 2143 787 2184 fragmentum:

309 2223 410 2248 Primus
421 2224 447 2248 in
460 2225 524 2249 orbe
536 2224 598 2249 deos
610 2224 675 2249 fecit
686 2225 783 2249 timor:
801 2225 902 2251 horrida
914 2227 984 2252 coelo

309 2263 431 2288 Fulmina
453 2271 537 2295 quum
559 2265 695 2295 caderent,
717 2265 884 2297 discussaque
899 2268 1001 2292 mcenia

404 2303 529 2333 flammis,

308 2343 397 2373 Atque
408 2343 465 2367 ictu
478 2342 601 2375 flagraret
611 2344 705 2370 Athos.

280 2413 419 2443 Horrida
435 2413 562 2452 scilicet,
585 2418 605 2433 “
621 2415 780 2445 horrorem
795 2417 942 2447 membris
957 2417 1000 2448 ita

280 2466 303 2482 “
318 2464 509 2502 incutientia,
526 2472 562 2496 ut
571 2476 728 2506 correpere
738 2468 933 2499 videantur.”
948 2469 999 2500 Sic

279 2522 382 2546 noster
397 2518 500 2547 statim
518 2527 676 2560 ypoepusz:

617 2596 751 2624 conrepunt
759 2594 880 2618 membra
885 2597 996 2626 pavore,

307 2627 428 2652 Fulminis
440 2628 558 2653 horribili
569 2636 651 2661 quom
662 2630 781 2663 plag5-.

280 2693 329 2724 Sic
358 2697 442 2727 enim
480 2697 662 2738 legendum:

276 2747 299 2763 “
316 2746 422 2776 coel0.'‘

861 2704 880 2719 ‘⁴
895 2703 996 2732 ardua

711 2700 819 2741 vulgo,

318 2804 392 2834 Ver.
424 2809 512 2838 1218.
539 2811 748 2842 Contralzilur:
774 2811 793 2841 i.
819 2822 844 2842 c.
875 2825 995 2845 πτπσσει

277 2867 326 2886 και
341 2863 517 2888 nurerum-ou·
539 2860 585 2890 uti
601 2861 700 2892 solent
714 2863 861 2893 animalia
875 2873 908 2894 se
922 2864 994 2894 sub-

1044 923 1166 953 mittere
1193 928 1285 963 atque
1307 923 1341 952 in
1355 923 1490 961 spatium
1504 923 1671 953 minimum
1685 934 1759 954 con-

1044 974 1167 1012 ducere,
1184 981 1220 1004 ut
1234 975 1338 1004 oculos
1352 975 1514 1014 effugiant,
1529 975 1576 1004 vel
1595 975 1692 1005 ictum
1702 977 1763 1006 evi-

1044 1031 1109 1055 tent
1124 1025 1361 1055 interminantis.
1398 1024 1485 1053 Nihil
1497 1024 1680 1063 evidentius,
1692 1025 1761 1055 feli-

1044 1076 1121 1113 cius,
1138 1082 1168 1106 et
1182 1076 1319 1112 electius,
1331 1076 1443 1104 horum
1455 1085 1600 1105 versuum
1611 1086 1761 1106 sermone.

1047 1127 1096 1156 Sic
1112 1126 1246 1156 eundem
1261 1136 1386 1164 prorsus
1397 1136 1522 1156 sensum
1533 1126 1626 1157 Maro
1636 1127 1762 1158 uberius

1045 1177 1219 1215 declaravit,
1235 1177 1275 1206 ad
1289 1187 1356 1217 geo.
1372 1177 1390 1207 i.
1401 1181 1473 1208 551.

1350 1269 1442 1278 —
1451 1258 1574 1282 mortalia
1584 1259 1664 1283 corda

1105 1298 1151 1320 Per
1163 1299 1254 1328 gent&
1264 1295 1363 1320 humilis
1374 1296 1472 1320 stravit
1477 1302 1605 1328 pavor-.

1088 1366 1167 1397 Ibid.
1182 1373 1347 1406 conrepunt
1360 1378 1488 1407 pavore:
1507 1369 1632 1398 horrore
1646 1368 1761 1400 scilicet

1043 1419 1278 1456 superveniente
1293 1420 1441 1455 membra,
1457 1424 1548 1459 atque
1560 1426 1760 1459 perreptante.

1044 1468 1215 1506 Arnobius,
1238 1468 1289 1498 lib.
1305 1479 1331 1498 v.
1355 1479 1383 1507 p.
1401 1472 1536 1499 162.—“
1551 1469 1591 1499 ad
1606 1469 1688 1500 furta
1708 1470 1763 1501 illa

1044 1521 1067 1536 ‘⁶
1082 1517 1234 1558 flagitiosa
1247 1530 1404 1558 correpens
1415 1519 1489 1557 ibat,
1501 1531 1612 1559 pavens
1622 1530 1658 1550 ac
1669 1521 1761 1560 trepi-

1045 1571 1068 1587 “
1083 1568 1212 1600 dus—.”
1258 1570 1301 1600 Et
1322 1570 1495 1600 Lambinus
1516 1571 1644 1609 pulchre
1669 1571 1758 1602 dicit:

1045 1622 1066 1638 “
1085 1620 1224 1650 Tralatio
1239 1628 1285 1651 est
1306 1621 1454 1651 mirabilis
1474 1628 1505 1651 et
1525 1622 1657 1652 audax.''
1694 1623 1759 1653 Ex-

1043 1671 1258 1710 quisitissimos
1279 1673 1455 1703 Lucretiani
1478 1674 1623 1704 carminis
1643 1674 1762 1714 lepores

1043 1721 1077 1751 in
1091 1723 1244 1752 consimili
1259 1724 1387 1754 materie
1401 1724 1543 1765 majestas
1560 1724 1686 1765 Virgilii
1698 1735 1761 1755 non

1045 1773 1226 1814 adaequavit,
1245 1774 1318 1804 AEn.
1337 1774 1379 1804 iii.
1397 1779 1450 1807 29.

1419 1847 1486 1872 mihi
1497 1847 1608 1880 frigidus
1618 1848 1713 1873 horror

1074 1886 1193 1910 Membra
1204 1886 1292 1917 quatit
1301 1895 1309 1916 ;
1326 1886 1480 1918 gelidusque
1490 1888 1545 1912 coit
1556 1887 1699 1914 formidine
1705 1894 1761 1914 san⁴

1166 1932 1232 1958 guis.

1045 2000 1162 2031 Potens
1177 2001 1270 2031 nimis
1284 2007 1315 2031 et
1329 2002 1436 2032 efficax
1452 2003 1581 2032 verbum
1604 2016 1637 2033 ero
1651 2005 1760 2042 quatit,

1046 2058 1076 2081 et
1089 2061 1162 2082 cum
1179 2053 1377 2083 subtilissima
1393 2054 1579 2092 proprietate
1596 2066 1633 2084 ‘ru
1657 2065 1760 2085 conre-

1037 2110 1119 2142 punt
1135 2103 1264 2133 minime
1279 2104 1531 2142 comparandum.

1086 2154 1161 2184 Ver.
1178 2157 1269 2185 1219.
1293 2155 1463 2185 Fulminis:
1488 2154 1584 2185 Vind.
1600 2155 1641 2185 V.
1658 2155 1704 2185 ed.
1722 2155 1761 2186 0.

1044 2209 1080 2235 Δ.
1106 2211 1146 2235 Π.
1171 2210 1205 2236 Σ.
1233 2212 1277 2236 Ω.
1300 2207 1454 2237 Fulmine.
1498 2205 1673 2245 Nimirum,
1700 2206 1762 2237 Lu-

1043 2255 1157 2286 cretius
1171 2256 1307 2295 scripsit:

1106 2328 1233 2353 Fulmina?
1246 2328 1364 2353 horribili
1374 2337 1456 2361 quom
1469 2330 1586 2362 plag2—.

1044 2392 1198 2424 Horatius
1213 2392 1297 2423 haud
1312 2392 1446 2429 dissidet,
1462 2393 1511 2424 od.
1523 2393 1565 2424 iii.
1584 2397 1632 2425 16.
1650 2397 1698 2424 11.

1103 2477 1135 2501 Et
1147 2483 1319 2508 perrumpere
1332 2481 1405 2502 amat
1416 2484 1491 2508 saxa,
1502 2478 1638 2510 potentius

1135 2517 1359 2548 lctusulmineom

1083 2591 1157 2622 Ver.
1185 2595 1278 2622 1220.
1318 2594 1479 2624 Contremic
1508 2603 1684 2624 murmura:
1717 2598 1758 2623 11.

1043 2643 1191 2673 Comerrie
1207 2644 1322 2673 nubila.

1083 2702 1157 2733 Ver.
1185 2706 1274 2733 1221.
1307 2705 1398 2734 Non.-
1426 2709 1466 2734 11.
1489 2703 1592 2738 Nam3
1616 2711 1673 2731 nec
1702 2702 1755 2731 ab·

1039 2753 1140 2784 surde.

1082 2813 1161 2845 Ibid.
1179 2816 1304 2855 populec'
1314 2820 1481 2854 gentesque.
1507 2813 1607 2848 Maro,
1620 2813 1692 2844 AEn.
1704 2812 1755 2844 rii.

1038 2866 1108 2895 236.
