1926 3224
617 240 850 290 LIBER
896 239 1200 291 SEXTUS.

1556 245 1651 290 283

306 373 488 429 Ancipiti
508 374 703 429 quoniam
724 374 828 416 bello
849 374 1038 416 turbatur
1057 374 1277 429 utrimque,

308 447 425 489 Hinc
445 448 634 498 flammis,
656 448 765 489 illinc
784 448 928 498 ventis,
951 447 1205 502 humoreque
1224 446 1368 487 mixto.

367 522 466 563 Hoc
485 530 545 563 est
564 521 725 578 igniferi
745 529 936 562 naturam
956 520 1136 561 fulminis
1159 521 1291 574 ipsam

310 595 559 650 Perspicere,
581 603 636 644 et,
659 593 737 649 qufi
759 593 798 633 vi
818 593 940 634 faciat
959 606 1046 633 rem
1067 607 1286 648 quamque,
1307 592 1460 635 videre:

195 674 276 709 380
308 668 421 718 Non,
445 666 662 722 Tyrrhena
682 674 793 706 retro
813 663 1041 707 volventem
1062 666 1246 706 carmina
1264 665 1428 716 frustra,

307 742 467 784 Indicia
485 740 659 781 obcultae
679 739 819 781 div6m
839 741 1076 797 perquirere
1095 740 1246 789 menti3

306 815 433 858 Unde
452 814 591 855 volans
611 815 717 872 ignis
736 816 983 870 pervenerit,
1006 824 1077 856 aut
1096 815 1139 855 in
1159 822 1295 856 utram
1315 829 1358 855 se

304 888 488 930 Vorterit
507 888 574 930 hic
594 890 761 944 partim,
783 905 865 946 quo
885 898 1007 946 pacto
1027 905 1101 945 per
1121 889 1210 931 loca
1230 896 1358 944 saepta

164 1057 226 1077 non
250 1047 416 1081 imitanda;
451 1044 534 1086 quod
558 1045 720 1077 literarum
745 1046 891 1077 ductibus

167 1097 246 1129 nihil
262 1097 423 1136 discrepat.

208 1158 283 1187 Ver.
299 1161 371 1188 574.
393 1158 505 1187 mirum
521 1163 564 1187 est
579 1158 612 1187 in
627 1167 658 1187 eo
673 1159 712 1194 ετξ
729 1158 766 1188 Ρ.
778 1160 890 1189 mirum

166 1211 194 1241 si
214 1211 248 1240 in
262 1221 294 1240 eo
310 1216 386 1246 tum,·
412 1208 508 1239 Vind.
532 1210 643 1240 mirum
666 1216 707 1240 est
724 1212 757 1240 in
772 1221 835 1246 eos,·
860 1217 892 1240 et

167 1261 279 1292 eodem
294 1267 409 1300 spectat
431 1261 472 1291 V.
488 1261 536 1292 ed.
558 1264 669 1292 mirum
697 1264 824 1298 stineos;
851 1262 891 1294 O.

167 1314 279 1343 mirum
295 1314 323 1343 si
338 1315 372 1342 in
386 1323 418 1343 eo
424 1312 511 1352 jorn,-
529 1317 562 1343 Σ.
573 1315 686 1343 mirum
702 1316 802 1344 oestivo
817 1315 889 1348 lzoc;

170 1369 215 1396 Ω..
237 1366 349 1395 mirum
365 1366 394 1394 si
409 1366 442 1394 in
457 1375 489 1395 eo
506 1367 558 1395 sic.
603 1364 684 1394 Sane
699 1365 799 1405 quivis
820 1375 894 1395 ocu·

169 1414 252 1446 latus
265 1415 360 1453 videt,
369 1414 445 1455 quid
459 1415 643 1454 scrupulum
658 1416 764 1446 scribis
779 1416 896 1451 fecerit,

168 1473 261 1508 atque
282 1467 322 1497 ad
350 1467 456 1497 locum
485 1467 705 1498 solicitandum
729 1467 897 1508 impulerit.

172 1518 315 1549 Omnino
329 1518 546 1557 reponendum
559 1519 622 1549 aio:

265 1593 319 1616 Nec
330 1590 430 1616 mirum
441 1594 492 1622 est,
502 1591 523 1616 si
534 1599 566 1616 eo
577 1592 612 1616 sic
621 1595 786 1624 tempore—t

170 1663 234 1699 sed,
244 1673 344 1703 quum
356 1663 568 1702 Havercampi
583 1663 744 1693 silentium
756 1661 897 1693 videatur

171 1713 309 1744 indicare
337 1714 535 1743 membranas
563 1713 786 1744 vetustissimas
807 1719 899 1754 atque

171 1764 438 1795 emendatissimas
460 1764 593 1805 vulgatis
615 1764 789 1806 suffragari,
819 1764 900 1794 nihil

171 1817 206 1847 in
220 1822 338 1847 memet
351 1816 436 1847 volui
450 1817 613 1856 suscipere,
630 1822 685 1847 aut
696 1827 809 1847 novare
823 1815 898 1846 levi-

174 1875 229 1899 ter.
274 1868 398 1899 Redeas
412 1874 518 1899 autem
532 1869 627 1899 velim
642 1868 683 1899 ad
702 1868 741 1899 iv.
760 1871 851 1900 1054.
873 1878 900 1899 v.

179 1924 207 1953 7.
223 1920 328 1951 videas
343 1921 437 1951 etiam
451 1921 545 1959 infra,
560 1931 621 1951 ver.
639 1924 709 1953 796.

219 1972 292 2004 Ver.
320 1976 395 2004 375.
425 1975 534 2004 cietur:
559 1972 660 2003 Vind.
690 1974 753 2009 cie;
777 1972 819 2003 V.
848 1971 899 2003 ed.

174 2026 250 2056 ciet.-
269 2034 400 2065 sequens
412 2034 525 2064 nempe
536 2024 653 2065 syllaba
661 2023 719 2055 sibi
734 2023 902 2065 gemellam

177 2075 307 2106 extrivit.

217 2126 299 2157 Ibid.
314 2133 471 2168 tmpestas
482 2130 580 2159 cietur
590 2129 713 2158 turbida
725 2128 806 2158 coelo.
822 2127 905 2158 Haec

177 2177 332 2219 Virgilius
345 2179 516 2219 usurpavit,
534 2179 608 2210 AEn.
624 2179 677 2210 xii.
692 2182 764 2210 285.

509 2263 530 2286 it
541 2265 601 2287 toto
613 2261 716 2286 turbida
727 2261 784 2286 coelo

224 2300 363 2332 Tempestas
375 2301 535 2326 telorum—.

179 2375 222 2406 A.
240 2374 374 2414 Gellius,
400 2376 464 2406 xiii.
481 2381 508 2408 9.
532 2387 550 2407 e
565 2376 700 2417 Tyronis
725 2374 898 2415 pandectis:

179 2429 246 2450 —“
261 2432 446 2466 tempestates
461 2426 592 2466 pluviaS,
602 2427 766 2469 largosque
776 2427 902 2463 imbres,

179 2480 204 2496 “
219 2477 373 2509 cient—.”

223 2529 300 2559 Ver.
315 2533 387 2561 576.
410 2532 579 2571 utrimque:
605 2531 646 2562 V.
663 2530 709 2561 ed.
730 2532 906 2571 utriusque,-

180 2590 219 2611 ex
246 2580 499 2620 interpretatione
527 2581 671 2612 forsitan:
701 2588 736 2613 Δ.
767 2592 787 2612 a
807 2582 908 2622 prima

180 2641 289 2668 manu,
304 2638 484 2673 utrumque5
508 2644 527 2663 a
542 2635 718 2673 posteriore,
734 2636 888 2675 utrinque.

224 2683 307 2714 Ibid.
331 2685 402 2716 bello
417 2686 569 2716 turbatur.
603 2685 695 2716 Idem
711 2686 819 2724 Maro,
829 2686 906 2716 AEn.

180 2734 242 2766 viii.
260 2739 311 2768 29.

408 2809 478 2836 tristi
488 2810 605 2836 turbatus
615 2814 725 2844 pectora
734 2810 804 2837 bello.

227 2871 303 2904 Ver.
327 2869 400 2905 578.
424 2876 511 2906 Hoc.-
535 2875 556 2906 i.
571 2886 597 2906 e.
619 2878 674 2906 hoc
691 2877 790 2917 modo,
816 2885 911 2916 quem

186 2921 220 2953 in
235 2924 445 2964 superioribus
460 2927 597 2968 exposui.
643 2927 724 2959 Sane
745 2927 830 2968 licet,
853 2936 911 2958 nec

933 1046 1108 1083 invenuste,
1123 1045 1157 1075 in
1173 1044 1365 1075 nominativo
1376 1054 1449 1074 casu
1458 1043 1595 1083 positum
1609 1043 1661 1074 in·

934 1099 1092 1139 telligere3
1117 1097 1172 1127 sed
1196 1096 1276 1126 illud
1303 1096 1446 1136 equidem
1472 1095 1593 1133 malim,
1623 1100 1659 1125 ut

933 1149 1034 1190 magis
1049 1148 1289 1179 Lucretianum:
1316 1147 1420 1177 videas
1434 1147 1474 1177 ad
1488 1147 1527 1176 iv.
1544 1150 1562 1177 7
1566 1148 1616 1177 75.
1631 1156 1659 1177 v.

934 1204 1005 1232 805.
1028 1211 1068 1230 ne
1090 1200 1195 1240 plures
1208 1198 1292 1229 locos
1307 1198 1447 1228 excitem.

978 1251 1059 1281 Ibid.
1075 1250 1202 1291 ignfferi
1206 1250 1365 1291 fulminis.
1411 1249 1475 1279 Hae
1489 1257 1579 1278 voces
1592 1248 1661 1278 bre-

936 1302 1013 1332 viter
1041 1301 1226 1342 significant,
1257 1307 1288 1332 et
1317 1301 1486 1341 eleganter,
1515 1302 1664 1331 tonitrum

938 1364 972 1384 ac
977 1353 1102 1394 fulgur.

981 1405 1056 1434 Ver.
1072 1407 1145 1435 579.
1161 1403 1222 1443 qud
1238 1405 1283 1434 vi:
1303 1403 1343 1435 Ο.
1359 1415 1470 1443 quam;
1489 1401 1665 1443 conjunctis

941 1456 1091 1486 nimirum
1107 1455 1240 1486 vocibus.

984 1507 1066 1538 Ibid.
1088 1517 1150 1537 rem
1166 1517 1336 1547 quamque.-
1361 1506 1382 1536 i.
1399 1516 1425 1536 e.
1447 1515 1557 1535 omnes
1574 1505 1666 1535 effee-

940 1568 1003 1600 tus,
1025 1561 1114 1592 valde
1128 1560 1286 1591 mirabiles
1298 1566 1329 1590 et
1344 1559 1485 1590 difficiles
1500 1558 1670 1597 explicatu,

940 1613 1085 1644 fulminis
1098 1612 1295 1653 fulgurisque
1308 1611 1382 1642 licet
1395 1611 1469 1641 hinc
1484 1609 1670 1650 intelligere.

984 1666 1061 1696 Ver.
1090 1668 1163 1695 580.
1197 1666 1358 1705 Tyrrhena
1389 1665 1538 1694 carmina.
1584 1661 1672 1692 Nam

942 1719 1022 1749 ratio
1038 1720 1142 1749 omnis
1156 1719 1389 1758 aruspiciorum‚
1406 1724 1437 1748 et
1453 1715 1672 1757 prodigiorum

942 1771 1222 1809 procurandorum,
1245 1781 1319 1801 cum
1337 1770 1406 1800 aliis
1420 1770 1483 1798 huc
1507 1767 1672 1807 spectanti.

943 1823 1001 1852 bus
1025 1822 1221 1858 caerimoniis,
1249 1823 1287 1851 ab
1313 1820 1454 1851 Etruscis
1479 1817 1672 1859 religiosissi-

943 1874 1014 1911 mis,
1047 1879 1138 1914 atque
1161 1873 1292 1913 hujusce
1322 1870 1494 1910 disciplinae
1524 1869 1673 1909 peritissi-

943 1924 1012 1960 mis,
1027 1924 1068 1955 ad
1090 1925 1254 1954 Romanos
1269 1923 1407 1953 derivata
1423 1928 1489 1959 est;
1508 1926 1545 1951 ut
1564 1930 1675 1951 omnes

944 1978 1073 2010 norunt.

991 2039 1074 2070 Ibid.
1098 2045 1176 2070 retro
1201 2040 1369 2069 volventem.
1425 2034 1520 2072 Quod
1542 2034 1676 2065 breviter

947 2090 1067 2121 dictum
1082 2096 1137 2128 est,
1153 2090 1219 2120 vice
1234 2091 1372 2130 undique
1387 2087 1576 2124 volventem,
1594 2088 1674 2116 ultro

947 2144 1082 2183 citroque
1107 2142 1293 2172 volventem.
1343 2139 1525 2171 Gemellum
1550 2139 1677 2168 schema

948 2193 1102 2223 sermonis
1131 2191 1400 2233 compendiarium
1430 2197 1476 2221 est
1504 2189 1598 2228 infra,
1636 2188 1677 2219 ad

946 2255 1008 2275 ver.
1025 2248 1118 2275 1‘278.

989 2307 1064 2337 Ver.
1088 2310 1161 2336 581.
1184 2308 1328 2337 Indicia.-
1355 2306 1392 2336 P.
1423 2304 1462 2334 V.
1489 2303 1536 2334 ed.
1561 2307 1596 2334 Δ.
1618 2305 1678 2335 Ju-

946 2359 1228 2390 dicia.—obcultae.·
1255 2357 1291 2388 P.
1310 2356 1348 2386 V.
1372 2356 1418 2387 ed.
1447 2355 1485 2386 Ο.
1513 2356 1680 2386 occulte.—

946 2413 1042 2442 menti
1048 2424 1058 2441 .·
1081 2409 1126 2440 sic
1140 2409 1309 2441 clarissime
1323 2407 1421 2438 Vind.
1440 2407 1480 2437 V.
1501 2406 1549 2437 ed.
1568 2407 1607 2437 L.
1625 2406 1678 2437 M.

952 2463 991 2494 Ο.
1008 2468 1043 2494 Σ.
1066 2473 1124 2493 nec
1139 2472 1233 2493 ausus
1247 2460 1393 2502 equidem
1409 2469 1480 2490 sum
1495 2464 1560 2489 tam
1577 2458 1682 2499 gravi-

950 2516 1008 2545 bus
1029 2514 1263 2544 auctoritatibus
1289 2512 1447 2549 obsistere,
1477 2520 1578 2551 quum
1608 2518 1682 2539 vero

951 2565 1093 2596 videatur
1117 2565 1228 2601 simile,
1255 2563 1513 2594 delicatissimum
1540 2558 1683 2591 Lucretii

951 2628 1079 2648 sensum
1109 2628 1127 2647 a
1155 2616 1292 2657 genitivo
1321 2614 1446 2655 duplice
1476 2612 1681 2644 abhorruisse.

952 2669 1021 2699 Nec
1035 2669 1142 2698 minus
1166 2673 1288 2698 rectum
1302 2672 1360 2704 est,
1385 2665 1411 2696 si
1425 2665 1531 2695 minus
1545 2662 1683 2703 vulgare,

952 2723 1072 2753 indicia
1087 2731 1157 2761 quae
1171 2726 1246 2750 sunt
1260 2721 1366 2756 menti,
1376 2726 1471 2758 quam
1484 2718 1602 2747 indicia
1612 2724 1683 2755 quae

953 2779 1027 2803 sunt
1052 2774 1159 2802 mentis
1164 2788 1175 2808 ;
1199 2770 1247 2801 uti
1261 2770 1376 2811 legitur
1390 2770 1424 2799 in
1441 2767 1559 2799 caeteris
1576 2775 1682 2797 exem-

953 2824 1100 2863 plaribus,
1117 2828 1148 2853 et
1162 2822 1292 2862 scriptis,
1310 2827 1342 2852 et
1357 2819 1513 2860 impressis
1527 2829 1597 2850 aere.

998 2875 1078 2908 ibid.
1101 2873 1200 2908 div6m
1225 2875 1329 2907 menti.
1373 2871 1539 2914 Virgilius,
1564 2870 1640 2902 AEu.
1654 2878 1683 2900 V.

955 2929 1006 2960 56.

891 2986 960 3019 ΤΞ
