1926 3224
293 248 384 290 106

309 375 392 413 620

774 244 834 290 Τ.
882 244 1260 293 LUCRETII

481 372 590 413 Nam
609 371 714 422 fieri,
737 372 798 412 vel
817 387 912 415 cum
932 373 1089 428 primis,
1120 374 1164 417 id
1183 389 1302 429 posse
1320 375 1496 427 videtur,

422 445 653 487 Democriti
673 445 785 500 quod
804 455 944 489 sancta
961 447 1039 488 viri
1059 449 1259 490 sententia
1276 449 1409 503 ponit:

424 517 594 565 Quanto
613 533 788 575 quaeque
806 521 937 578 magis
957 522 1038 563 sint
1056 530 1208 564 terram
1231 522 1366 564 sidera
1384 530 1569 579 propter,

426 589 568 632 Tanto
586 605 706 646 posse
724 594 860 636 minus
880 610 975 636 cum
995 597 1085 638 coeli
1104 598 1269 639 turbine
1287 597 1398 638 ferri:

278 752 350 773 vero
364 743 492 784 hujusce
508 744 724 777 declinationis
737 748 872 779 formam
887 749 926 780 de
942 753 1004 791 sig-

275 805 315 825 πο
331 797 442 826 coelesti
455 796 642 836 adhibuerit,
661 799 687 828 si
702 805 843 830 nostrum
858 801 1003 841 excipias,

276 846 389 877 nullibi
404 849 531 888 reperio.

316 905 402 936 ibid.
425 914 518 938 metas
533 910 584 938 sol.
631 909 704 939 Non
727 910 848 942 alienus
869 918 915 943 est
930 913 1003 944 huic

275 954 344 985 loco
361 955 522 996 Papinius,
545 958 578 988 in
595 960 711 991 Achill.
726 961 746 992 i.
762 965 833 993 455.

777 1035 813 1059 ibi
823 1035 915 1068 ingens

303 1069 412 1098 Juratur
423 1069 534 1100 bellum,
551 1071 637 1097 donec
647 1073 683 1097 sol
693 1081 796 1099 annuus
807 1081 900 1100 omnes

304 1107 458 1133 conficeret
469 1113 631 1135 metas—x

273 1176 294 1207 i.
316 1187 341 1208 e.
370 1181 393 1196 “
409 1181 481 1210 dum
513 1180 678 1213 conficeret
706 1183 899 1216 zodiacum.”
945 1185 1001 1216 Sin

273 1227 363 1259 aliter
377 1230 508 1269 accipias
522 1230 600 1262 illud
613 1235 714 1270 donec,
729 1236 808 1266 ratio
823 1242 1000 1276 temporum

271 1280 405 1311 minime
420 1284 573 1314 constabit
587 1285 620 1314 in
636 1286 695 1315 hoc
711 1286 788 1317 loco.

315 1340 390 1371 Ver.
407 1345 479 1372 617.
503 1346 655 1375 mensibus
670 1347 720 1376 id:
747 1347 784 1376 P.
797 1347 837 1376 V.
854 1348 901 1378 ed.
917 1360 1000 1380 men·

271 1392 354 1422 sibus
369 1394 410 1422 ad
417 1408 427 1428 ;
452 1392 505 1423 alii
520 1394 640 1425 codices
655 1395 718 1434 Pii,
742 1400 851 1428 mensis
867 1405 900 1429 ut
916 1401 957 1429 id.

316 1450 399 1481 Ibid.
423 1454 580 1484 mensibus.
628 1453 708 1484 Haec
723 1455 850 1493 locutio,
866 1467 922 1495 pro
936 1459 1001 1488 sin·

269 1504 354 1541 gulis
368 1505 528 1539 mensibus,
551 1514 666 1543 paucos
680 1512 754 1542 erat,
777 1507 897 1546 opinor,
920 1508 968 1538 vel
983 1518 1002 1539 e

271 1551 462 1584 doctioribus
476 1562 685 1594 remoratura;
707 1557 761 1588 sed
781 1557 940 1589 docendus
956 1569 1000 1597 ες,

270 1602 381 1635 lector!
407 1614 472 1635 esse
488 1616 557 1636 eam
574 1606 667 1647 longe
681 1608 882 1645 rarissimam,
903 1616 934 1639 et
948 1610 999 1640 cui

271 1663 385 1693 paucas
420 1656 560 1688 invenies
604 1659 772 1698 parallelas.
828 1661 997 1698 Nimirum,

270 1707 391 1746 quoties
405 1718 522 1739 nomen
537 1709 577 1739 sit
598 1710 642 1740 ita
663 1711 749 1740 nude
763 1711 908 1750 positum,
931 1712 999 1742 sine

270 1756 418 1797 adjuncto
440 1759 589 1799 quolibet,
612 1761 645 1790 in
668 1771 801 1791 numero
823 1761 998 1793 multitudi-

269 1809 329 1843 nis,
353 1811 413 1839 duo
438 1816 562 1840 tantum
580 1812 658 1842 solet
678 1812 864 1854 plerumque
878 1815 997 1854 signifi-

267 1868 353 1896 care3
386 1867 422 1890 ut
447 1861 531 1900 apud
564 1863 717 1894 Hebraeos
745 1873 872 1903 veteres,
903 1872 933 1896 et
959 1867 998 1897 ad

272 1910 377 1940 Graeci
394 1911 496 1942 dualis
518 1914 621 1944 instar.
667 1915 847 1955 Polyaenus,
870 1923 995 1958 strateg.

267 1961 300 1991 ii.
326 1966 354 1991 4.
383 1966 410 1993 1.
443 1964 610 1999 Πελοτῶας
643 1975 796 2009 mmmm
825 1975 998 2000 AKPono-

269 2018 374 2051 ΛΕῘΣ,
412 2028 571 2056 απεχεσας
604 2025 747 2051 αλληλων
778 2021 880 2052 ἕκατον
915 2035 998 2055 emon

268 2064 392 2095 σταδιακ
421 2066 439 2096 i.
455 2077 482 2096 e.
512 2069 590 2098 duas
613 2079 708 2100 arces.
757 2071 815 2107 Ita,
838 2073 871 2102 ni
893 2074 997 2112 fallor,

268 2115 438 2154 capiendus
461 2125 508 2148 est
533 2119 672 2151 Achilles
687 2122 808 2160 Tatius,
835 2124 853 2154 i.
869 2129 997 2157 8.-και

269 2179 328 2207 γαρ
351 2180 385 2201 εις
414 2182 465 2201 την
489 2172 663 2210 nnn-postqum
691 2187 745 2203 ‘rur
770 2188 874 2213 γαμων
899 2190 995 2218 xpm&

269 2230 343 2247 εστιν
355 2220 548 2250 ἬΜΕΡΩΝ·
570 2229 674 2253 πολλα
689 2222 710 2253 δ’
727 2237 761 2254 αν
784 2239 891 2264 γενοιτο
906 2241 956 2257 και
972 2241 997 2258 εν

270 2274 393 2299 N‘rKTI
422 2276 546 2321 M1÷—.
593 2273 683 2304 Hinc
709 2275 773 2305 una
798 2277 891 2316 opera
914 2284 996 2309 recte

267 2323 505 2355 constituendus
529 2332 574 2356 est
600 2327 707 2358 Julius
734 2329 939 2369 Capitolinus,
962 2333 995 2362 in

268 2373 433 2405 Pertinace
449 2376 522 2416 imp.
538 2387 602 2417 cap.
623 2382 670 2410 15.
685 2386 716 2410 et
731 2382 860 2412 maximi
879 2384 994 2414 Casan-

266 2426 340 2456 boni
374 2426 584 2459 dubitationes
622 2431 810 2463 eximendae:
852 2438 873 2452 “
898 2437 998 2466 Stelloe

268 2479 292 2494 ‘⁸
309 2477 402 2507 etiam
421 2478 512 2518 juxta
536 2480 634 2511 solem
649 2492 703 2521 per
725 2483 809 2514 diem
831 2486 902 2516 visae
924 2493 998 2518 sunt

269 2530 293 2545 “
309 2528 487 2560 clarissimae
503 2539 574 2562 ante
591 2535 655 2564 dies
671 2545 766 2574 quam
781 2537 878 2567 obiret
888 2538 917 2567 :‘'
933 2539 952 2568 i.
971 2550 996 2570 e.

267 2579 347 2610 binae
362 2583 455 2612 stellae
478 2583 696 2624 significabant
719 2597 794 2617 eum
821 2595 887 2627 post
912 2591 997 2621 binos

266 2632 331 2661 dies
346 2633 544 2665 moriturum.
584 2636 674 2667 Nihil
690 2638 816 2677 certius,
831 2647 885 2670 aut
900 2651 995 2681 appo-

267 2681 363 2712 sitius.
410 2683 516 2716 Codex
543 2687 658 2727 regius,
689 2691 768 2720 diem
776 2706 787 2726 ;
811 2692 899 2731 quasi
932 2704 994 2723 una

267 2737 390 2763 tantum
405 2735 494 2766 stella
517 2737 627 2769 fuerit:
653 2750 826 2780 perperam,
851 2749 882 2773 et
906 2743 994 2783 inop-

267 2789 407 2821 portune.
455 2787 580 2818 Addam
596 2790 776 2831 Virgilium,
798 2803 868 2833 geo.
887 2794 906 2824 i.
923 2798 993 2826 235.

297 2868 386 2934 Quarrli
397 2870 501 2896 circum
519 2877 642 2900 extreme
659 2876 771 2908 dextri,
787 2878 923 2910 laeviquffi
939 2882 992 2905 tra-

386 2914 494 2936 iuntur:

1047 752 1066 783 i.
1083 764 1109 784 e.
1131 756 1202 784 duae
1217 759 1372 784 extremae.
1418 753 1479 784 Sed
1494 763 1551 784 nos
1565 757 1687 792 tempus
1701 762 1769 782 mo·

1047 810 1112 843 net,
1127 811 1163 835 ut
1177 806 1338 835 remissam
1352 804 1447 835 telam
1466 812 1651 845 repetamus,
1676 811 1706 835 te
1721 814 1769 834 re-

1046 855 1205 886 mittentes
1221 862 1327 886 tamen
1341 856 1382 886 ad
1404 856 1533 887 Pindari
1548 856 1649 886 simile
1663 864 1769 886 exem-

1046 906 1145 945 plum,
1160 907 1194 936 in
1211 907 1303 937 Nem.
1319 907 1338 937 i.
1354 911 1405 938 60.
1424 906 1525 937 simile
1536 906 1620 946 apud
1636 907 1770 937 Pausan.

1047 958 1116 988 Att.
1134 967 1199 997 cap.
1213 961 1263 988 55.
1287 969 1316 997 p.
1333 961 1383 988 82.
1405 957 1488 998 quod
1503 957 1605 987 fraudi
1620 957 1681 987 fuit
1701 956 1769 996 Syl-

1045 1009 1168 1049 burgio,
1186 1016 1217 1039 et
1233 1009 1373 1040 Corinth.
1388 1019 1453 1047 cap.
1469 1012 1520 1039 54.
1535 1009 1588 1038 fin.

1090 1059 1171 1090 Ibid.
1187 1063 1219 1090 id
1233 1062 1365 1099 spatium
1382 1060 1471 1089 obire.
1510 1058 1607 1089 Multi
1622 1058 1772 1088 dixissent

1046 1113 1078 1142 id
1093 1114 1188 1151 spatii
1193 1126 1203 1146 ;
1230 1117 1260 1141 et
1275 1111 1355 1141 forte
1372 1110 1537 1152 Virgilius,
1552 1116 1706 1151 quantum
1716 1109 1770 1150 ju-

1045 1164 1147 1194 dicare
1172 1163 1263 1193 liceat
1284 1173 1322 1193 ex
1347 1162 1425 1198 loco,
1456 1162 1537 1192 mira
1565 1170 1771 1193 numerorum

1044 1215 1277 1257 magnificentia
1304 1215 1533 1252 commendato,
1562 1216 1596 1245 in
1631 1215 1707 1246 AEn.
1731 1213 1772 1244 vi.

1046 1271 1117 1298 802.

1091 1343 1146 1367 Nec
1158 1348 1222 1367 vero
1233 1341 1337 1367 Alcides
1348 1344 1449 1366 tantum
1459 1341 1556 1366 telluris
1566 1340 1721 1366 obivie—.

1088 1411 1163 1442 Ver.
1195 1415 1268 1443 618.
1305 1414 1454 1443 consumit
1481 1418 1627 1452 tempora.
1678 1411 1771 1442 Idem

1045 1462 1201 1502 Virgilius
1215 1462 1434 1502 pulcherrime,
1449 1462 1505 1493 ecl.
1522 1472 1550 1493 x.
1563 1466 1612 1493 45.

1225 1535 1284 1561 heic
1294 1536 1351 1568 ipso
1362 1539 1455 1561 tecum
1466 1542 1624 1560 consumerer
1634 1540 1712 1560 aevo:

1043 1605 1062 1636 i.
1080 1617 1105 1637 e.
1124 1610 1146 1625 ‘¹
1161 1607 1216 1637 tibi
1231 1607 1296 1637 dies
1312 1617 1421 1637 omnes
1435 1618 1522 1638 meos
1536 1606 1768 1638 insumerem:''

1041 1660 1107 1680 —‘⁴
1124 1657 1233 1687 eadem
1248 1659 1322 1687 hora
1345 1664 1377 1687 et
1397 1659 1495 1688 amori
1517 1658 1614 1688 finem
1629 1664 1769 1697 poneret,

1044 1711 1065 1725 ‘⁶
1082 1713 1112 1736 et
1141 1707 1342 1738 vitae:”—uti
1369 1707 1539 1738 rectissime
1565 1709 1770 1738 Burmannus

1044 1759 1250 1800 Heyniusque
1273 1766 1379 1790 contra
1403 1760 1501 1790 Servii
1515 1766 1655 1791 mentem
1670 1759 1768 1799 expli-

1042 1816 1124 1840 cant.
1172 1811 1239 1841 Nec
1264 1811 1389 1841 Persius
1412 1822 1487 1841 sane
1511 1817 1672 1841 venustate
1696 1811 1768 1841 Ma»

1043 1862 1111 1891 roni
1135 1862 1266 1898 cesserit,
1293 1868 1347 1892 sat.
1373 1873 1399 1893 v.
1425 1866 1474 1893 41.
1498 1863 1638 1893 imitatus
1661 1869 1768 1893 tamen

1043 1925 1116 1944 eum
1132 1915 1171 1944 ad
1186 1915 1242 1945 ecL
1258 1915 1298 1946 ix.
1315 1919 1366 1946 52.

1057 1989 1164 2012 Tecum
1176 1989 1276 2013 etenim
1289 1989 1382 2020 longos
1392 1989 1505 2014 memini
1514 1996 1659 2014 consumere
1665 1989 1735 2014 soles.

1042 2058 1189 2089 Addatur
1205 2060 1367 2096 Manilius
1382 2060 1401 2091 i.
1417 2064 1488 2092 550.
1504 2061 1698 2100 tempestive:

1071 2133 1124 2156 Nec
1137 2132 1231 2157 cadere
1242 2133 1267 2157 in
1280 2136 1378 2157 terram
1392 2134 1536 2164 pendentia
1546 2133 1628 2158 sidera
1640 2133 1722 2164 coelo,

1071 2172 1120 2197 Sed
1133 2173 1252 2197 dimensa
1262 2173 1314 2197 suis
1324 2180 1465 2197 consumere
1476 2176 1586 2206 tempora
1598 2174 1686 2206 signis.

1042 2243 1210 2279 Caeterum,
1228 2243 1267 2274 V.
1284 2243 1331 2274 ed.
1347 2245 1439 2275 habet
1453 2251 1593 2284 tempore,
1616 2255 1673 2284 pro
1691 2252 1765 2276 tem-

1034 2305 1122 2333 pora.

1083 2345 1157 2375 Ver.
1187 2349 1258 2377 619.
1291 2347 1366 2377 ,Non
1396 2348 1541 2386 inquam:
1577 2347 1614 2377 P.
1645 2346 1684 2377 V.
1713 2346 1763 2378 ed.

1042 2398 1409 2437 Nonnunquam—lans.-
1436 2398 1472 2428 P.
1488 2400 1650 2430 lzic.-est.·
1670 2398 1764 2430 vind.

1040 2454 1121 2478 sunt.

1083 2500 1157 2529 Ver.
1173 2503 1244 2531 620.
1266 2502 1311 2531 vel
1328 2502 1412 2531 abest
1429 2508 1611 2542 H.—-posse:
1638 2503 1678 2534 Ο.
1689 2503 1763 2543 firr-

1039 2551 1164 2582 te.—Et
1179 2559 1318 2582 veterum
1333 2553 1585 2592 philosophorum
1601 2554 1763 2594 opiniones

1040 2600 1078 2630 de
1101 2603 1352 2633 conversionibus
1380 2603 1453 2634 solis
1476 2604 1591 2642 videas,
1617 2604 1642 2634 si
1670 2603 1763 2635 libeat

1038 2659 1196 2693 vacetque‚
1212 2654 1296 2692 apud
1311 2653 1528 2690 Plutarchum,
1544 2654 1584 2684 de
1598 2654 1674 2693 plac.
1685 2655 1761 2694 phil.

1039 2704 1070 2735 ii.
1085 2709 1134 2735 23.
1157 2711 1188 2734 et
1210 2705 1252 2734 D.
1275 2705 1445 2740 La'e'rtium,
1468 2715 1496 2734 x.
1519 2707 1568 2736 93.
1592 2715 1669 2745 quos
1691 2705 1760 2735 lon-

1037 2765 1116 2795 gum
1133 2761 1212 2785 esset
1226 2755 1408 2796 singillatim
1423 2755 1588 2794 exscriptos
1602 2755 1684 2786 dare.

1080 2806 1154 2837 Ver.
1181 2810 1252 2838 621.
1285 2812 1410 2837 sancta:
1448 2806 1534 2846 quasi
1564 2806 1680 2836 scilicet
1707 2806 1761 2837 ille

1035 2860 1106 2889 deus
1125 2858 1231 2896 fuerit,
1258 2863 1289 2888 et
1301 2858 1378 2887 alter
1402 2857 1573 2896 Epicurus3
1603 2868 1760 2889 sacrarum

1035 2908 1246 2939 doctrinarum
1268 2913 1380 2948 mysta:
1407 2909 1547 2940 conferas
1561 2909 1643 2940 dicta
1660 2909 1699 2940 ad
1714 2910 1758 2941 iii.
