1926 3224
555 267 787 316 LIBER
837 267 1190 325 QUINTUS.

1568 275 1627 314 23

283 399 413 441 Natus
434 400 544 440 enim
563 399 685 442 debet
703 401 982 456 quiquomque
1001 409 1075 449 est,
1098 398 1197 439 velle
1216 411 1381 439 manere

282 473 333 516 In
355 473 451 524 vita,
474 474 606 515 donec
625 474 816 514 retinebit
835 474 985 515 blanda
1004 473 1207 528 voluptas:

175 550 252 586 180
283 545 368 594 Qui
389 560 615 601 numquam
635 560 731 586 vero
751 546 846 585 vitae
865 546 1043 602 gustavit
1064 560 1264 596 amorem,

282 619 371 661 Nec
390 619 466 660 fuit
485 619 529 658 in
551 632 742 667 numero3
775 617 875 672 quid
895 618 1010 658 obest
1030 632 1116 657 non
1136 633 1222 659 esse
1241 620 1449 661 creatum?

341 691 591 747 Exemplum
611 706 738 746 porro
757 691 981 748 gignundis
1001 692 1136 741 rebus,
1159 699 1200 732 et
1219 693 1307 746 ipsa

279 747 456 807 Notities
476 765 692 806 hominum
713 765 789 806 diis
810 766 921 806 unde
940 772 1000 806 est
1018 765 1139 805 insita
1157 765 1354 820 primum,

279 839 394 887 Qujd
414 839 560 880 vellent
579 839 725 889 facere,
748 848 794 880 ut
813 840 977 889 scirent,
1001 839 1220 894 animoque
1240 839 1450 882 viderent?

169 918 246 954 185
279 913 426 962 Quove
445 913 572 954 modo
592 921 652 954 est
672 928 866 969 umquam
887 914 946 954 vis
967 915 1134 970 cognita
1151 914 1468 969 principiorum,

228 1077 344 1108 Affulsst,
355 1077 454 1110 populo
466 1077 559 1102 clarior
570 1077 590 1102 it
601 1077 663 1107 dies,

259 1119 292 1141 Et
302 1117 362 1142 soles
372 1117 466 1142 melius
480 1117 569 1141 nitent.

138 1191 187 1222 Sic
201 1191 307 1222 omnia
319 1191 525 1231 pulcherrime
537 1191 736 1230 concordant,
746 1197 776 1222 et
787 1201 856 1231 pro-

136 1243 236 1281 portio
272 1243 423 1273 sermonis
458 1243 616 1282 aptissima
652 1249 857 1273 conservatur.

138 1293 329 1323 Ammianus
346 1293 558 1329 Marcellinus,
574 1304 644 1324 xxv.
667 1297 713 1325 10.
737 1297 759 1312 “
775 1293 858 1334 Cyd-

137 1347 160 1362 “
175 1347 478 1384 nus—gratissimus
490 1345 601 1382 amnis,
613 1352 644 1376 et
653 1345 858 1386 liquidus—3⁵

138 1395 236 1436 Lego,
255 1398 458 1433 clarissimus;
484 1407 568 1433 nam,
592 1397 646 1437 qui
669 1397 774 1436 po'e'tas
790 1407 858 1435 pas·

136 1448 196 1478 sim
225 1447 375 1483 imitatus,
403 1449 454 1478 hic
491 1448 638 1488 exprimit
674 1448 860 1486 Horatium,

138 1498 226 1537 epist.
243 1498 274 1528 ii.
290 1502 319 1528 2.
337 1501 408 1528 120.

153 1573 314 1603 Vehemens,
323 1577 350 1598 et
360 1573 482 1605 liquidus,
490 1577 608 1606 puroque
618 1574 768 1599 simillimus
778 1574 858 1599 amni.

136 1640 221 1670 Vide
245 1640 337 1670 Ovid.
362 1646 416 1670 art.
444 1651 504 1670 am.
525 1641 568 1670 iii.
586 1645 657 1671 204.
680 1648 711 1671 et
734 1653 860 1682 aequum

134 1697 191 1730 est,
207 1698 244 1721 ut
258 1691 389 1721 mittaris
404 1692 500 1721 etiam
515 1691 555 1722 ad
571 1692 721 1722 Priscian.
744 1694 859 1733 perieg.

136 1746 206 1775 762.
222 1749 329 1774 contra
343 1754 408 1780 nos,
424 1749 460 1774 ut
475 1754 559 1774 nunc
575 1744 726 1780 scribitur,
742 1744 858 1774 facien-

135 1801 209 1825 tem.
255 1794 316 1825 Sed
332 1795 418 1825 enim
432 1795 636 1825 certissimam
645 1806 710 1825 esse
722 1802 860 1826 nostram

137 1847 291 1877 Prisciani
306 1847 528 1878 correctionem
548 1847 706 1886 exemplar
729 1848 796 1888 ejus
821 1848 859 1878 li-

136 1898 318 1940 quidissime
332 1899 475 1936 ostendit,
499 1899 690 1940 Dionysium
704 1899 782 1937 dico,
806 1911 859 1940 pe-

135 1952 211 1992 rieg.
228 1954 241 1981 1
250 1955 263 1981 l
271 1955 322 1982 21.

173 2035 197 2058 H
209 2043 257 2058 καλ
268 2037 446 2064 γλωυκωωντει
455 2033 519 2059 λιθον
530 2034 710 2060 ΚΑΘΔΡΟῙΟ
721 2034 839 2065 ‘average-⁸

134 2105 154 2136 i.
170 2115 196 2135 e.
213 2106 302 2145 puri,
325 2104 408 2135 clari.
452 2104 645 2144 Exemplum
660 2106 787 2145 insuper
801 2116 858 2136 no-

135 2156 232 2186 minis
245 2167 334 2192 aura,
351 2156 391 2186 ad
407 2156 544 2186 eundem
558 2155 783 2197 significatum,
806 2157 860 2188 ille

135 2208 326 2238 Fortunatus
348 2207 532 2248 suppeditat,
566 2208 600 2238 in
629 2214 705 2247 part.
731 2210 808 2250 virg.
838 2210 858 2241 i.

135 2262 207 2290 307.

147 2326 181 2351 O!
194 2327 297 2357 quoties
307 2331 418 2352 coctum
429 2334 508 2352 zonae
520 2328 604 2353 micat
615 2335 681 2353 aum
692 2335 740 2361 per
749 2329 856 2354 aurum!

136 2389 294 2429 Denique,
320 2390 478 2421 Avienum
501 2391 694 2430 emaculabo,
717 2392 752 2422 in
769 2393 856 2425 Arat.

137 2444 210 2471 268.

423 2515 476 2545 qua
485 2522 513 2540 se
523 2515 638 2540 confinia
649 2515 714 2540 lucis

167 2553 305 2578 Diducunt
315 2553 436 2584 pedibus»,
446 2555 532 2585 major
541 2555 596 2585 qna
604 2554 711 2579 luminis
721 2563 788 2580 uum

167 2593 306 2623 Verberat,
316 2596 344 2617 et
355 2593 436 2618 rutilo
445 2593 515 2617 sidus
525 2594 610 2626 magis
621 2598 719 2619 aestuat
729 2597 810 2620 astro.

133 2668 222 2698 Libri
237 2667 313 2698 dant
329 2679 432 2711 auras.

178 2719 260 2750 Ibid.
281 2731 383 2751 rerum
396 2721 541 2760 genitalis
555 2722 648 2760 origo.
681 2720 799 2752 Versus
807 2721 858 2752 hic

133 2770 390 2812 elegantissimus,
413 2778 444 2803 et
459 2773 543 2812 prior
556 2773 590 2802 in
610 2773 641 2803 ii.
660 2775 750 2803 1104.
772 2773 858 2804 haud

132 2821 224 2853 latuit
247 2823 361 2854 Silium
385 2823 545 2862 Italicum,
567 2823 621 2864 qui
643 2833 768 2854 veneres
789 2824 855 2855 Lu-

131 2874 282 2905 cretianas
291 2875 335 2907 ita
343 2876 428 2907 vario
439 2876 527 2907 cultu
538 2875 709 2913 exornavit,
722 2875 762 2907 ad
775 2876 856 2907 Pun.

134 2925 198 2956 xiii.
214 2930 284 2958 528.

175 2994 264 3026 Vox..
283 2996 352 3028 111.

867 2997 894 3025 C

935 1077 1004 1105 Huc,
1015 1075 1144 1106 quidquid
1155 1079 1247 1106 terrae,
1263 1077 1393 1108 quidquid
1405 1077 1484 1107 freta,
1495 1082 1522 1102 et
1534 1078 1624 1110 igneu:

1028 1115 1104 1139 aether

932 1155 1050 1179 Nutrivit
1058 1155 1141 1187 primo
1152 1155 1242 1179 mundi
1249 1155 1368 1186 genitalis
1378 1156 1410 1180 ab
1422 1163 1494 1186 aevo,

935 1197 1015 1226 (Mors
1024 1193 1177 1219 communis
1187 1194 1253 1225 agit)
1265 1194 1431 1218 descendunt
1442 1199 1582 1220 cuncta—.

906 1266 955 1297 Sic
970 1266 1096 1307 legitur,
1112 1276 1177 1295 non
1191 1268 1256 1304 α’έν,
1279 1266 1313 1295 in
1339 1266 1418 1296 Aldi
1440 1273 1471 1297 et
1495 1268 1629 1298 Colinaei

904 1318 1149 1357 exemplaribus;
1165 1324 1197 1348 et
1210 1318 1253 1348 sic
1267 1324 1334 1348 erat
1348 1318 1396 1348 vel
1410 1318 1516 1349 invitis
1526 1330 1627 1351 mem-

903 1371 1007 1401 branis
1022 1371 1204 1411 legendum,
1220 1371 1362 1411 quamvis
1375 1371 1464 1401 aliter
1474 1372 1629 1404 Heinsius

904 1423 1068 1459 censuerit,
1085 1429 1116 1453 et
1131 1423 1408 1454 Drakenborchius
1425 1423 1565 1454 ediderit.

947 1474 1021 1504 Ver.
1041 1478 1109 1505 179.
1134 1474 1199 1505 Hic
1213 1480 1245 1504 et
1258 1475 1363 1505 statim
1375 1476 1503 1506 veniens
1517 1477 1630 1507 absunt

907 1532 947 1556 Π.

946 1577 1021 1607 Ver.
1039 1580 1111 1607 180.
1131 1588 1197 1608 vero
1212 1580 1298 1608 vitoe:
1328 1584 1374 1608 Ω.
1397 1590 1463 1610 vere
1483 1581 1629 1610 vitam.—

900 1630 1048 1667 gustavit:
1076 1629 1117 1658 V.
1133 1628 1184 1659 ed.
1205 1629 1243 1658 O.
1261 1635 1295 1659 Δ.
1313 1636 1357 1660 Ω.
1370 1631 1628 1669 genavae—Non

903 1678 1122 1717 displicuisset:

965 1745 1018 1776 Qui
1028 1751 1178 1775 numquam
1189 1752 1255 1769 vero
1266 1745 1353 1769 vitam
1365 1747 1482 1777 gustavit
1493 1754 1587 1772 amore.

947 1801 1027 1831 Ibid.
1051 1804 1121 1832 vitae
1132 1803 1268 1840 gustavit
1282 1812 1426 1832 amorem.
1456 1803 1530 1833 Non
1545 1805 1628 1835 mul-

903 1859 936 1883 to
951 1853 1093 1884 dissentit
1112 1853 1167 1883 illa
1191 1853 1222 1883 S.
1246 1854 1390 1883 Matthaei
1411 1855 1540 1893 phrasis,
1564 1867 1628 1896 cap.

903 1906 964 1936 xvi.
979 1916 1058 1936 com.
1075 1906 1194 1936 28.—-oa‘
1210 1918 1278 1939 τινες
1295 1918 1312 1936 8
1325 1920 1367 1945 μη
1391 1912 1629 1940 ΓΕΤΣΩΝΤΑῙ

907 1963 1148 1989 OANATOT—.
1193 1957 1292 1987 Plura
1313 1957 1458 1988 dedimus
1483 1959 1523 1989 ad
1556 1960 1629 1992 Silv.

907 2010 981 2040 Crit.
999 2016 1070 2040 sect.
1090 2009 1175 2039 lxxii.

947 2062 1023 2092 Ver.
1043 2065 1111 2092 181.
1135 2063 1221 2093 Nec:
1241 2068 1281 2092 Π.
1298 2063 1568 2094 ,Nom—numero.-
1589 2064 1628 2096 Ο.

904 2118 939 2143 Δ.
954 2116 1086 2149 munclo5
1109 2124 1173 2143 non
1201 2113 1344 2150 absurde,
1372 2113 1426 2143 sed
1447 2115 1630 2154 exquisitior

903 2171 958 2201 est,
975 2171 1006 2195 et
1016 2165 1178 2203 eruditior,
1192 2171 1316 2204 recepta
1328 2164 1568 2197 lectio—obest:
1582 2174 1626 2198 Ω.

901 2216 1191 2247 abest.—Heinsius
1201 2217 1340 2256 insuper,
1351 2216 1383 2246 in
1396 2217 1476 2246 notis
1485 2217 1524 2247 ad
1533 2218 1627 2250 Ovid.

904 2268 1041 2307 Nucem,
1063 2279 1124 2298 ver.
1141 2272 1212 2300 107.
1235 2268 1320 2306 dicit,
1341 2268 1492 2308 quosdam
1507 2269 1628 2300 codices

902 2321 1016 2350 habere
1031 2326 1140 2350 creato.
1189 2319 1329 2355 Quinam
1351 2319 1413 2348 sint
1431 2319 1481 2349 isti
1495 2319 1626 2357 codices,

898 2372 990 2412 juxta
1004 2382 1078 2402 cum
1104 2371 1242 2402 maxime
1267 2371 1384 2412 ignaris
1407 2371 1553 2411 equidem
1578 2374 1626 2414 ig-

900 2436 994 2456 noro:
1014 2426 1123 2456 saltem
1138 2425 1219 2455 nihil
1234 2436 1298 2456 esse
1313 2425 1494 2455 novandum
1509 2432 1625 2465 statuo,

902 2477 950 2506 vel
965 2478 1004 2507 ob
1020 2477 1199 2507 varietatem
1220 2476 1395 2512 locutionis,
1417 2487 1512 2517 quam
1535 2488 1627 2517 opere

902 2538 1027 2558 summo
1061 2528 1226 2558 Lucretius
1255 2527 1365 2557 sectari
1393 2527 1485 2566 solet;
1518 2530 1627 2560 confer

901 2589 961 2609 ver.
979 2582 1050 2610 177.
1076 2582 1194 2616 Creato,
1210 2582 1317 2614 creata,
1335 2585 1475 2610 creatom.

944 2630 1020 2660 Ver.
1038 2633 1108 2660 183.
1130 2632 1192 2660 diis
1206 2632 1288 2660 unde
1302 2635 1362 2660 est:
1389 2629 1432 2660 sic
1454 2631 1492 2660 Β.
1515 2630 1552 2661 L.
1577 2632 1625 2662 M.

900 2691 958 2710 nec
973 2680 1075 2711 multo
1089 2681 1178 2711 aliter
1193 2686 1228 2711 Δ.
1246 2687 1291 2711 Ω.
1313 2682 1393 2712 divis
1407 2683 1488 2712 unde
1502 2688 1562 2712 est:
1588 2682 1625 2713 P.

900 2738 1007 2762 autem
1021 2734 1100 2763 divis
1114 2734 1194 2763 unde
1203 2748 1215 2768 ;
1240 2731 1335 2763 Vind.
1362 2737 1397 2764 Σ.
1419 2734 1550 2763 divisum
1564 2739 1607 2764 est
1612 2749 1623 2770 ,-

901 2785 942 2814 V.
959 2783 1006 2814 ed.
1026 2784 1064 2815 O.
1088 2786 1219 2815 divisum
1235 2786 1331 2821 (ἱερεῖς
1357 2791 1399 2815 Π.
1421 2786 1498 2816 divis
1513 2787 1603 2816 deest.

943 2835 1018 2866 Ver.
1037 2839 1106 2866 184.
1129 2842 1180 2866 nt:
1206 2841 1241 2867 A.
1265 2832 1337 2871 ωλι,-
1363 2840 1464 2876 atque,
1487 2835 1521 2865 in
1535 2846 1626 2866 versu

900 2886 1006 2916 statim
1023 2892 1167 2926 venturo,
1182 2888 1308 2927 inquam
1324 2897 1389 2918 non
1404 2886 1536 2927 illepide,
1559 2887 1625 2918 vice

900 2949 1055 2979 umquam.
