1926 3224
590 279 823 327 LIBER
867 279 1225 335 QUINTUS.
1563 285 1652 323 139

192 415 272 450 815
307 410 538 460 Praebebat,
561 410 687 452 multa
708 418 748 451 et
768 410 877 451 molli
897 409 1090 467 lanugine
1110 409 1335 451 abundans.

363 486 420 526 At
440 486 600 526 novitas
620 484 764 525 mundi
785 498 860 524 nec
881 483 1030 540 frigora
1053 484 1157 524 dura
1177 483 1322 533 ciebat,

307 559 396 599 Nec
418 559 565 598 nimios
585 566 721 605 aestus,
744 570 876 610 neque
897 556 1057 611 magnis
1077 556 1230 596 viribus
1251 571 1382 597 auras:

306 631 459 672 Omnia
479 630 586 669 enim
608 629 760 682 pariter
780 635 981 677 crescunt,
1005 636 1045 668 et
1065 628 1216 669 robora
1237 637 1416 670 sumunt.

362 702 456 751 Qus
478 717 536 751 re,
559 701 681 741 etiam
703 709 825 756 atque
845 701 985 750 etiam,
1008 708 1240 741 maternum
1261 716 1413 743 nomen
1435 703 1583 759 adepta

192 782 273 819 820
304 777 436 818 Terra
454 782 566 816 tenet
585 774 747 823 merito,
770 775 966 829 quoniam
985 789 1115 829 genus
1135 775 1223 828 ipsa
1243 776 1395 817 creavit

305 850 569 899 Humanum,
592 856 714 904 atque
733 849 919 890 animans
938 862 1069 903 prope
1088 856 1201 890 certo
1222 857 1408 905 tempore
1426 850 1532 892 fudit

204 1017 279 1047 Ver.
296 1019 367 1047 816.
390 1017 486 1047 ciebat
501 1026 605 1047 auras.
643 1014 748 1052 Silius,
765 1015 846 1047 Pun.
862 1015 882 1046 i.
925 1015 959 1045 in
972 1015 1031 1045 hoc
1046 1015 1186 1056 negotio:
1214 1015 1285 1046 vide
1300 1015 1320 1046 i.
1336 1018 1408 1047 35⁴2.
1426 1015 1507 1046 Gen.
1524 1016 1650 1048 xxxviii.

164 1072 236 1100 601.

194 1148 272 1172 Ferte
283 1147 354 1172 leves
364 1154 453 1177 auras,
461 1146 597 1178 flatusque
607 1147 666 1172 ciete
676 1147 814 1172 secundos.

164 1221 420 1252 Emaculabimus
446 1222 478 1251 in
506 1222 637 1252 transitu
663 1222 700 1258 Q.
727 1221 886 1252 Ciceronis

167 1284 290 1304 versum
306 1274 339 1304 in
356 1274 486 1305 Anthol.
503 1275 569 1305 Lat.
587 1276 695 1305 Burm.
711 1286 738 1306 v,
753 1279 804 1306 41.
821 1279 849 1306 1.

196 1349 309 1374 Flamina
320 1357 407 1375 verna
418 1351 482 1375 cient
492 1352 604 1376 obscuro
615 1352 718 1376 lumine
732 1352 824 1376 Pisces.

165 1422 284 1463 Vulgo,
301 1424 466 1460 Flumimr5
490 1424 573 1464 quod
589 1429 669 1454 certe
691 1423 887 1454 mendosum.

165 1475 321 1512 —Porro‚
338 1475 381 1504 sic
400 1476 626 1505 enarrationem
648 1486 737 1505 suam
753 1476 886 1506 Lactan-

165 1524 235 1561 tius,
262 1524 282 1554 l.
297 1535 322 1555 c.
338 1532 516 1564 persecutus
530 1532 589 1556 est:
610 1530 631 1545 “
646 1526 815 1562 Quomodo
831 1527 888 1567 igi.

167 1579 191 1593 “
207 1581 258 1605 tur
272 1577 335 1606 vim
352 1577 475 1617 frigoris
489 1584 543 1607 aut
557 1577 668 1608 caloris
679 1578 757 1608 ferre
772 1584 828 1608 aut
843 1578 888 1607 vi-

165 1629 187 1644 “
203 1632 267 1655 tare
283 1633 461 1665 potuerunt,
484 1634 538 1658 aut
553 1629 684 1658 omnino
698 1629 791 1664 nasci,
815 1639 888 1658 cum

165 1679 188 1695 “
204 1677 251 1706 sol
266 1684 418 1715 exureret,
439 1678 538 1718 frigus
561 1679 786 1719 adstringeret?
812 1680 887 1709 Non

165 1730 188 1746 “
204 1734 302 1764 erant,
338 1728 494 1769 inquiunt,
532 1729 565 1759 in
595 1729 747 1769 principio
776 1730 888 1760 mundi

166 1782 190 1798 ‘⁴
207 1781 315 1820 hyems
330 1791 388 1810 nec
402 1786 498 1816 aestas,
523 1781 577 1811 sed
598 1786 748 1821 perpetua
770 1787 887 1821 tempe.

166 1834 189 1849 “
206 1831 276 1867 ries,
299 1837 329 1861 et
344 1841 396 1861 ver
411 1832 594 1872 aequabile.’'

208 1881 281 1912 Ver.
299 1885 370 1913 817.
392 1882 480 1913 Libb.
502 1893 570 1913 nec:
596 1883 649 1913 sed
664 1883 754 1914 aliter
768 1893 889 1923 semper

168 1934 276 1964 Carus.

209 1985 283 2015 Ver.
298 1988 369 2015 818.
388 1987 496 2017 Omnia
507 1988 586 2017 enim
598 1989 719 2026 pariter
731 1993 886 2018 crescunt.-

165 2035 244 2067 adeo
259 2042 295 2067 ut
310 2037 416 2078 frigus,
433 2044 534 2074 aestus,
552 2045 582 2068 et
597 2039 692 2076 venti,
720 2045 795 2069 tunc
811 2046 888 2070 tem.

163 2087 248 2127 poris
269 2089 308 2117 ob
331 2094 453 2118 aetatem
475 2088 557 2118 lenia
579 2089 707 2127 fuerint;
732 2100 817 2120 nunc
831 2100 888 2120 au-

163 2146 239 2178 tem,
262 2139 474 2170 maturitatem
496 2151 584 2170 suam
608 2141 730 2180 adepta,
753 2141 889 2172 violenta

164 2190 290 2221 tandem
305 2197 476 2227 evaserunt,
499 2198 590 2232 atque
605 2192 748 2222 exitialia.

205 2241 280 2272 Ver.
296 2246 369 2273 820.
398 2245 493 2273 Terra
512 2253 610 2283 genus
633 2245 744 2273 creavit
764 2244 889 2273 Huma-

164 2305 247 2325 num.
294 2295 345 2324 Ita
359 2295 553 2331 Venusinus,
578 2295 612 2325 in
633 2295 775 2334 poiimate
790 2305 888 2335 quan—

165 2344 236 2376 tivis
250 2345 352 2384 pretii,
375 2352 430 2376 sat.
446 2346 465 2376 i.
480 2350 512 2376 5.
528 2350 577 2377 99.

324 2429 500 2457 prorepserunt
510 2426 602 2458 primis
613 2425 736 2450 animalia
747 2426 831 2457 renis,

197 2466 305 2489 Mutum
317 2468 344 2489 et
354 2467 433 2496 turpe
446 2471 603 2496 pecus—x

164 2549 187 2564 “
201 2548 370 2576 animalia:
388 2545 408 2576 i.
424 2556 449 2576 e.
465 2548 598 2577 homines
604 2546 639 2583 ;'’
663 2552 821 2577 enarrator
835 2557 888 2577 ve-

163 2604 222 2628 tus.
246 2598 289 2627 Et
307 2598 484 2628 committas
501 2598 593 2629 Ovid.
612 2604 684 2629 met.
700 2599 721 2629 i.
736 2602 786 2629 80.
803 2602 853 2629 81.

205 2650 281 2680 Ver.
296 2653 368 2680 8⁶21.
391 2652 551 2680 animans:
570 2651 629 2680 hoc
647 2656 729 2680 certe
743 2650 842 2681 voluit
857 2664 890 2681 ‘ro

163 2702 296 2738 animas,
319 2700 404 2730 haud
429 2700 524 2731 dubie
547 2711 604 2740 pro
628 2703 761 2738 animas,
787 2712 891 2731 exem-

162 2752 299 2792 plarium
316 2753 352 2783 B.
369 2753 405 2784 L.
425 2753 464 2784 O.
481 2759 516 2784 Δ.
535 2758 569 2784 Σ.
588 2760 632 2784 Ω..
658 2754 731 2783 Vox
747 2753 833 2783 deest
847 2754 889 2783 V.

164 2803 213 2834 ed.
228 2803 331 2834 caeteri
346 2804 470 2840 habent,
493 2806 623 2840 animab
647 2814 742 2844 quam
754 2804 889 2834 formam

163 2853 330 2885 Lucretius
343 2865 500 2896 nusquam
516 2855 658 2885 similiter
668 2855 824 2886 adhibuit:
841 2866 889 2886 re-

166 2903 239 2933 deas
252 2905 293 2935 ad
307 2905 326 2936 i.
343 2906 558 2948 774.-sudz't.·
585 2907 632 2936 M.
638 2906 762 2947 fundit.

181 2974 185 2979 -
212 2954 290 2985 Ibid.
302 2956 403 2997 fudit.
427 2958 569 2988 Verbum
592 2957 830 2988 usitatissimum
848 2963 893 2988 est

926 1071 978 1098 27.
996 1067 1079 1107 vulg.
1096 1071 1240 1097 vers.—“
1255 1073 1360 1107 atque,
1382 1068 1416 1097 in
1429 1067 1496 1107 ipsa
1509 1068 1654 1109 effusione

928 1122 949 1137 “
965 1119 1145 1160 infimtz'um,
1178 1129 1260 1148 unus
1292 1118 1423 1156 protulit
1451 1119 1654 1149 manum-V

927 1170 1098 1210 Eleganter
1116 1169 1279 1210 Virgilius,
1301 1178 1369 1209 geo.
1385 1169 1405 1198 i.
1425 1172 1472 1199 15.

1167 1263 1251 1291 tuque
1263 1267 1278 1284 o
1289 1260 1295 1284 !
1314 1259 1358 1284 cui
1370 1259 1457 1291 prima
1475 1259 1639 1285 frementem

945 1300 1018 1324 Fudit
1027 1308 1117 1332 equum
1129 1307 1229 1332 magno
1240 1299 1313 1324 tellus
1324 1306 1446 1331 percussa
1456 1299 1640 1324 tridenti—2

932 1371 1076 1401 consulas
1104 1371 1148 1401 ibi
1177 1371 1412 1407 Burmannum,
1449 1381 1484 1401 ac
1515 1371 1656 1401 conferas

933 1422 1008 1452 AEn.
1023 1422 1085 1452 viii.
1102 1426 1174 1454 159.
1210 1423 1320 1453 Obiter
1334 1423 1420 1452 enim
1436 1432 1509 1453 vero
1524 1422 1656 1463 corriga-

932 1483 1004 1503 mus
1021 1472 1186 1503 Sidonium
1201 1473 1427 1512 Apollinarem,
1450 1474 1488 1504 vi.
1505 1477 1533 1504 8.

993 1557 1071 1587 Diva,
1089 1557 1216 1588 Gigantei
1219 1557 1295 1588 fudit
1306 1563 1387 1588 quam
1397 1560 1523 1589 tempore
1534 1558 1596 1583 belli

1026 1599 1159 1621 Armatam
1170 1600 1260 1629 partus
1271 1597 1374 1622 vertice
1386 1597 1506 1622 dividuo.

932 1667 1030 1705 Libri,
1045 1669 1195 1698 Armatus
1200 1683 1211 1703 ,·
1225 1667 1399 1698 durissime.
1424 1668 1593 1704 Arnobius,
1605 1668 1657 1699 lib.

931 1718 962 1748 ii,
977 1729 1008 1756 p.
1021 1722 1138 1748 54.—“
1155 1729 1192 1748 ex
1202 1718 1453 1759 alvisfundc'mur
1465 1726 1557 1760 atque
1566 1721 1656 1751 emit-

930 1773 951 1788 “
968 1770 1066 1799 timur
1080 1770 1249 1799 matrum.”

973 1831 1049 1860 Ver.
1073 1834 1144 1860 822.
1177 1833 1314 1870 magnz's:
1352 1832 1449 1862 vind.
1479 1833 1520 1862 V.
1547 1832 1594 1862 ed.
1621 1838 1656 1863 Σ.

931 1885 1046 1922 magni.
1070 1882 1206 1912 Versum
1222 1882 1367 1923 equidem
1389 1883 1493 1914 ulcere
1508 1884 1594 1924 gravi
1610 1885 1656 1914 af-

931 1932 1049 1962 fectum
1064 1938 1149 1971 puto.
1197 1932 1229 1962 Si
1243 1932 1364 1963 codices
1386 1933 1532 1970 faverent,
1559 1933 1657 1964 liben-

931 1988 979 2013 ter
993 1983 1229 2022 rescripsissem:

1050 2060 1123 2091 quod
1130 2059 1228 2085 inmani
1239 2061 1387 2086 bacchatur
1395 2069 1525 2087 murmure
1535 2063 1640 2094 passim.

976 2132 1058 2163 Ibid.
1092 2133 1203 2164 Omne:
1239 2138 1276 2163 ut
1305 2133 1492 2174 adjectivum
1518 2134 1661 2173 respiciat

932 2196 1049 2216 nomen
1059 2187 1217 2227 vulgarius
1226 2190 1356 2227 animal,
1375 2188 1408 2217 in
1421 2190 1564 2219 animans
1573 2198 1660 2218 com-

932 2239 1129 2277 prehensum.
1154 2239 1236 2269 Haec
1247 2239 1366 2269 doctior
1375 2240 1572 2276 constructio,
1587 2240 1661 2278 poe'-

932 2296 972 2320 tae
987 2295 1094 2320 nostro
1108 2290 1198 2320 valde
1213 2291 1384 2327 familiaris,
1408 2291 1559 2321 editorem
1581 2291 1661 2322 Lac-

932 2341 1022 2371 tantii
1039 2341 1159 2377 fefellit,
1182 2341 1222 2371 ad
1238 2342 1287 2372 vii.
1305 2345 1334 2372 4.
1364 2345 1386 2360 ‘⁶
1405 2342 1555 2378 Rursum,
1570 2349 1658 2374 coete—

933 2396 955 2411 “
970 2404 1023 2424 ‘ras
1036 2395 1209 2423 animantes
1231 2392 1368 2422 hominis
1390 2392 1497 2422 caussa
1520 2403 1585 2423 esse
1594 2395 1660 2436 flc-

933 2447 955 2463 “
971 2450 1030 2482 tas,
1062 2454 1101 2474 ex
1126 2454 1164 2474 eo
1193 2443 1313 2473 clarum
1341 2448 1400 2481 est,
1429 2443 1513 2483 quod
1539 2444 1661 2474 homini

933 2499 955 2514 ‘⁶
971 2496 1119 2532 serviunt,
1148 2501 1180 2525 et
1204 2494 1310 2525 tutelae
1338 2495 1406 2535 ejus
1434 2501 1528 2536 atque
1554 2496 1662 2526 usibus

933 2550 955 2566 “
971 2550 1044 2578 data
1061 2548 1169 2578 sunt.''
1194 2547 1374 2586 Dufresnoy
1387 2546 1474 2578 dicit:
1503 2551 1524 2566 “
1542 2547 1659 2578 Procul

934 2601 956 2617 ‘⁴
973 2598 1069 2628 dubio
1084 2597 1256 2638 legendum
1268 2603 1313 2628 est
1327 2598 1452 2629 datae.·’'
1475 2599 1509 2628 in
1525 2609 1587 2639 quo
1599 2599 1662 2629 val-

934 2648 973 2679 de
988 2649 1126 2688 peccavit
1139 2649 1186 2678 vir
1201 2648 1349 2678 eruditus.

980 2699 1060 2729 Ibid.
1082 2701 1257 2730 bacchatur.
1292 2699 1465 2739 Blagnifice
1486 2699 1662 2730 adhibitum

936 2756 982 2780 est
996 2750 1198 2781 vocabulum:
1216 2760 1274 2780 nec
1287 2750 1395 2780 minus
1407 2751 1549 2790 elegante
1563 2756 1662 2780 trans-

936 2802 1052 2832 latione
1070 2802 1199 2832 Flaccus
1213 2802 1328 2841 posuit,
1352 2802 1401 2833 od.
1416 2803 1436 2832 i.
1456 2806 1505 2833 25.
1526 2806 1577 2833 11.
1592 2805 1661 2834 bac-

932 2856 1041 2885 chante
1052 2860 1136 2885 vento
1144 2870 1154 2891 ;
1173 2860 1204 2884 et
1217 2853 1292 2885 ibid.
1307 2854 1350 2884 iii.
1364 2858 1395 2885 5.
1411 2857 1461 2886 55.
1476 2855 1660 2886 debacchen-

933 2911 985 2937 tur
1000 2908 1093 2946 ignes.
1134 2928 1138 2931 -

979 2958 1054 2989 Ver.
1076 2961 1146 2988 823.
1163 2959 1268 2989 AE³riae
1282 2959 1432 2990 volucres:
1450 2957 1660 2997 nempe,f'11n-

887 3016 957 3047 Ks
