1926 3224
577 214 812 264 LIBER
859 211 1161 261 SEXTUS.

1521 217 1613 257 343

269 350 409 399 Quam
428 348 543 390 facile
562 348 605 389 in
625 347 857 396 cerebrum,
879 345 957 386 nisi
977 358 1125 401 aquam
1145 338 1416 398 praecepimus
1436 339 1554 380 ante?

314 425 387 474 At,
410 438 535 478 quom
555 422 740 463 membra
760 419 908 462 domus
928 418 1111 474 percepit
1130 414 1300 465 fervida,
1321 412 1454 454 nervis

157 502 236 538 805
269 497 382 540 Tum
402 497 449 538 fit
469 497 574 538 odor
593 497 676 537 vini
693 494 829 551 plagae
848 491 1074 535 mactabilis
1091 492 1229 531 instar.

329 572 482 613 Nonne
502 571 613 611 vides
633 569 756 610 etiam
776 565 884 607 terrei
904 578 1069 620 quoque
1089 562 1216 604 sulfur
1235 563 1278 603 in
1299 562 1386 618 ipsfi

272 645 463 702 Gignier‚
486 651 526 684 et
545 650 651 684 tetro
670 652 932 682 concrescere
951 637 1080 678 odore
1099 635 1308 677 bitumen?

271 718 478 772 Denique,
506 716 576 758 ubi
597 714 756 771 argenti
776 727 899 754 venas
919 710 1092 766 aurique
1112 716 1354 764 sequuntur,

272 791 422 832 Terrai·
439 791 603 846 penitus
623 796 850 831 scrutantes
870 786 1009 829 abdita
1029 784 1158 833 ἵει-νος

126 946 180 988 qui
195 957 315 986 omnes,
337 948 486 989 effluet-123,-
509 947 529 978 i.
544 957 571 977 e.
593 949 744 989 ecflueris,
767 945 851 987 quod

126 1007 191 1028 non
207 1008 288 1038 aegre
303 997 390 1028 fieret
404 1000 442 1029 ab
462 1004 491 1029 et
503 998 618 1039 fueris.
656 998 699 1028 In
721 997 775 1028 orzi
800 1007 852 1028 co-

127 1049 205 1080 dicis
220 1056 255 1080 A.
271 1057 428 1090 comparet
442 1057 470 1082 et
474 1052 595 1092 fluites.
631 1051 698 1082 Vix
721 1050 856 1082 dubium

127 1108 174 1132 est
189 1102 316 1141 scilicet,
343 1103 418 1144 quin
443 1103 696 1143 antiquissimum
717 1103 854 1143 praeteri-

129 1159 198 1184 tum
213 1155 296 1185 verbi
300 1157 372 1195 fluo
388 1154 484 1185 fuerit
488 1157 567 1197 fini,
584 1165 649 1186 non
654 1157 752 1197 flua-z)
771 1155 856 1186 unde

130 1204 277 1235 constitui
306 1205 402 1244 possit
430 1206 527 1242 locus,
559 1216 633 1236 cum
662 1205 750 1236 nulle
777 1216 857 1245 pene

131 1258 316 1297 scriptarum
332 1257 502 1288 lectionum
517 1257 704 1296 mutatione,
720 1264 752 1288 et
766 1268 858 1298 expe-

134 1308 287 1340 ditissime
302 1309 546 1339 constructione:

162 1402 295 1433 Denique,
311 1401 342 1431 si,
354 1401 446 1425 calidis
456 1401 540 1426 etiam
551 1407 624 1432 quom
636 1403 659 1424 te
669 1400 798 1425 relevabis

164 1441 278 1472 Plenior,
287 1441 400 1473 ecstuen's
412 1441 478 1466 solio
489 1440 618 1466 ferventis
629 1441 781 1472 aquai—z

134 1520 155 1552 i.
171 1531 200 1552 e.
225 1521 309 1551 “ita
331 1520 526 1561 perfunderis
548 1520 646 1561 aquis,
670 1526 707 1550 ut
725 1530 743 1550 a
760 1529 860 1550 mem-

133 1576 157 1592 “
173 1573 236 1604 bris
245 1574 358 1613 passim
374 1573 532 1604 effluant.”
567 1574 611 1604 Et
625 1573 754 1604 doctum
769 1579 816 1603 est
831 1586 866 1604 ero

133 1628 263 1658 calidis.-
298 1627 394 1658 satius
420 1633 466 1657 est
495 1633 602 1657 tamen
627 1626 759 1666 receptis
781 1626 865 1663 stari,

132 1678 193 1708 nisi
208 1679 292 1719 quod
306 1679 388 1709 illud
401 1680 518 1720 fluerz's
543 1678 673 1708 forsitan
701 1678 742 1708 sit
762 1679 862 1709 since-

134 1730 432 1767 rum.—Caeterum‚
450 1730 489 1766 Q.
505 1741 598 1770 aqua,
613 1740 670 1769 pro
685 1732 790 1770 aqua'i.

177 1790 258 1821 Ibid.
270 1793 398 1822 Plenior
413 1792 486 1821 solio
491 1791 645 1832 ferventis
656 1793 761 1831 aqua'i.
780 1791 862 1832 Dig-

135 1852 197 1872 nus
211 1847 266 1879 est,
281 1842 334 1883 qui
348 1842 553 1880 adscribatur,
568 1843 591 1874 J
593 1842 742 1882 uveualis,
760 1843 780 1873 i.
793 1846 862 1873 142.

135 1892 177 1924 ad
190 1903 285 1934 quem
300 1893 406 1924 locum
423 1893 505 1924 docti
516 1893 701 1924 consulendi
716 1899 801 1924 sunt:

150 1983 234 2007 Poena
244 1987 337 2008 tamen
348 1989 476 2014 praesens,
489 1989 575 2014 quum
587 1986 618 2008 tu
629 1983 738 2015 deponis
749 1983 864 2008 amictus

151 2022 300 2054 Turgidus,
310 2027 338 2048 et
349 2024 464 2048 crudum
475 2029 610 2055 pavonem
620 2023 648 2048 in
660 2024 754 2048 balnea
763 2027 862 2056 portas:

152 2062 220 2086 Hinc
233 2061 329 2087 subitae
341 2066 453 2094 mortes,
463 2066 546 2094 atque
556 2063 683 2089 intestata
693 2067 824 2089 senectus.

180 2146 257 2177 Ver.
274 2150 345 2178 802.
358 2149 449 2178 odor:
469 2146 567 2178 Vind.
576 2150 666 2178 ordor
671 2164 682 2184 ,·
702 2154 746 2178 Ω..
759 2150 864 2185 ardor,-

138 2201 224 2232 unde
238 2207 284 2232 est
298 2201 411 2232 erroris
424 2212 622 2242 progressum
637 2202 822 2241 conspicere.

184 2261 266 2292 Ibid.
287 2263 390 2301 gravis
403 2263 448 2292 vis
461 2267 552 2301 atque
567 2263 657 2292 odor.-
691 2260 869 2301 hendyades

139 2319 186 2344 est
199 2323 256 2352 pro
267 2315 371 2353 gravis
386 2315 430 2344 vis
444 2315 554 2344 odoris.
592 2313 733 2343 Velleius
757 2313 866 2344 Pater-

141 2365 242 2403 culus,
265 2365 299 2395 ii.
326 2368 377 2395 22.
399 2368 429 2395 4.
467 2368 489 2384 “
507 2365 546 2401 Q.
565 2365 866 2396 Catulus—conclu-

141 2420 165 2437 “
181 2418 222 2447 sit
236 2427 268 2447 se
282 2416 363 2453 loco,
386 2427 486 2456 nuper
501 2417 584 2448 calce
604 2416 783 2458 harenaque
798 2428 867 2457 per-

140 2472 164 2488 “
181 2469 289 2509 polito,
311 2468 473 2510 inlatoque
499 2468 576 2510 igni,
604 2469 659 2509 qui
684 2471 744 2499 vim
770 2471 869 2500 odoris

142 2524 164 2539 ‘⁴
181 2521 339 2558 excitaret,
363 2521 459 2551 simul
473 2521 591 2551 exitiali
614 2522 726 2551 hausto
749 2520 869 2560 spiritu,

142 2575 164 2590 ‘⁶
180 2571 277 2602 simul
292 2572 412 2602 incluso
427 2583 495 2610 suo,
512 2573 796 2604 mortem—obiit.”
816 2573 870 2604 Ad

142 2633 236 2663 quem
252 2623 358 2653 locum
380 2623 601 2660 Ruhnkenius,
625 2630 661 2654 ut
683 2624 773 2662 solet,
795 2624 868 2655 doc-

142 2673 260 2704 tissime
274 2682 412 2704 versatus
427 2681 489 2712 est;
511 2675 565 2705 sed
587 2675 676 2705 nullo
698 2686 770 2706 cum
783 2676 868 2716 judi-

143 2725 192 2756 cio
207 2735 314 2756 vocem
324 2728 475 2766 perpolito
492 2727 611 2767 arguit:
636 2737 711 2757 nam
733 2727 808 2757 satis
830 2727 868 2757 li-

143 2783 226 2818 quet,
242 2788 306 2818 quo
314 2780 454 2818 penitius
470 2779 604 2817 politum
620 2786 699 2809 esset
713 2779 869 2816 conclave,

144 2829 164 2859 i.
180 2839 206 2859 e.
229 2839 292 2870 quo
306 2830 431 2869 plenius
445 2831 529 2861 calce
552 2832 722 2870 imbutum,
746 2842 784 2862 eo
799 2842 870 2872 gra-

146 2879 244 2910 viores
258 2880 372 2912 halitus
387 2882 544 2922 exspirari.
591 2882 737 2922 Orpheus
761 2882 800 2913 de
826 2882 871 2913 la·

149 2930 235 2969 pidd.
255 2934 326 2962 472.

191 2990 280 3020 Vei..
300 2990 369 3023 ΙΙΙ.-

983 945 1046 972 Am:
1058 950 1124 972 ολοον
1137 954 1192 970 ςοτι
1204 944 1268 979 §tvae-‚-
1280 952 1337 974 ayn
1350 942 1483 968 ΜΕΝΟΣ.

898 1022 943 1053 Et
966 1021 1144 1052 committas
1171 1024 1309 1049 nostram
1337 1017 1410 1049 silv.
1438 1016 1513 1047 Crit.
1538 1016 1572 1047 ii.
1596 1027 1625 1056 p.

901 1076 970 1104 112.
987 1072 1042 1102 im.

941 1124 1019 1155 Ver.
1047 1125 1118 1154 805.
1149 1122 1320 1153 cerebrum:
1357 1119 1453 1149 Vind.
1484 1119 1524 1155 Q.
1552 1120 1627 1150 cele-

899 1179 1171 1216 brum—aquam.-
1191 1173 1290 1203 Vind.
1307 1171 1346 1208 Q.
1359 1176 1394 1203 Σ.
1410 1181 1628 1211 aqum—prce-

901 1229 1047 1267 cepimus.-
1074 1231 1109 1256 Δ.
1121 1226 1322 1265 percepimus.
1359 1222 1485 1253 Eadem
1502 1221 1633 1252 varietas

901 1284 948 1308 est
962 1278 996 1308 in
1010 1282 1185 1317 opportuno
1199 1273 1396 1306 hemistichio
1413 1273 1554 1314 Virgilii,
1575 1272 1631 1304 ecl.

902 1329 946 1360 iii.
963 1332 1013 1361 98.

1222 1399 1294 1425 silae
1305 1398 1453 1431 preceperit
1462 1400 1553 1424 meas.-

904 1477 926 1507 i.
940 1487 966 1508 e.
988 1476 1077 1516 prius
1090 1475 1206 1506 biberit
1219 1480 1251 1504 et
1268 1473 1455 1505 exhauserit.

951 1535 1024 1566 Ver.
1042 1538 1113 1565 804.
1136 1533 1259 1564 domzis:
1284 1533 1329 1564 ita
1351 1532 1402 1563 Pii
1417 1531 1518 1571 prisca
1531 1530 1635 1570 lectio,

908 1594 939 1618 et
954 1591 989 1619 Σ.
1012 1597 1109 1628 quam
1136 1585 1321 1624 scripturam
1347 1583 1534 1618 Gronovius,
1558 1584 1637 1613 obss.

910 1639 952 1669 iii.
979 1641 1008 1670 5.
1034 1638 1078 1668 ita
1103 1637 1251 1675 vindicat,
1278 1635 1481 1675 exponitque:
1516 1637 1539 1652 “
1555 1633 1636 1674 Agit

909 1695 932 1709 ‘⁶
948 1690 987 1721 de
1001 1690 1150 1720 halitibus
1170 1695 1201 1720 et
1222 1689 1369 1719 odoribus
1391 1689 1553 1717 cerebrum
1567 1686 1636 1717 affi-

910 1746 933 1761 “
948 1741 1116 1779 cientibus;
1139 1747 1170 1770 et
1190 1740 1274 1770 inter
1297 1749 1350 1769 eos
1372 1738 1466 1769 refert
1489 1738 1637 1768 ferventis

909 1799 931 1814 “
946 1795 980 1825 in
995 1794 1145 1834 apotheca
1159 1794 1252 1833 plenia
1267 1793 1364 1823 musti
1376 1793 1450 1828 vim,
1466 1802 1561 1832 quam
1579 1802 1636 1821 no-

908 1849 931 1865 “
946 1852 1016 1876 tum
1031 1851 1078 1876 est
1092 1847 1130 1875 ab
1151 1845 1279 1875 homine
1295 1843 1440 1874 sustineri
1455 1853 1520 1873 non
1536 1852 1639 1882 posse,

908 1901 931 1917 “
947 1898 1011 1934 sed,
1028 1897 1113 1927 velut
1127 1895 1294 1937 apoplexi&
1309 1895 1398 1934 ictos,
1421 1894 1585 1925 concidere
1607 1901 1639 1924 et

908 1952 930 1967 “
946 1959 1004 1988 pro
1019 1947 1152 1979 mortuis
1166 1947 1335 1987 exportari,
1355 1946 1410 1988 qui
1426 1946 1523 1976 nescii
1538 1946 1636 1976 intra-

907 2005 931 2020 “
947 2001 1060 2039 verint,
1075 2006 1130 2031 aut
1141 1999 1260 2031 diutius
1276 1999 1319 2029 ibi
1335 1998 1514 2029 manserint.
1538 1998 1639 2028 Phra-

910 2056 932 2072 “
949 2053 991 2082 sis
1005 2053 1138 2082 membra
1153 2050 1259 2081 domzis
1274 2049 1440 2090 significat,
1463 2059 1528 2079 non
1551 2049 1640 2079 illam

910 2108 931 2122 “
946 2110 1072 2133 tautum
1088 2102 1210 2137 cellam,
1234 2102 1267 2130 in
1290 2101 1351 2141 quai
1372 2101 1464 2131 fervit
1484 2106 1638 2138 mustum,

911 2159 933 2174 “
949 2154 1073 2194 impleri
1087 2153 1270 2195 gravissimo
1286 2153 1407 2192 spiritu,
1433 2151 1488 2182 sed
1512 2158 1543 2182 et
1565 2151 1639 2181 vici-

911 2209 935 2224 “
951 2216 1007 2236 nas
1032 2204 1149 2235 aedium
1175 2209 1288 2243 partes,
1317 2203 1351 2232 in
1377 2214 1454 2243 quas
1479 2209 1641 2242 penetrare

912 2261 936 2276 ‘⁷‘
950 2263 1062 2297 potest.
1103 2256 1148 2286 Et
1161 2261 1209 2286 est
1221 2254 1332 2286 veteris
1346 2254 1518 2294 elegantiae.
1550 2255 1641 2285 Cice-

915 2313 937 2328 “
953 2319 989 2340 ro
1011 2309 1052 2339 ad
1071 2308 1230 2344 Quintum
1250 2307 1386 2343 fratrem,
1410 2306 1467 2348 (iii.
1494 2307 1642 2346 l.)—nee

911 2365 935 2380 “
951 2362 1065 2391 habere
1093 2365 1214 2399 poterat
1245 2358 1393 2399 adjuncta
1420 2358 1577 2395 cubicula,
1611 2366 1643 2388 et

913 2416 933 2431 “
949 2411 1105 2453 ejusmodi
1119 2412 1265 2442 membra.
1289 2410 1423 2446 Plinius,
1439 2409 1526 2449 epist.
1542 2409 1573 2439 ii.
1593 2413 1642 2441 17.

913 2469 935 2484 “
949 2467 1162 2497 dormitorium
1172 2463 1375 2496 membrum.’'
1399 2463 1481 2493 Haec
1492 2463 1644 2493 hactenus

910 2518 959 2548 vir
973 2517 1172 2548 doctissimus
1187 2523 1218 2546 et
1232 2515 1439 2546 acutissimus.
1467 2515 1504 2545 P.
1521 2516 1642 2551 minum

914 2569 1013 2600 Vind.
1027 2570 1065 2600 L.
1081 2570 1130 2600 M.
1144 2571 1288 2605 domun
1312 2568 1354 2598 V.
1373 2567 1421 2597 ed.
1437 2572 1473 2598 Δ.
1488 2568 1642 2604 ἀονηῖηαες

918 2622 959 2653 Ο.
982 2629 1028 2653 Ω.
1043 2624 1153 2661 domis,
1177 2621 1227 2652 vel
1250 2623 1359 2656 domes,-
1387 2625 1422 2651 Δ.
1447 2622 1586 2657 domans,
1608 2619 1645 2648 in

910 2674 967 2705 orzi
982 2674 1105 2705 codicis.
1139 2674 1191 2704 De
1208 2673 1367 2704 locutione
1382 2682 1454 2703 vero
1468 2669 1644 2702 memorat&

912 2728 1043 2757 membra
1061 2726 1178 2762 dennis,
1201 2725 1306 2756 videas
1321 2724 1457 2754 editores
1477 2723 1518 2754 ad
1533 2722 1645 2754 lauda-

915 2784 962 2809 tos
984 2779 1067 2809 locos
1090 2778 1250 2809 Ciceronis
1271 2783 1303 2807 et
1324 2776 1433 2814 Plinii,
1457 2775 1645 2815 Apuleium,

914 2838 987 2862 met.
1011 2831 1055 2861 iii.
1077 2832 1134 2860 sub
1157 2831 1210 2860 fin.
1232 2830 1334 2860 Fabro
1355 2829 1390 2858 in
1412 2829 1547 2858 thesaur.
1569 2827 1646 2857 cita-

917 2889 999 2921 tum,
1020 2889 1051 2913 et
1065 2882 1142 2913 ibid.
1161 2882 1523 2921 Pricaeum.—percepit:
1550 2879 1587 2910 P.
1603 2879 1647 2908 V.

918 2934 966 2965 ed.
984 2935 1020 2965 B.
1032 2935 1178 2974 perterit;
1202 2933 1333 2964 omnino
1348 2931 1445 2963 male:
1470 2930 1521 2962 adi
1540 2930 1644 2960 Sei-cn.

886 2992 917 3022 Z
