1926 3224
616 250 847 299 LIBER
895 249 1250 308 QUINTUS.

1611 255 1667 292 61

215 384 298 420 390
328 379 602 430 Deminuunt‚
624 381 828 437 radiisque
848 389 1036 423 retexens
1056 381 1247 423 aetherius
1267 380 1345 436 solf3

326 453 382 494 Et
401 455 551 496 siccare
570 455 682 509 prius
703 455 916 496 confidunt
936 456 1074 496 omnia
1092 471 1225 509 posse,

325 527 464 576 Quam
483 528 616 582 liquor
635 529 785 581 incepti
804 529 932 581 possit
955 529 1192 583 contingere
1213 528 1350 569 finem.

324 600 507 640 Tantum
527 600 724 654 spirantes
744 613 864 653 aequo
886 600 1107 639 certamine
1128 600 1292 649 bellum,

182 755 360 794 Nugantur‚
383 756 579 792 argutantur,
601 752 706 783 Jauus
727 757 758 781 et
783 752 897 782 Baxte-

177 815 238 835 rus.
282 804 350 834 Nec
364 810 468 833 tamen
491 804 703 834 venustatibus
725 803 788 833 suis
803 803 899 833 altera

175 856 266 886 lectio
279 855 468 893 destituitur,
492 857 659 886 meditatur
674 855 765 892 dico;
785 865 896 895 quem·

175 907 346 938 admodum
361 917 486 948 quoque
499 907 663 947 Virgilius,
678 917 745 947 geo.
758 907 776 936 i.
789 910 861 937 462.

430 986 495 1018 quid
504 985 590 1018 cogitet
599 986 726 1010 humidus
737 987 829 1011 Auster

205 1025 247 1050 Sol
259 1025 307 1050 tibi
316 1025 391 1057 signa
399 1026 545 1050 dabit—.

174 1095 238 1130 Qui
253 1094 350 1125 velint
364 1095 406 1125 ibi
421 1095 585 1125 rescribere
599 1101 686 1135 cogat
699 1102 739 1131 et,
760 1101 815 1125 aut
836 1094 894 1124 ali-

172 1155 225 1175 am
240 1145 525 1184 interpretationem
542 1159 579 1177 τε
592 1149 699 1186 cogitet
715 1147 894 1176 comminis-

171 1203 294 1234 cantur,
322 1196 451 1227 tumidis
463 1197 593 1236 scloppis
604 1198 717 1236 pariter
728 1198 892 1228 exsufflan-

171 1247 202 1277 di
217 1253 300 1283 sunt,
324 1255 359 1278 ut
373 1259 391 1278 a
405 1255 499 1288 gustu
515 1250 634 1287 po'e'tico
648 1248 855 1280 remotissimi.

214 1298 286 1328 Ver.
302 1302 374 1328 588.
389 1301 540 1330 diluviare
553 1311 588 1330 er
602 1302 679 1330 alto:
699 1300 794 1330 Vind.
810 1302 892 1331 dilu-

169 1351 218 1379 via
234 1351 360 1385 recalto‚-
387 1349 425 1380 Ο.
449 1352 594 1381 delimare
615 1362 649 1381 ea:
671 1353 750 1388 alto;
780 1358 821 1382 Π.
839 1354 890 1382 de-

169 1401 285 1430 liiviare
300 1411 335 1430 ex
353 1402 423 1431 alto.

212 1450 296 1480 Ibid.
319 1452 381 1481 alto
401 1453 523 1491 gurgite
541 1455 640 1491 ponti.
681 1453 794 1482 Verbis
816 1462 892 1482 usus

169 1507 215 1531 est
230 1501 393 1542 Virgilius,
415 1502 455 1532 ad
472 1503 546 1533 AEn.
562 1503 601 1533 vi.
618 1507 691 1534 510.
714 1504 748 1533 in
763 1503 891 1534 sublimi

168 1553 249 1584 loco:

420 1655 467 1676 aut
477 1653 512 1676 ad
522 1655 623 1677 terram
631 1653 731 1684 gurgite
741 1654 773 1677 ab
785 1653 834 1677 alto

196 1692 285 1722 Quam
303 1691 403 1716 multae
420 1691 605 1723 glomerantur
623 1698 696 1721 aves,
712 1692 758 1715 ubi
776 1691 888 1723 frigidus

287 1737 372 1754 annus

194 1770 284 1794 Trans
297 1773 404 1802 pontum
414 1770 502 1802 fugat,
512 1774 540 1795 et
554 1771 630 1796 terris
644 1771 758 1795 inmittit
768 1771 871 1803 apricis.

166 1839 330 1875 Nonnulli,
354 1844 377 1859 ‘⁶
392 1841 527 1881 frigidus
549 1842 691 1872 amm's:‘’
716 1841 771 1872 sed
790 1842 887 1881 enim,

164 1890 241 1931 quin
256 1891 309 1921 illa
323 1891 362 1921 sit
377 1892 583 1923 sincerissima
598 1893 748 1932 scriptura
770 1893 887 1933 versus,

162 1943 203 1972 ob
220 1942 379 1973 Homerea
402 1949 595 1975 ΧΕΙΜΩΝΛ
615 1952 713 1984 φυγον,
737 1950 768 1975 et
784 1951 886 1987 Hspmt,

163 2005 271 2029 vernoe,
297 1994 335 2024 Il.
362 2001 392 2024 r.
417 1997 446 2024 4.
474 1999 502 2026 7.
526 1994 574 2025 uti
601 1993 749 2035 Heynius‘
769 1997 887 2035 optime

162 2045 329 2082 contendit,
353 2047 459 2077 nullus
474 2047 623 2078 dubitem.
667 2048 770 2078 Voces
783 2051 887 2080 amnis

161 2102 194 2127 et
207 2108 308 2128 annus
323 2103 446 2137 propter
461 2098 586 2128 eosdem
600 2108 725 2138 prorsus
747 2099 885 2130 elemen-

160 2154 266 2179 torum
281 2149 392 2180 ductus
406 2149 498 2180 facile
512 2156 759 2182 commutantur.

204 2199 277 2230 Ver.
292 2204 364 2232 589.
386 2203 549 2241 quoniam:
575 2202 616 2232 V.
641 2202 688 2233 ed.
713 2214 800 2242 quom
806 2219 817 2240 ;
843 2210 884 2234 Π-

162 2253 297 2286 εστιιοιίο,ι
323 2251 342 2282 i.
358 2262 384 2283 e.
400 2255 761 2292 quomoda-verrentes:
781 2254 819 2284 V.
835 2254 882 2284 ed.

160 2308 302 2334 vertentes
307 2319 319 2339 ,·
333 2303 472 2334 hocloco
486 2304 592 2334 minus
600 2306 693 2335 bene:
711 2305 782 2335 vide
794 2305 882 2346 Virg.

161 2353 237 2383 AEn.
252 2352 272 2383 i.
288 2356 339 2384 43.

204 2403 276 2434 Ver.
291 2408 363 2436 590.
378 2407 591 2438 Deminuunt:
610 2408 646 2438 P.
666 2409 706 2438 V.
723 2408 772 2438 ed.
791 2408 830 2439 Ο.
846 2414 881 2440 Δ.

162 2461 202 2484 Π.
219 2456 427 2487 Diminuam.-
453 2463 484 2487 et
504 2469 561 2498 que
583 2458 775 2489 desideratur
789 2459 823 2489 in
839 2460 880 2491 V.

160 2504 334 2535 eci—Redi
350 2506 391 2536 sis
406 2513 511 2538 autem
526 2508 566 2538 ad
580 2519 642 2540 ver.
662 2512 734 2540 267.

202 2557 276 2587 Ver.
301 2561 377 2589 591.
411 2560 455 2589 Et
482 2561 615 2591 siccare.-
647 2566 681 2592 Σ.
708 2562 881 2598 Exsz‘ccare.

159 2608 239 2638 Mox
257 2615 299 2639 Π.
309 2612 438 2649 possint,
460 2621 516 2650 pro
528 2614 634 2651 possit.

201 2658 284 2690 Ibid.
316 2663 485 2702 confidunt.
531 2663 703 2704 Eleganter
733 2675 817 2704 sane,
852 2671 883 2696 et

157 2716 252 2750 gustu
267 2720 337 2741 vere
352 2712 484 2751 poetico,
499 2714 586 2753 quasi
598 2714 638 2744 de
651 2715 743 2745 rebus
756 2725 882 2746 sensum

156 2761 354 2801 habentibus,
371 2769 463 2804 atque
477 2765 640 2796 rationem.
671 2766 814 2798 Similem
830 2778 880 2798 ve-

157 2819 313 2844 nustatem
327 2815 432 2846 videas
441 2816 480 2846 ad
491 2817 530 2847 iv.
545 2821 617 2848 246.
641 2818 708 2848 Nec
722 2819 811 2850 valde
819 2819 880 2850 dis-

158 2871 341 2897 sentaneum
356 2874 401 2898 est
412 2868 491 2899 illud
503 2869 721 2900 Theocriteum
734 2870 772 2901 de
780 2873 877 2912 vulpe,

158 2913 242 2955 idyll.
257 2917 276 2948 i.
292 2921 343 2949 50.

1261 766 1289 781 το
1300 755 1395 782 emam
1409 766 1424 782 a·
1435 767 1487 791 erpm
1498 765 1596 790 σιφησειν

982 804 1083 833 ΦΑΤΙ,
1105 815 1158 838 erpn
1169 815 1183 833 η
1195 814 1350 838 ακρσιτιστιν
1362 813 1396 830 em
1409 807 1496 839 ξηροισι
1507 806 1605 840 καθιξῃ.

984 878 1060 908 Ver.
1075 882 1146 910 592.
1162 881 1294 918 incepti:
1312 879 1415 918 plures
1426 879 1508 918 libri,
1519 882 1659 920 incoepti,-

940 939 1034 969 quam
1051 929 1137 960 litem
1153 931 1380 971 orthographiae
1403 941 1467 960 non
1488 942 1599 962 meumv
1618 939 1663 962 est

939 980 1092 1010 dirimere.

982 1032 1056 1061 Ver.
1070 1034 1141 1062 593.
1167 1034 1315 1070 spirantes
1339 1034 1456 1063 bellum.
1503 1033 1661 1069 Quemad-

938 1082 1069 1112 modum
1088 1081 1181 1111 Silius
1198 1082 1337 1119 Italicus‚
1353 1084 1424 1113 xvii.
1439 1087 1511 1115 598.

939 1162 974 1185 At
985 1165 1080 1186 contra
1090 1161 1196 1185 ardenti
1207 1161 1325 1185 radiabat
1336 1161 1422 1192 Scipio
1433 1168 1526 1191 cocco,

938 1199 1098 1224 Terribilem
1111 1202 1247 1223 ostentans
1254 1199 1395 1230 clypeum;
1410 1205 1464 1230 quo
1471 1200 1562 1230 patriS,
1573 1203 1600 1225 et
1608 1207 1661 1225 una

937 1239 1052 1264 Caelarat
1063 1239 1162 1271 patrui,
1172 1239 1295 1271 spirantes
1303 1238 1405 1271 praelia,
1421 1239 1492 1264 dirus

937 1279 1110 1311 Effigies—.

938 1348 988 1378 Ita
1018 1354 1101 1379 certo
1129 1349 1243 1379 certius
1277 1350 1513 1380 emendavimus
1545 1350 1660 1381 locum.

936 1397 1054 1441 Vulgo,
1070 1403 1140 1431 dira
1147 1417 1157 1437 ;
1181 1412 1332 1442 perquam
1350 1402 1472 1443 frigide,
1497 1408 1589 1442 atque
1610 1403 1659 1432 in-

935 1459 1071 1482 venuste.
1116 1453 1184 1483 Nec
1199 1453 1314 1493 frigide
1328 1454 1434 1484 minus
1449 1461 1480 1484 et
1494 1455 1660 1485 invenuste

937 1505 1122 1540 Gronovius
1143 1504 1178 1534 in
1195 1505 1320 1536 Senecae
1334 1506 1462 1546 ffiyest.
1481 1510 1553 1538 504.

995 1572 1065 1595 Cum
1077 1571 1156 1604 spirat
1168 1572 1206 1596 ira
1216 1572 1375 1604 sanguinem,
1387 1573 1471 1598 nescit
1483 1573 1554 1605 tegi:

932 1628 1058 1667 praefert
1074 1628 1206 1658 alteram
1228 1628 1405 1664 lectionem,
1428 1636 1538 1669 sperat.
1582 1630 1658 1660 Jam

931 1689 1003 1708 vero
1017 1682 1090 1718 tegi,
1113 1690 1168 1717 pro
1179 1691 1208 1710 se
1223 1686 1328 1718 tegere,
1351 1680 1488 1718 positum
1504 1686 1560 1717 est,
1583 1690 1658 1710 cum

930 1729 1043 1759 mediae
1065 1730 1147 1759 vocis
1169 1736 1333 1768 potestate:
1358 1731 1442 1770 quod
1461 1732 1656 1762 animadver-

932 1780 1072 1811 tendum.
1118 1781 1281 1816 Horatius,
1305 1781 1451 1822 denique,
1477 1783 1511 1812 in
1538 1783 1589 1813 od.
1617 1784 1655 1812 iv.

933 1835 982 1862 13.
1001 1835 1047 1863 19.

1117 1901 1186 1931 Quae
1197 1900 1308 1933 spirabat
1318 1908 1413 1925 amores
1421 1910 1430 1926 .·

930 1957 984 1987 ubi
998 1967 1063 1987 non
1079 1957 1194 1987 desinit
1208 1958 1364 1988 Basterus
1378 1958 1457 1988 nihil
1473 1969 1573 1999 agere.
1596 1959 1654 1989 Ni-

929 2009 1056 2045 mirum,
1079 2010 1136 2039 has
1150 2010 1302 2040 sermonis
1317 2010 1468 2040 formulas
1485 2011 1621 2041 Romani
1637 2022 1655 2040 a

933 2060 1062 2098 Graecis,
1082 2061 1196 2099 passim
1212 2061 1381 2097 utentibus,
1406 2072 1561 2101 excepere.
1608 2062 1655 2092 Sit

929 2111 1115 2142 Theocritus
1130 2112 1285 2151 exemplo,
1309 2112 1394 2152 idyll.
1410 2113 1491 2142 xviii.
1507 2116 1560 2144 54.

950 2195 1034 2222 Effiee’
1049 2206 1070 2225 ες
1084 2201 1206 2222 ananau
1226 2206 1328 2231 50.-spur,
1351 2198 1548 2223 ΦΙΛΟΤΗΤΑ
1568 2198 1651 2223 IINE-

1043 2245 1171 2268 ΟΝΤΕΣ.

930 2318 1029 2358 Cujus
1043 2317 1103 2348 loci
1126 2328 1232 2348 veram
1253 2319 1528 2357 constructionem,
1549 2330 1587 2350 ex
1602 2320 1651 2350 in-

925 2370 1140 2408 terpunctione
1155 2370 1226 2400 mea
1241 2371 1313 2400 satis
1327 2370 1562 2407 elucescentem,
1586 2372 1651 2402 edi-

924 2427 1029 2451 torum
1058 2432 1151 2452 nemo
1178 2422 1339 2461 perspexit.
1371 2425 1393 2440 “
1410 2423 1471 2452 Per
1485 2423 1577 2461 vices,
1603 2424 1650 2454 al-

927 2476 950 2490 “
966 2478 1012 2501 ter
1029 2472 1062 2501 in
1078 2472 1205 2502 alterius
1219 2479 1349 2511 pectore,
1364 2472 1538 2510 dormiatis;
1561 2484 1649 2504 amo-

928 2527 950 2542 “
965 2534 1032 2553 rem
1059 2523 1240 2562 spirantes.”
1287 2524 1394 2553 Hebes
1417 2530 1470 2559 est,
1499 2524 1554 2564 qui
1582 2535 1650 2555 rem

926 2585 990 2605 nou
1019 2575 1145 2612 calleat3
1178 2581 1357 2612 contumax,
1384 2576 1438 2616 qui
1467 2576 1648 2616 refragetur.

925 2629 1036 2667 Porro,
1060 2639 1165 2659 versus
1180 2628 1319 2658 Lucretii
1342 2638 1448 2660 coram
1469 2636 1584 2660 stantes
1605 2630 1649 2660 sic

925 2679 1010 2709 haud
1024 2679 1224 2709 incommode
1239 2678 1392 2720 distingui
1405 2686 1543 2720 possent:

955 2762 1079 2785 Tantum
1090 2761 1230 2793 spirantes,
1246 2767 1326 2792 aequo
1337 2762 1487 2787 certamine
1499 2762 1602 2787 bellum

955 2801 1058 2833 Magnis
1068 2801 1102 2826 de
1112 2802 1189 2826 rebus
1199 2800 1271 2826 inter
1281 2808 1309 2826 se
1319 2808 1429 2826 cernere
1438 2806 1559 2827 certant:

925 2878 961 2902 ut
975 2872 1039 2902 una
1053 2872 1181 2903 veniant
1193 2883 1282 2903 voces
1300 2874 1407 2904 bellum
1430 2885 1559 2906 cernere.
1603 2875 1648 2905 Et

928 2926 1060 2955 Tantum
1077 2926 1238 2963 spirantes,
1250 2930 1287 2955 ut
1299 2924 1477 2964 Euripides,
1493 2925 1645 2956 Androm.
