1926 3224
314 223 404 274 118

806 228 866 275 T.
919 227 1299 278 LUCRETII

453 356 696 411 Consequiae
716 355 908 411 quodque
926 366 987 397 est
998 357 1086 411 jam
1105 371 1244 399 rerum
1263 373 1316 400 ex
1335 358 1479 401 ordine
1497 369 1621 405 certo.

510 430 704 471 Crescere
723 429 903 485 itemque
922 429 1008 471 dies
1027 430 1136 481 licet,
1158 439 1198 472 et
1218 431 1422 474 tabescere
1442 435 1613 487 nocteis,

337 509 420 545 680
451 504 507 546 Et
525 503 656 544 minui
675 502 800 554 luces,
822 518 947 559 quom
967 512 1132 546 sumant
1150 506 1345 563 augmina
1363 515 1522 558 noctes;

449 577 552 627 Aut,
575 577 670 633 quia
690 576 748 618 sol
768 577 894 628 idem,
916 578 991 619 sub
1011 586 1139 620 terras
1159 587 1281 635 atque
1301 595 1491 636 superne,

449 650 668 706 Inparibus
688 665 856 692 currens
875 651 1152 704 amfractibus,
1175 653 1338 695 aetheris
1358 669 1451 696 oras

449 725 598 776 Partit,
620 732 661 766 et
679 725 724 766 in
743 725 894 780 parteis
914 740 999 768 non
1019 741 1157 783 aequas
1177 727 1323 769 dividit
1342 728 1504 779 orbem;

346 896 421 927 Ver.
434 898 509 926 678.
529 895 677 934 Impense
688 894 786 934 laetor,
803 900 834 925 et
849 895 928 926 mihi
939 897 1029 928 valde

302 948 420 988 placeo,
441 947 482 977 ob
496 946 654 977 verissime
669 947 845 977 restitutam
866 947 925 978 loci
953 959 1028 979 sane

301 999 413 1030 lubrici
428 999 627 1038 scripturam:
645 998 694 1029 cui
707 1009 747 1029 ne
757 998 879 1029 lividuli
889 999 1028 1040 quidem,

299 1050 423 1090 opinor,
454 1049 480 1080 si
503 1049 606 1080 nolint
620 1059 685 1080 esse
700 1050 795 1080 famae
809 1051 941 1090 propriae
955 1061 1026 1090 pro-

301 1101 466 1142 fligatores,
492 1102 652 1133 audebunt
685 1103 864 1144 obgannire.
909 1103 1026 1135 Versus

299 1154 335 1184 in
350 1153 538 1185 editionibus
552 1154 678 1194 publico
697 1166 758 1186 usu
783 1155 863 1186 tritis
887 1156 930 1187 sic
948 1156 1026 1187 solet

300 1206 455 1238 exhiberi:

326 1282 452 1314 Consequa
463 1285 560 1307 natura
570 1283 674 1314 estjam
685 1289 776 1308 rerum
787 1290 824 1309 ex
836 1284 928 1310 ordine
938 1286 1023 1309 certo.

301 1353 369 1384 Nec
385 1353 468 1384 male
482 1353 624 1391 forsitan,
638 1354 780 1393 quamvis
802 1354 842 1384 de
857 1354 1026 1384 Latinitate

298 1405 381 1436 vocis
399 1417 546 1444 consequa
574 1415 685 1444 parum
711 1404 843 1445 liqueat;
866 1415 940 1435 nam
965 1405 1026 1435 alia

297 1462 372 1486 sunt
386 1455 603 1496 hujuscemodi
619 1455 652 1484 in
669 1455 828 1493 Lucretio,
850 1461 974 1495 propter
988 1455 1025 1484 li-

297 1514 435 1538 terarum
451 1512 645 1537 vetustarum
666 1507 875 1537 vastissimum
898 1506 1024 1537 naufra-

296 1559 398 1599 gium,
423 1559 513 1588 nobis
528 1560 612 1597 oia-a}
628 1565 782 1598 λεγομενα.
827 1559 879 1589 Sic
894 1559 1025 1598 scriptus

296 1615 344 1640 est
357 1609 452 1639 etiam
468 1609 501 1639 in
521 1610 546 1639 F
548 1609 712 1647 lorentina,
737 1609 887 1648 Juntinii,
909 1609 1025 1639 codici-

296 1662 415 1702 busque
431 1661 587 1702 castigatis
603 1661 668 1699 Pii;
684 1672 742 1691 nec
757 1661 863 1692 minus
878 1662 911 1691 in
925 1661 964 1692 Ο.
979 1668 1023 1692 Ω.

298 1713 362 1744 Sed
377 1720 520 1744 nostrum
551 1715 728 1753 Consequiae
750 1718 908 1752 comparet
929 1713 964 1742 in
988 1713 1024 1743 L.

298 1765 349 1796 M.
367 1771 399 1795 et
413 1770 534 1794 vetusto
549 1764 654 1794 codice
671 1763 831 1794 Gronovii.
856 1764 905 1793 Ac
917 1763 1024 1794 nullus

295 1816 419 1853 dubito,
437 1815 514 1855 quin
533 1814 661 1853 Apuleii
687 1813 785 1844 dictio
813 1823 937 1853 prorsus
959 1824 1023 1844 una

295 1866 336 1897 sit
350 1872 444 1906 atque
460 1864 581 1902 eadem,
607 1875 626 1894 a
641 1870 724 1894 recto
749 1865 927 1904 Consequia,
951 1864 1024 1895 licet

298 1919 499 1956 Consequz‘um
533 1915 668 1946 arriserit
699 1915 868 1953 immerito,
897 1921 927 1945 et
956 1916 1022 1946 sine

293 1968 416 2006 caussa,
438 1974 504 1998 tam
520 1966 757 2008 lexicographis,
784 1977 880 2007 quam
895 1967 1021 1998 editori-

293 2021 370 2056 bus;
393 2024 466 2049 met.
482 2029 509 2048 v.
525 2028 556 2057 p.
575 2021 648 2049 564.
672 2017 721 2048 ed.
741 2017 887 2048 Oudend.
905 2028 933 2057 p.
952 2022 1021 2049 105.

294 2070 344 2101 ed.
368 2069 494 2099 Pricaei:
522 2072 543 2087 “
563 2068 607 2098 At
631 2068 764 2108 Psyche,
788 2069 893 2099 statim
918 2079 1019 2100 resur>

295 2123 320 2139 ‘⁴
335 2119 437 2161 gentis
453 2119 520 2159 ejus
535 2129 625 2149 crure
639 2119 747 2149 dextro
758 2119 902 2150 manibus
913 2121 1019 2150 amba·

294 2176 318 2191 “
333 2173 392 2202 bus
400 2177 530 2210 arrepto,
540 2171 682 2201 sublimis
692 2171 859 2201 evectionis
867 2174 1020 2212 appendix·

293 2227 316 2242 ‘⁵
333 2223 521 2262 miseranda,
534 2230 566 2253 et
576 2233 630 2262 per
642 2223 764 2253 nubilas
776 2223 881 2263 plagas
891 2223 1021 2262 penduli

295 2278 318 2294 “
334 2273 502 2305 comitatus
533 2280 671 2304 extrema
692 2277 866 2314 consequia,
892 2274 1020 2305 tandem

293 2328 316 2344 “
332 2325 412 2356 fessa
426 2325 580 2356 delabitur
595 2324 690 2355 solo.‘’
738 2324 841 2362 Idem,
856 2324 931 2355 ibid.
947 2335 975 2355 x.
990 2336 1019 2364 p.

296 2380 366 2408 712.
389 2377 437 2407 vel
460 2387 489 2416 p.
520 2379 659 2407 224.—“
687 2376 869 2416 posthabitis
902 2376 1020 2407 decoris

293 2431 316 2448 “
333 2428 509 2468 praedarum
526 2428 680 2468 carpentis
686 2440 696 2466 3
718 2439 798 2469 quae,
814 2428 928 2468 partim
943 2438 1017 2458 con-

294 2485 317 2501 “
333 2488 425 2520 tecta,
440 2482 552 2522 partlm
567 2482 712 2520 revelata,
721 2482 835 2512 frustra
845 2482 1020 2512 novissimis

292 2537 315 2553 “
335 2535 537 2565 trahebantur
566 2533 805 2574 conseqzciis.—-''
848 2534 924 2565 Jam
946 2543 1019 2564 vero

295 2585 391 2616 Vind.
417 2588 583 2626 Conseque;
610 2586 649 2616 V.
665 2585 712 2616 ed.
738 2587 915 2626 Consequae;
939 2596 1019 2616 verae

291 2636 420 2668 lectioni
441 2648 536 2678 quam
558 2638 711 2677 proxime:
741 2637 777 2668 P.
796 2643 832 2668 Δ.
859 2639 1020 2678 Consequi-

291 2693 358 2723 tum·
384 2688 420 2718 Β.
449 2695 491 2719 Π.
519 2691 701 2729 Consequere
708 2703 718 2724 ;
747 2693 781 2720 Σ.
808 2690 1017 2728 Consequelur.

292 2741 471 2778 —quoclque
486 2746 546 2770 esc:
572 2739 616 2769 sic
632 2740 667 2770 P.
683 2739 737 2770 sed
754 2739 849 2769 Vind.
859 2739 900 2769 V.
913 2738 960 2769 ed.
977 2739 1016 2768 Β.

292 2787 329 2818 L.
346 2788 394 2818 M.
411 2794 445 2818 Δ.
464 2796 503 2819 Π.
521 2794 556 2821 Σ.
581 2801 706 2830 quoque,
724 2790 790 2820 sine
805 2796 846 2821 est
855 2805 865 2826 ,-
884 2795 916 2820 at
930 2790 1016 2819 sche-

290 2848 344 2868 ma
358 2840 627 2878 compendiariam
649 2845 666 2871 ἓ
691 2841 780 2871 nullo
803 2841 930 2882 negotio
943 2840 1017 2871 elidi

291 2894 413 2929 poterat
433 2890 589 2922 consimili
611 2891 778 2931 elemento,
801 2892 886 2934 quod
908 2901 1016 2923 vocem

1071 898 1297 938 praecedentetn
1312 898 1442 930 claudit:
1469 904 1562 941 atque
1578 900 1675 937 aliter,
1702 906 1738 932 ut
1758 907 1795 932 ut

1071 951 1138 980 haec
1151 961 1184 980 se
1199 961 1248 981 res
1262 951 1384 988 habeat,
1410 956 1547 981 metrum
1573 951 1742 991 claudicat;
1763 959 1795 984 et

1071 1000 1140 1031 talis
1155 1001 1269 1032 tibicen
1279 1001 1327 1031 vel
1338 1001 1484 1031 conviciis
1496 1001 1689 1042 efflagitatur.
1713 1004 1793 1035 Por·

1070 1062 1116 1090 ro,
1136 1063 1252 1092 quoque
1268 1058 1299 1082 et
1312 1054 1449 1092 quodque
1465 1051 1556 1082 facile
1571 1053 1722 1084 confundi
1738 1064 1794 1093 po·

1070 1103 1165 1132 tuisse
1179 1113 1274 1132 nemo
1287 1112 1351 1132 non
1363 1102 1459 1139 videt3
1476 1112 1512 1132 ac
1524 1113 1597 1133 sane
1609 1115 1666 1144 quo
1676 1109 1708 1134 et
1715 1107 1796 1145 quod

1068 1163 1282 1192 saepenumero
1298 1159 1491 1184 commutata
1501 1160 1584 1184 sunt.
1621 1154 1797 1194 Nimirum,

1067 1204 1209 1244 quamvis
1223 1206 1280 1235 hoc
1297 1205 1346 1235 vix
1364 1205 1442 1235 tanti
1457 1205 1507 1244 sit,
1530 1212 1567 1236 ut
1581 1216 1655 1237 cum
1671 1206 1795 1238 lectori-

1069 1257 1127 1286 bus
1141 1256 1367 1286 communicari
1382 1256 1501 1292 debeat,
1511 1262 1583 1287 ante
1594 1267 1795 1297 reposueram

1068 1309 1205 1347 quodque
1220 1317 1259 1337 ex
1276 1307 1463 1348 conjectura,
1491 1314 1584 1349 atque
1612 1309 1795 1340 necessitate

1069 1361 1174 1391 versus
1188 1361 1381 1400 impellente,
1405 1371 1501 1402 quam
1516 1362 1657 1392 noverim
1672 1362 1707 1393 in
1729 1362 1796 1393 ullo

1070 1411 1149 1441 libro
1178 1412 1395 1450 comparuisse.
1442 1413 1506 1442 Res
1535 1419 1641 1443 autern
1669 1413 1703 1443 in
1727 1417 1796 1444 tuto

1070 1462 1197 1502 navigat
1203 1474 1212 1500 3
1236 1468 1275 1497 et,
1307 1462 1395 1498 adeo,
1422 1473 1492 1503 quae
1507 1469 1685 1503 supersunt,
1707 1473 1794 1494 exse-

1070 1524 1216 1554 quamur,
1232 1524 1306 1545 cum
1320 1515 1618 1554 interpretationem,
1631 1516 1672 1547 ad
1682 1515 1795 1548 seriem

1069 1567 1245 1604 verborum,
1275 1565 1467 1596 dederimus:
1502 1570 1524 1584 “
1545 1569 1688 1608 Quodque
1712 1568 1747 1609 (i.
1767 1579 1794 1599 e.

1070 1620 1091 1635 “
1109 1624 1255 1648 eventum
1271 1628 1374 1648 unum
1388 1617 1548 1658 quodque)
1559 1625 1602 1650 est
1612 1621 1794 1660 consequioe,

1071 1670 1093 1685 “
1110 1667 1157 1697 vel
1186 1668 1426 1708 consequentiae,
1453 1679 1487 1699 ex
1513 1671 1618 1700 ordine
1642 1676 1722 1701 certo
1745 1682 1793 1702 re-

1251 1721 1499 1759 Exspectavisses
1513 1721 1617 1752 forsan
1631 1726 1793 1763 consequia

1067 1771 1101 1800 in
1117 1772 1244 1802 unitatis
1266 1782 1417 1810 numero;
1438 1772 1492 1803 sed
1517 1773 1602 1804 haud
1625 1774 1715 1804 aliter
1740 1785 1792 1805 ve-

1067 1828 1146 1853 teres
1161 1824 1274 1862 passim
1297 1824 1331 1853 in
1353 1824 1517 1863 permultis
1539 1825 1735 1861 dictionibus,
1757 1832 1794 1857 ut

1066 1884 1145 1912 pene
1160 1874 1275 1913 pudeat
1288 1874 1362 1905 huic
1377 1874 1542 1905 inhaerere:
1568 1875 1637 1906 vide
1652 1886 1722 1917 quae
1737 1877 1791 1908 de-

1068 1923 1168 1954 derim
1181 1924 1221 1954 ad
1234 1924 1394 1964 Sophoclis
1406 1925 1538 1956 Philoct.
1552 1929 1604 1958 35.
1622 1927 1690 1957 Nec
1701 1937 1794 1967 supra

1067 1987 1132 2007 non
1147 1977 1291 2018 quaedam
1306 1978 1455 2016 diximus,
1469 1979 1503 2008 in
1518 1979 1555 2009 iv.
1573 1982 1629 2011 591
1639 2002 1646 2010 .
1660 1980 1700 2010 ad
1711 1981 1791 2011 hanc

1066 2028 1199 2059 formam
1215 2030 1366 2060 sermonis
1381 2030 1575 2069 pertinentia.
1620 2031 1733 2062 Aderit
1744 2037 1790 2062 ta-

1064 2090 1138 2111 men
1156 2081 1299 2119 Ovidius,
1313 2087 1387 2112 met.
1403 2092 1450 2112 xv.
1470 2085 1538 2112 165.

1070 1721 1093 1737 “
1105 1718 1208 1750 rum.”

1127 2172 1251 2204 Cognovi
1261 2173 1382 2205 clypeum,
1394 2172 1473 2197 laevae
1482 2173 1624 2205 gestamina
1636 2178 1747 2200 nostrae.

1074 2247 1222 2278 Alterum
1235 2247 1353 2286 placuit
1368 2247 1508 2285 Maroni,
1523 2247 1564 2277 ad
1578 2247 1652 2278 AEn.
1663 2247 1706 2278 iii.
1718 2250 1790 2280 286.

1096 2335 1158 2359 AEre
1169 2341 1236 2359 cavo
1246 2335 1368 2367 clypeum,
1380 2334 1472 2367 magni
1480 2309 1608 2366 gerstamen
1620 2334 1740 2360 Abantis.

1063 2410 1181 2441 Videas
1195 2411 1321 2450 insuper
1336 2410 1445 2450 Eurip.
1464 2409 1618 2440 Androm.
1637 2411 1731 2440 1274.
1757 2414 1788 2439 et

1063 2462 1266 2499 Barnesium;
1289 2472 1362 2492 cum
1385 2460 1526 2501 ejusdem
1548 2459 1709 2491 Heraclid.
1735 2463 1784 2492 19.

1063 2523 1158 2554 quem
1173 2513 1278 2544 locum
1295 2512 1443 2543 Reiskius
1457 2512 1540 2542 male
1555 2512 1733 2543 solicitabat.

1105 2574 1180 2604 Ver.
1204 2576 1275 2606 679.
1297 2574 1384 2604 licet:
1421 2574 1507 2603 abest
1529 2573 1570 2603 V.
1594 2571 1783 2602 eti-tabes-

1062 2636 1145 2656 cere:
1165 2631 1199 2656 Δ.
1215 2625 1599 2659 crebesccre.—Caeterum,
1609 2632 1724 2653 caussae
1735 2623 1783 2652 in-

1063 2676 1231 2717 aequalium
1248 2677 1381 2713 dierum,
1404 2687 1480 2717 quas
1495 2680 1598 2706 noster
1612 2673 1711 2713 ponit,
1734 2684 1783 2704 ra-

1062 2727 1198 2758 tionibus
1213 2728 1352 2767 Epicuri,
1374 2737 1452 2768 quas
1466 2726 1626 2766 Diogenes
1641 2725 1784 2756 La‘e‘rtius

1061 2779 1212 2817 exhibuit,
1236 2779 1277 2809 ad
1297 2789 1326 2809 x.
1347 2781 1397 2810 98.
1419 2776 1585 2807 lectoribus
1607 2775 1782 2815 adeundus,

1059 2831 1144 2861 haud
1160 2831 1305 2862 videntur
1318 2840 1357 2860 ex
1371 2829 1458 2860 omni
1473 2834 1558 2868 parte
1576 2827 1758 2859 consentire.

1103 2891 1183 2923 Ibid.
1205 2893 1351 2924 tabescere
1379 2893 1509 2922 nocteis:
1533 2889 1553 2920 i.
1577 2899 1603 2921 e.
1626 2889 1714 2930 quasi
1742 2888 1780 2919 li-
