1926 3224
259 210 346 254 172

754 202 814 250 T.
865 199 1241 248 LUCRETII

395 333 528 375 Sentit
547 332 655 373 enim
674 330 758 370 vim
777 330 947 384 quisque
965 342 1080 369 suam
1099 327 1211 384 quod
1229 328 1355 382 possit
1374 328 1498 370 abuti.

395 406 562 447 Cornua
581 411 678 444 nata
695 403 808 458 prius
826 402 953 444 vitulo
973 416 1096 457 quam
1114 401 1314 442 frontibus
1333 409 1506 451 exstent,

394 479 476 520 Illis
494 479 620 519 iratus
639 477 756 532 petit,
779 485 900 532 atque
919 475 1085 516 infestus
1105 476 1312 532 inurguet:

257 558 361 593 1035
394 553 452 593 At
471 552 615 594 catulei
634 550 943 607 pantherarum,
966 549 1225 604 scymneique
1244 549 1422 598 leonum,

394 625 630 682 Unguibus,
652 640 699 666 ac
718 623 889 679 pedibus
902 624 990 678 jam
1009 630 1097 663 tum
1117 636 1334 678 morsuque
1353 628 1597 679 repugnant,

392 699 479 739 Vix
499 699 621 740 etiam
640 712 765 754 quom
785 706 879 738 sunt
897 697 1038 738 dentes
1057 709 1293 752 unguesque
1314 696 1475 737 createi.

393 773 550 814 Alitum
570 786 772 826 proporro
792 785 920 826 genus
941 771 1012 812 alis
1032 786 1154 812 omne
1173 769 1356 811 videmus

396 845 557 895 Fidere,
579 852 619 886 et
639 859 663 884 a
681 845 826 898 pennis
845 844 1062 885 tremulum
1081 852 1218 899 petere
1240 842 1493 883 auxiliatum.

258 924 364 960 1040
395 918 592 968 Proinde,
612 926 756 973 putare
776 918 950 974 aliquem
970 927 1058 960 tum
1077 917 1246 960 nomina
1265 915 1513 958 distribuisse

294 1092 369 1123 Ver.
394 1095 485 1124 1030.
517 1092 672 1134 infantia:
696 1091 717 1123 i.
741 1103 766 1124 e.
789 1093 972 1133 impotentia

254 1144 418 1184 loquendi3
437 1143 543 1175 redeas
557 1144 598 1175 ad
612 1155 672 1175 ver.
688 1148 759 1175 224.
806 1145 972 1183 Cicero,de

253 1195 366 1226 invent.
382 1196 401 1226 i.
417 1199 446 1225 3.
471 1198 493 1214 “
509 1195 641 1236 infantes
665 1201 696 1225 et
724 1195 902 1234 insipientes
916 1197 972 1225 ho-

257 1250 280 1265 “
295 1247 438 1277 mines:’'
461 1246 481 1277 i.
497 1257 523 1277 e.
546 1247 704 1286 imperitos
718 1247 848 1276 omnino
862 1246 958 1276 fandi.

294 1298 370 1328 Ver.
388 1301 477 1328 1031.
504 1300 616 1332 Quom.-
636 1304 676 1328 11.
696 1299 786 1333 Quoe‚·
804 1307 868 1327 non
882 1297 973 1327 male.

253 1355 345 1379 —ue.-
373 1348 420 1379 M.
434 1354 656 1379 et.—monstrec
668 1361 678 1377 .·
703 1347 746 1377 sic
761 1347 832 1376 libri
857 1352 975 1376 veteres

252 1400 400 1438 universi,
416 1400 449 1429 ni
460 1399 619 1436 fallimur;
635 1399 728 1438 longe
737 1398 974 1438 elegantissime,

252 1460 288 1481 ac
312 1461 384 1481 vere
413 1464 582 1484 worumnus:
608 1449 739 1479 editores
760 1448 975 1488 illepidissllni,

253 1508 434 1537 monstrent;
451 1511 552 1541 neque
567 1501 665 1537 aliter,
676 1500 702 1530 si
717 1500 765 1530 fas
780 1506 826 1530 est
839 1499 974 1537 credere,

253 1553 350 1584 Vind.
374 1558 405 1583 et
427 1553 464 1583 B.
494 1551 548 1582 sed
562 1550 709 1590 vapulent
724 1550 829 1591 ignavi
844 1556 875 1581 et
888 1550 976 1581 infidi

253 1604 422 1635 collatores.

297 1665 369 1696 Ver.
387 1668 479 1696 1052.
500 1666 578 1696 vim.-
603 1664 640 1695 L.
657 1665 704 1695 M.
733 1671 777 1695 Ω.
803 1666 865 1700 vis,-
890 1663 975 1694 haud

254 1716 401 1754 deterius,
409 1715 434 1746 si
444 1715 549 1746 liceret
560 1715 653 1745 etiam
665 1726 737 1745 suas
747 1715 889 1744 scribere:
905 1714 975 1744 vide

254 1768 288 1798 ii.
305 1771 376 1799 586.
420 1768 465 1797 Et
478 1767 558 1797 forte
574 1776 614 1796 an
635 1765 815 1806 exquisitior
839 1765 976 1795 formula

255 1819 396 1849 librarios
409 1817 567 1848 ludificata
588 1817 639 1854 sit,
659 1823 690 1847 et
713 1830 746 1847 ‘ro
759 1828 845 1847 suam
860 1818 919 1847 vim
942 1817 975 1846 in

255 1869 376 1900 codices
388 1868 599 1908 importaverit
609 1872 720 1907 praeter
730 1873 869 1897 mentem
879 1867 976 1906 po'e'tae

257 1933 292 1953 ac
320 1922 498 1962 primariam
527 1922 719 1960 scripturam.
765 1921 871 1961 Atque
900 1920 975 1950 ordo

255 1981 301 2005 est
316 1974 577 2014 constructioque:
604 1977 627 1992 “
647 1972 788 2013 Quisque
807 1972 893 2002 enim
907 1982 977 2002 sen-

257 2031 279 2044 “
296 2026 346 2064 tit,
367 2025 452 2066 quod
468 2025 564 2064 possit
578 2024 663 2054 abuti
691 2034 781 2054 suam
796 2023 891 2053 vim.”
936 2023 979 2053 Et

257 2079 316 2106 hoc
331 2076 402 2106 ideo
417 2074 613 2105 monendum
627 2075 733 2109 habui,
756 2074 829 2114 quia
848 2073 978 2104 editores

257 2126 518 2167 impudentissimi
535 2126 573 2156 de
587 2136 645 2156 suo
661 2125 824 2156 rescribere
839 2135 903 2155 non
924 2135 977 2155 ex-

258 2178 397 2218 paverint
416 2189 519 2218 quam,
542 2187 597 2216 pro
626 2178 713 2216 quod.
747 2181 780 2206 Σ.
804 2178 870 2215 qui:
904 2175 922 2204 i.
948 2185 976 2206 e.

257 2229 321 2269 qui,
338 2228 386 2259 vel
401 2239 457 2270 quo
473 2229 570 2258 modo:
589 2237 626 2257 ex
638 2226 889 2266 interpretatione
897 2226 978 2256 scili-

258 2287 313 2311 cet.

301 2341 375 2370 Ver.
395 2342 483 2370 1055.
508 2340 629 2370 Cornua
648 2339 739 2369 vitulo
754 2337 915 2377 frondibus
929 2347 977 2367 ez·-

258 2398 344 2422 slent.
390 2390 544 2421 Horatius
564 2389 686 2419 videtur
707 2389 778 2427 plus
798 2388 893 2418 semel
916 2398 978 2418 non

260 2443 424 2472 immemor
439 2440 568 2481 hujusce
586 2440 652 2471 loci.
697 2439 851 2475 Primum,
874 2439 907 2468 iu
929 2439 977 2469 od.

259 2493 302 2522 iii.
320 2496 367 2522 15.
382 2495 411 2522 3.

353 2583 417 2606 cras
428 2581 566 2606 donaberis
577 2580 655 2610 hedo,

384 2621 434 2645 cui
437 2621 524 2652 from,
535 2620 636 2652 turgida
650 2620 765 2645 cornibus

322 2661 426 2690 Primis,
435 2664 463 2686 et
475 2662 616 2690 Venerem,
627 2664 654 2686 et
663 2660 764 2692 prelia,
774 2659 891 2684 destinat.

264 2734 398 2772 Deinde,
413 2735 453 2765 ad
467 2741 520 2765 sat.
533 2735 563 2765 ii.
581 2739 607 2765 1.
625 2739 673 2766 52.

294 2828 343 2856 Ut,
353 2833 401 2858 quo
411 2827 512 2858 quisque
523 2828 607 2857 valet,
617 2831 751 2859 suspectos
761 2829 870 2856 ten-cat,
880 2828 965 2856 utque

294 2869 398 2897 Imperet
409 2865 449 2890 hoc
460 2868 559 2890 Natura
571 2869 675 2897 potens,
685 2866 721 2890 sic
733 2866 826 2898 collige
838 2871 955 2890 mecum.

1045 1103 1125 1126 Dente
1135 1098 1223 1131 lupus,
1235 1103 1312 1123 cornu
1323 1099 1424 1125 taurus,
1433 1094 1513 1126 petit.-
1531 1093 1613 1124 unde,
1631 1093 1680 1119 nisi
1695 1094 1734 1119 in-

1136 1141 1189 1167 tus,

1045 1179 1224 1202 Monstratum
1231 1177 1273 1200 2-

1057 1261 1133 1290 Ver.
1153 1263 1243 1290 1054.
1259 1259 1402 1300 infestus.-
1421 1258 1464 1288 sic
1474 1258 1595 1289 videtur
1604 1258 1737 1289 voluisse

1016 1312 1163 1349 Vossius,
1192 1311 1343 1341 referente
1375 1311 1608 1350 Havercampo3
1641 1317 1671 1341 et
1693 1310 1738 1340 sic

1018 1368 1142 1402 egomet
1168 1361 1399 1392 rescribendum
1421 1361 1592 1391 existimavi
1614 1367 1740 1401 propter

1019 1413 1232 1443 indubitatum
1255 1412 1540 1452 antiquissimorum
1555 1410 1738 1451 exemplari-

1021 1477 1076 1497 um
1093 1466 1315 1501 testimonium‚
1330 1475 1428 1505 quum
1443 1476 1470 1496 ss
1485 1471 1517 1495 et
1529 1471 1556 1496 st
1571 1464 1604 1495 in
1620 1464 1740 1495 minus-

1020 1517 1098 1548 culis
1113 1517 1221 1547 formis
1234 1516 1394 1547 literarum
1415 1526 1510 1556 quam
1524 1515 1656 1546 minime
1677 1515 1740 1547 dis-

1020 1575 1154 1609 crepent.
1184 1568 1278 1598 vind.
1293 1568 1329 1598 L.
1346 1568 1393 1598 M.
1412 1573 1457 1598 Ω.
1472 1567 1612 1608 infissus;
1627 1569 1740 1604 caeteri,

1018 1623 1172 1663 infensus:
1198 1620 1282 1661 quod
1307 1619 1463 1650 editorum
1487 1629 1620 1650 numero
1634 1629 1738 1659 recep-

1019 1679 1088 1703 tum
1102 1678 1156 1702 est.
1203 1670 1322 1702 Passim
1336 1680 1408 1700 vero
1429 1670 1614 1700 commutari
1640 1669 1738 1700 solere

1019 1724 1110 1753 verba
1131 1721 1269 1765 infhnsus
1291 1727 1322 1751 et
1350 1721 1488 1762 infestus,
1519 1726 1550 1751 te
1579 1720 1740 1751 certiorem

1019 1774 1110 1804 faciet
1135 1772 1420 1810 Drakenborchius,
1443 1771 1482 1802 ad
1510 1771 1576 1801 Liv.
1596 1771 1627 1801 ii.
1643 1775 1694 1802 46.
1708 1774 1739 1802 ⁷.

1018 1835 1092 1855 cum
1108 1834 1169 1854 var.
1184 1824 1267 1853 lectt.
1286 1823 1326 1853 ad
1340 1823 1430 1862 Virg.
1448 1822 1522 1852 AEn.
1535 1831 1562 1852 v.
1578 1825 1650 1852 641.
1668 1821 1737 1852 Au-

1018 1877 1070 1908 rel.
1087 1876 1170 1907 Vict.
1189 1876 1261 1915 epit.
1277 1875 1310 1905 ii.
1327 1879 1356 1905 4.

1021 1936 1110 1966 Huic
1125 1935 1219 1965 etiam
1241 1934 1310 1964 loco
1332 1943 1528 1973 summopere
1541 1933 1740 1971 conveniunt,

1020 1997 1090 2027 quae
1105 1986 1253 2026 leguntur
1274 1985 1307 2015 in
1330 1984 1532 2015 Halieuticon
1553 1984 1738 2024 fragmento,

1023 2047 1081 2067 ver.
1097 2040 1127 2066 2.
1151 2036 1205 2066 ubi
1231 2041 1372 2065 nostrum
1399 2034 1526 2064 laudare
1548 2044 1612 2063 non
1626 2033 1740 2064 oblitus

1023 2093 1069 2119 est
1083 2087 1180 2118 editor
1191 2085 1401 2125 nuperrimus:

1051 2180 1162 2212 Accepit
1173 2180 1291 2204 mundus
1301 2180 1404 2211 legem;
1417 2179 1491 2204 dedit
1500 2185 1574 2203 arma
1585 2186 1630 2211 per
1638 2185 1743 2210 omnes,

1051 2221 1254 2250 Admonuitque
1265 2220 1315 2244 sui:
1330 2219 1429 2243 vitulus
1439 2219 1474 2244 sic
1487 2226 1602 2250 namque
1613 2219 1742 2249 minatur,

1052 2260 1104 2291 Qui
1115 2260 1235 2284 nondum
1247 2259 1316 2290 gerit
1326 2259 1353 2282 in
1364 2258 1456 2283 tenera
1461 2258 1519 2288 jam
1531 2264 1630 2282 cornua
1640 2257 1741 2289 fronte5

1053 2301 1093 2324 Sic
1105 2300 1194 2323 damae
1206 2298 1326 2330 fugiunt,
1339 2302 1459 2330 pugnant
1470 2298 1570 2322 virtute
1578 2298 1680 2328 leones,

1052 2340 1084 2363 Et
1096 2345 1185 2363 morsu
1199 2338 1282 2367 canis,
1293 2341 1319 2362 et
1334 2337 1428 2362 caudae
1439 2337 1475 2361 sic
1485 2336 1602 2368 scorpius
1613 2336 1679 2362 ictu.

1065 2423 1137 2453 Ver.
1163 2424 1252 2453 1035.
1284 2422 1419 2461 scymnei
1442 2421 1569 2450 leonum.
1613 2419 1743 2459 Proprie

1023 2474 1142 2504 dictum
1157 2479 1214 2503 est.
1258 2471 1447 2512 Hesychius:
1477 2475 1616 2509 Σκυμνος·
1641 2471 1742 2501 ‹ienu-

1024 2527 1083 2564 λαξ
1099 2538 1136 2556 τε
1152 2532 1270 2557 Maura.
1296 2522 1377 2552 Vide
1390 2521 1573 2552 scholiasteu
1584 2520 1624 2551 ad
1633 2519 1741 2560 Eurip-

1024 2577 1104 2607 Hec.
1139 2579 1208 2607 204.
1231 2574 1371 2615 ejusdem
1401 2574 1495 2612 Supp.
1521 2575 1610 2602 1222.
1642 2571 1739 2601 Hom.

1024 2627 1062 2657 11.
1079 2633 1113 2658 Σ.
1129 2626 1332 2658 519.-Mox
1351 2631 1395 2655 Ω.
1418 2634 1544 2660 morsus,
1558 2631 1613 2660 pro
1626 2631 1742 2652 morsu-

1023 2690 1086 2719 que.

1064 2738 1138 2768 Ver.
1157 2741 1248 2769 1056.
1271 2746 1369 2767 morsu
1384 2733 1518 2774 scymnez'
1530 2733 1656 2762 leonum.
1685 2731 1739 2762 Ci-

1021 2799 1102 2825 cero,
1124 2780 1186 2819 nat.
1202 2789 1284 2819 deor.
1298 2788 1329 2817 ii.
1346 2790 1395 2818 50.
1429 2788 1452 2803 “
1468 2784 1542 2815 Jam
1564 2782 1618 2812 illa
1639 2783 1739 2813 cerni-

1025 2847 1046 2863 “
1064 2854 1141 2879 mus,
1165 2850 1200 2874 ut
1226 2848 1332 2874 contra
1352 2844 1470 2871 metum
1493 2844 1525 2869 et
1545 2837 1608 2868 vim
1630 2837 1694 2868 suis
1707 2847 1740 2867 se
