1926 3224
617 235 852 284 LIBER
898 231 1203 282 SEXTUS.

1558 237 1653 283 275

306 369 510 419 Grandia,
541 382 634 425 quae
654 375 864 424 nequeunt
883 367 1036 422 pariter
1054 371 1270 421 penetrare
1288 376 1362 419 per
1381 375 1520 404 auras:

308 445 446 500 Atque
465 443 543 484 alia
561 456 614 484 ex
635 442 724 497 ipso
743 440 971 482 conradens
990 441 1086 481 ae're
1104 445 1243 494 portat

306 517 494 566 Parvola,
525 529 618 572 quae
638 515 793 556 faciunt
811 514 966 569 ignem,
999 512 1227 561 conmixta,
1259 509 1450 552 volando.

194 596 274 632 305
307 591 405 632 Non
425 590 502 632 alifi
522 590 644 646 longe
663 588 836 635 ratione,
867 600 916 626 ac
935 584 1128 639 plumbea
1147 598 1257 639 saepe

305 663 480 706 Fervida
499 662 546 703 fit
565 662 681 718 glans
700 661 743 700 in
764 673 901 708 cursu,
933 672 1076 714 quom,
1107 656 1238 698 multa
1256 658 1404 714 rigoris

306 737 493 791 Corpora
512 735 736 785 dimittens,
767 734 906 791 ignem
927 733 1116 788 concepit
1135 733 1180 772 in
1200 731 1323 772 auris.

361 809 429 850 Fit
448 823 626 865 quoque,
655 816 703 850 ut
722 808 848 863 ipsius
867 807 1000 864 plagae
1019 806 1078 847 vis
1098 805 1253 846 excitet
1270 804 1427 862 ignem,

302 882 472 940 Frigida
489 896 617 938 quom
635 881 746 923 venti
765 880 922 937 pepulit
941 880 1015 930 vis,
1046 879 1170 921 missa
1189 878 1276 920 sine
1293 878 1403 935 igni;

158 1041 197 1072 ab
210 1049 276 1071 uno
295 1039 452 1070 schemate
472 1038 562 1070 casus
582 1038 670 1075 sexti,
692 1040 774 1078 igne,
801 1037 886 1068 venit

158 1094 258 1132 igneo,
286 1093 402 1131 ignesco
409 1105 419 1126 ‚-
443 1089 513 1120 vide
539 1090 687 1120 Priscian.
711 1089 764 1119 lib.
792 1089 833 1119 ix.
855 1100 884 1128 p.

159 1146 231 1174 858.
253 1149 284 1173 et
299 1144 337 1172 ab
351 1141 448 1172 alteri
466 1141 649 1182 antiquiore,
672 1143 741 1181 igni
755 1141 882 1179 scilicet,

156 1194 382 1225 Lucretianum
403 1196 529 1234 ignisco,
553 1199 585 1224 et
605 1196 689 1233 ignia
705 1193 882 1230 Prudenfii,

156 1246 319 1286 peristeph.
337 1248 428 1277 1378.
448 1255 544 1286 quem
566 1245 639 1276 satis
654 1245 801 1276 audacter
814 1246 883 1276 bar-

138 1327 140 1332 ,
155 1297 282 1328 barismi
297 1295 429 1326 Vossius
444 1297 504 1328 hac
517 1297 556 1327 de
570 1296 678 1327 caussa}
692 1296 836 1336 postulat.

198 1355 280 1386 Ibid.
302 1358 336 1387 in
352 1358 468 1396 spacio:
493 1356 513 1386 i.
534 1366 561 1386 e.
583 1355 662 1386 dum
675 1355 881 1396 progreditur,

155 1406 236 1438 dum
250 1407 332 1437 viam
345 1407 474 1447 peragit.
518 1407 608 1437 Hinc
628 1412 745 1443 autem,
770 1413 806 1437 ut
834 1412 881 1437 ta·

140 1467 242 1488 >ceam
264 1457 304 1488 de
325 1457 568 1497 locupletissimo
586 1458 712 1488 Silianae
733 1458 881 1488 imitatio-

156 1510 206 1540 nis
235 1510 426 1548 testimouio‚
455 1510 539 1550 quod
568 1511 796 1550 praeripuerunt
816 1510 885 1548 alii,

155 1566 187 1591 et
215 1561 340 1601 egregie
361 1561 517 1592 commisit
534 1561 699 1599 Heinsius,
725 1561 766 1592 ad
791 1562 882 1602 liqui-

155 1612 233 1643 dum
248 1613 426 1652 perducitur
439 1613 494 1644 issa
510 1613 635 1654 Virgilii
657 1613 820 1653 scriptura,
841 1613 881 1644 ad

155 1674 223 1704 geo·
239 1664 261 1694 i.
277 1667 349 1696 513.

186 1747 234 1775 Ut,
246 1753 330 1780 quum
341 1746 489 1771 carceribus
499 1753 554 1772 sese
563 1745 680 1771 effudere
691 1746 842 1779 quadrigae,

155 1785 158 1788 ⁴
183 1785 295 1811 Addunt
305 1785 332 1810 in
343 1786 497 1818 spatio—.-

153 1859 176 1890 i.
193 1870 220 1891 e.
243 1863 265 1879 “
281 1859 469 1891 celeritatem
490 1871 526 1891 ac
541 1861 620 1891 vires
635 1861 739 1892 eundo
753 1862 879 1892 sibimet

155 1915 179 1930 “
193 1911 388 1953 acquirunt?
431 1912 612 1943 Pronomen
626 1920 732 1943 autem
747 1913 786 1944 de
800 1925 878 1954 prae-

154 1963 334 1994 cedentibus
345 1963 548 2003 repetendum
564 1971 617 1995 est.
640 1965 775 2002 Plinius,
791 1965 877 2005 epist.

152 2016 194 2046 vi.
211 2019 260 2046 20.
278 2019 326 2046 12.
350 2019 371 2034 “
387 2015 483 2054 Dein,
508 2026 641 2049 manum
656 2017 724 2057 ejus
738 2017 877 2057 amplex-

153 2069 176 2085 “
191 2076 239 2103 us,
265 2068 376 2097 addere
398 2069 532 2106 gradum
547 2067 660 2107 cog0.²’
705 2067 805 2098 Hirtii
829 2068 875 2099 lo-

152 2127 235 2153 cum,
258 2117 297 2147 de
312 2116 381 2147 bell.
397 2117 497 2148 Afric.
512 2116 574 2148 lxx.
588 2121 617 2148 5.
639 2118 722 2149 male
743 2120 805 2149 huc
827 2130 874 2150 re-

151 2167 252 2198 latum
265 2168 490 2208 Oudendorpio
505 2169 578 2199 satis
591 2169 762 2200 constiterit
775 2176 875 2201 atton-

153 2225 186 2249 to
200 2219 306 2249 animo
319 2220 558 2260 perlegentibus.
736 2233 738 2235 ’

196 2277 269 2308 Ver.
284 2282 356 2310 304.
387 2281 537 2310 Parvola:
570 2280 606 2311 P.
634 2279 729 2311 vind.
755 2280 798 2311 V.
827 2280 874 2311 ed.

155 2331 194 2362 Ο.
212 2336 247 2362 Δ.
264 2337 298 2363 Σ.
317 2339 362 2363 Ω..
378 2335 525 2366 Parvula.

196 2392 280 2424 Ibid.
300 2393 431 2434 faciunt
456 2397 555 2435 ignem
586 2396 722 2426 volando.
767 2395 875 2426 Maro—

152 2453 227 2474 nem
241 2454 478 2484 componamus,
493 2446 533 2476 ad
549 2446 623 2476 AEn.
638 2456 666 2477 v.
681 2448 754 2477 525.

153 2526 275 2556 Namque
284 2526 378 2550 volans
388 2526 494 2557 liquidis
504 2526 531 2550 in
543 2526 656 2551 nubibus
665 2526 729 2553 arsit
738 2527 850 2553 arundo.

196 2596 269 2627 Ver.
284 2597 356 2629 505.
373 2599 515 2638 plumbea
543 2600 650 2639 glans.-
674 2598 782 2630 redeas
811 2609 871 2630 ver.

154 2649 225 2678 177.

193 2699 269 2730 Ver.
283 2703 355 2731 506.
379 2702 512 2732 Fervida
526 2703 589 2744 fit:
616 2701 657 2732 V.
681 2701 728 2733 ed.
753 2703 874 2734 Fecun-

151 2752 192 2781 da
202 2753 266 2793 fic,·
294 2751 334 2782 O.
352 2757 387 2793 A.
401 2759 520 2791 autem,
536 2754 708 2785 Fer-vidior.

194 2809 269 2855 Ver.
283 2813 357 2842 507.
372 2814 526 2852 concepit:
547 2806 645 2843 vind.
658 2811 764 2843 Voss-ii
779 2812 874 2845 MSS.

153 2864 293 2902 concipit.

197 2922 277 2953 Ibid.
299 2925 397 2963 ignem
415 2927 556 2966 conccpic.
602 2925 648 2957 Ut
673 2925 815 2960 locutum
829 2927 874 2958 vi-

929 1036 988 1067 deo
1004 1035 1174 1070 Avienum‚
1191 1035 1280 1065 Atat.
1298 1036 1390 1065 1645.
1411 1043 1506 1074 quem
1519 1032 1553 1064 in
1569 1039 1653 1064 tran-

928 1088 990 1118 situ
1016 1093 1046 1117 et
1070 1086 1253 1122 emendabo,
1282 1091 1314 1116 et
1338 1085 1451 1116 rectius
1472 1086 1654 1126 explicitum

927 1138 1103 1169 vindicabo:

957 1220 1034 1250 Saepe
1046 1218 1128 1243 etiam
1138 1217 1241 1242 Phoebo
1252 1216 1336 1242 nubes
1346 1222 1469 1248 percussa
1480 1215 1594 1241 rubescit
1601 1224 1612 1246 ;

956 1259 999 1286 Et,
1009 1258 1140 1282 meditata
1151 1257 1194 1282 dei
1205 1256 1334 1286 formam,
1345 1256 1440 1287 procul
1449 1255 1506 1287 igne
1516 1258 1628 1286 recepto

956 1297 1065 1330 Concipit
1074 1297 1202 1329 effigiem,
1213 1296 1341 1321 simulato
1352 1295 1464 1321 numinis
1475 1296 1548 1320 orbe.

926 1373 1001 1404 Jam
1031 1382 1093 1412 quo
1131 1382 1273 1402 successu
1301 1370 1526 1401 divinationem
1561 1380 1652 1401 suam

929 1423 1059 1453 Grotius
1087 1422 1126 1452 sit
1161 1422 1361 1462 periclitatus,
1400 1423 1500 1462 Aeque
1529 1421 1652 1452 imitata

925 1474 1053 1511 scilicet,
1080 1483 1137 1513 pro
1159 1472 1389 1514 elegantissimis
1410 1480 1442 1504 et
1462 1473 1576 1504 indol‘ss
1598 1483 1652 1503 ex-

925 1526 1047 1566 quisitae
1074 1525 1178 1564 phrasi
1208 1526 1251 1555 Et
1280 1526 1440 1562 meditata,
1476 1524 1653 1555 luculenter

925 1577 981 1606 tibi
1002 1582 1282 1607 commonstratum
1296 1575 1416 1606 dabunt
1437 1575 1653 1606 annotationes

924 1639 1003 1660 meae
1019 1629 1059 1660 ad
1080 1639 1140 1660 ver.
1159 1632 1230 1659 111.
1253 1629 1383 1669 hujusce
1397 1628 1476 1659 libri.
1521 1627 1653 1660 Adseri-

924 1683 997 1712 bam
1013 1682 1141 1722 insuper
1155 1682 1327 1718 Nasonem,
1350 1687 1422 1712 met.
1438 1681 1458 1711 i.
1474 1684 1547 1713 255.
1627 1689 1630 1691 ’

939 1763 989 1787 Sed
999 1763 1102 1792 timuit,
1113 1769 1147 1787 ne
1157 1761 1228 1787 forte
1238 1769 1311 1786 sacer
1321 1765 1364 1786 tot
1375 1762 1408 1786 ab
1422 1762 1526 1793 ignibus
1539 1762 1630 1787 aether

910 1798 914 1801 ’
937 1801 1077 1834 conciperet
1085 1801 1217 1832 stammas,
1226 1802 1375 1833 longusque
1385 1803 1534 1827 ardesceret
1543 1801 1614 1836 axis.

966 1875 1038 1907 Ver.
1053 1879 1125 1907 508.
1157 1877 1273 1916 ipsius:
1301 1875 1396 1906 vind.
1420 1876 1463 1906 V.
1486 1875 1533 1906 ed.
1557 1879 1593 1908 Δ.
1615 1880 1652 1909 Σ-

921 1930 1012 1968 ipsis;
1035 1928 1121 1958 unde
1146 1928 1186 1958 O.
1212 1939 1246 1958 ez·
1261 1930 1352 1968 z'psis;
1374 1934 1411 1958 ut
1437 1934 1538 1958 metro
1564 1928 1652 1959 labo·

913 1979 1003 2010 *tanti
1031 1982 1380 2020 succurreret.—.plagae
1407 1981 1467 2010 vis.-
1493 1979 1590 2010 Vind.
1608 1980 1652 2010 V.

920 2030 968 2061 ed.
992 2036 1027 2061 A.
1047 2036 1082 2062 Σ.
1099 2037 1144 2062 Ω.
1162 2033 1267 2070 plagae
1286 2031 1366 2072 eju&
1393 2030 1506 2060 iisdem
1526 2040 1651 2070 prorsus

918 2084 1117 2114 lineamentis
1135 2083 1305 2114 literarum.

961 2146 1038 2176 Ver.
1051 2149 1123 2176 309.
1143 2147 1280 2186 pepulit:
1305 2144 1325 2175 i.
1341 2155 1366 2175 e.
1383 2157 1424 2184 τῳ
1438 2145 1559 2183 aliquid
1574 2144 1648 2174 sub'-

921 2196 1043 2234 audit03
1068 2195 1139 2226 vide
1159 2206 1222 2227 ver.
1244 2199 1319 2227 516.
1365 2196 1509 2226 Verbum
1530 2195 1649 2226 scilicet

922 2248 1061 2278 absolute
1083 2248 1212 2285 ponitur
1241 2258 1297 2287 pro
1320 2249 1525 2287 pulsationem
1544 2247 1653 2287 ficit}

921 2300 968 2330 uti
984 2300 1118 2339 perculit
1136 2300 1171 2329 in
1184 2309 1276 2331 versu
1291 2299 1431 2339 proxime
1453 2299 1648 2339 insequente,

919 2357 951 2381 et
965 2350 1059 2381 modo
1075 2351 1216 2390 superius
1231 2354 1410 2391 oppremere,
1426 2360 1487 2380 ver.
1504 2352 1575 2380 285.

962 2411 1037 2441 Ver.
1052 2414 1125 2441 510.
1147 2412 1240 2451 quia:
1271 2410 1312 2441 V.
1337 2409 1385 2440 ed.
1411 2410 1481 2450 quis
1503 2413 1542 2439 ut
1564 2417 1647 2440 emp

917 2467 988 2492 tum
1001 2461 1074 2491 alibi
1090 2466 1136 2492 est
1150 2461 1222 2501 plus
1236 2460 1340 2492 semel.
1630 2492 1632 2495 ,

911 2538 913 2540 -
960 2520 1043 2552 Ibid.
1067 2523 1217 2562 perculit:
1250 2521 1271 2551 i.
1297 2531 1324 2551 e.
1357 2519 1401 2549 ita
1429 2519 1590 2558 percussit,
1611 2525 1649 2550 nt

912 2574 1037 2613 penit-us
1069 2579 1244 2613 conquasset
1273 2576 1536 2611 commoveatque.
1580 2571 1648 2601 Ve-

917 2634 985 2654 ram
999 2624 1065 2654 vim
1082 2623 1227 2654 dictionis
1248 2623 1353 2654 nescio
1375 2632 1416 2653 an
1436 2632 1524 2652 unus
1541 2621 1649 2652 docto-

917 2683 988 2706 rum
1004 2677 1099 2714 probe
1119 2675 1298 2715 perceperit,
1325 2679 1380 2705 aut
1401 2673 1477 2713 quid
1491 2673 1584 2704 distet
1605 2684 1648 2714 ey

913 2729 1064 2767 percutio,
1095 2726 1241 2757 tenuerit.
1284 2724 1547 2763 Emendabimus,
1574 2724 1648 2755 hinc

918 2779 1030 2818 exorsi,
1047 2778 1217 2815 Catullum,
1235 2779 1270 2808 in
1283 2777 1356 2808 lxiv.
1370 2779 1446 2809 565.

949 2859 1039 2890 Quom
1049 2861 1130 2888 teres,
1141 2857 1249 2883 excelso
1260 2859 1450 2883 coacervatum
1460 2861 1568 2889 aggere,
1584 2855 1649 2882 bus²

1041 2902 1102 2923 tum
1156 2904 1162 2907 ·

949 2938 1073 2970 Excipiet
1083 2938 1176 2964 niveos
1183 2941 1308 2971 percussae
1318 2937 1426 2970 virginis
1436 2939 1521 2962 artusr
