1926 3224
527 257 758 308 LIBER
820 250 1174 312 QUINTUS.

1498 252 1588 290 183

249 394 401 436 Mutua
419 393 519 434 dum
540 392 647 432 inter
667 406 708 431 se
727 388 869 438 ramei,
892 387 1129 441 stirpesque,
1159 387 1365 423 teruntur:

114 474 219 510 1100
251 469 440 518 Quorum
462 476 678 521 utrumque
697 464 855 505 dedisse
873 469 1006 515 potest
1027 456 1266 498 mortalibus
1285 455 1435 511 ignem.

310 542 414 583 Inde
433 542 569 582 cibum
589 551 777 592 coquere,
809 550 855 574 ac
874 534 1052 573 ssammae
1072 530 1227 570 mollire
1246 541 1411 582 vapore,

251 616 321 658 Sol
340 615 495 662 docuit3
528 611 721 666 quoniam
741 607 951 647 mitescere
970 603 1098 643 multa
1117 601 1323 650 videbant,

252 687 498 729 Verberibus
518 683 727 724 radiorum
747 688 868 734 atque
888 685 988 717 aestu
1009 676 1129 724 victa,
1151 688 1225 728 per
1245 687 1376 729 agros.

257 763 387 817 Inque
407 760 491 800 dies
511 756 639 812 magis
659 756 702 795 in
722 754 874 794 victum
893 751 1096 804 vitamque
1115 748 1295 803 priorem

119 842 224 880 1105
257 837 508 877 Conmutare
527 831 642 872 novis
661 827 945 871 monstrabant
964 824 1083 866 rebus
1104 831 1144 863 et
1163 822 1265 878 igni,

113 995 189 1032 rius,
209 993 247 1024 de
261 992 374 1033 quibus
393 997 424 1021 te
438 990 530 1021 faciet
550 988 643 1020 index
660 988 831 1020 certiorem.

113 1046 236 1076 —Huc
261 1050 364 1074 autem
379 1043 542 1082 pertinent,
568 1052 638 1082 quae
655 1041 730 1071 dicit
754 1040 831 1070 San-

116 1098 292 1132 choniatho,
319 1095 402 1134 apud
425 1095 540 1124 Euseb.
563 1103 654 1132 praep.
680 1103 724 1122 ev,
746 1092 765 1122 i.
784 1095 832 1121 10.

114 1151 198 1187 Ἑξῆς
222 1156 312 1188 φησιν,
338 1159 396 1178 ατο
420 1153 500 1179 Γενες
523 1152 621 1178 Amne
645 1158 694 1174 mu
719 1150 834 1185 Πρωτο-

118 1212 188 1240 γονυ
216 1201 359 1239 γενηθῆναι
387 1199 461 1230 αυθις
499 1195 603 1229 παιδας
639 1196 760 1230 symm,
798 1194 834 1227 οἷς

120 1264 183 1281 emm
213 1263 339 1289 ονοματα
366 1255 444 1284 cvm,
482 1261 531 1277 και
559 1253 631 1287 I'Iup,
662 1259 711 1275 και
739 1245 832 1282 <DJ-02·

119 1303 204 1338 οὗτοι,
235 1308 324 1340 φησιν,
362 1312 393 1330 εκ
430 1298 602 1340 παρατριὲης
640 1297 730 1334 ξυλων
767 1295 835 1337 εὖρον

120 1363 181 1394 «ηρ.

161 1412 235 1441 Ver.
267 1414 356 1441 1100.
387 1412 518 1444 Quorum
550 1415 727 1448 utrumque:
763 1406 784 1436 i.
813 1416 838 1436 e.

121 1468 185 1493 tam
207 1462 350 1492 incensus
371 1461 477 1490 attritu
491 1460 570 1489 rami
592 1469 696 1488 ramus
717 1456 839 1492 arbon's.

121 1524 217 1554 quam
230 1513 328 1543 fomes
342 1512 487 1550 scintilla,
515 1521 552 1541 ex
568 1510 662 1540 ramis
677 1509 839 1545 emicante,

122 1564 171 1595 vel
185 1563 311 1594 flamma
325 1562 474 1602 expressa,
491 1571 662 1592 succensus.

166 1617 238 1648 Ver.
256 1621 346 1648 1101.
368 1628 505 1656 coquere:
544 1616 583 1646 O.
612 1622 651 1646 Π.
680 1625 838 1655 quoquere.

123 1679 288 1708 —vapore:
315 1669 350 1698 P.
366 1669 406 1698 V.
423 1668 469 1697 ed.
487 1668 524 1697 B.
542 1667 583 1696 O.
602 1673 644 1696 Π.
663 1671 696 1697 Σ.
723 1673 766 1696 Ω.
788 1677 840 1696 va-

119 1734 220 1764 parem
227 1739 238 1758 ,.-
263 1721 347 1751 unde
361 1721 440 1751 mihi
455 1719 650 1750 simillimum
670 1728 742 1748 vero
756 1717 841 1747 vide—

123 1780 174 1804 tur
189 1773 370 1804 Lucretium
392 1771 552 1810 scripsisse,
579 1778 610 1799 et
633 1769 790 1809 eleganter
811 1773 842 1798 et

124 1825 226 1855 docte:

126 1903 192 1928 Inde
201 1903 291 1928 cibum
303 1909 427 1934 coquere,
443 1905 469 1927 et
481 1901 601 1926 flammat
613 1899 697 1924 molire
708 1902 842 1931 vaporem,

126 1942 169 1967 sol
181 1942 347 1967 docuit—2

126 2013 145 2044 i.
161 2023 185 2043 e.
210 2017 232 2032 “
247 2013 386 2054 aggredi,
401 2018 432 2043 et
446 2018 587 2050 tractare,
597 2021 742 2051 vaporem
757 2010 844 2040 flam-

127 2068 150 2083 “
165 2075 235 2101 mae,
248 2065 287 2095 ad
298 2066 379 2094 hanc
394 2065 495 2103 ipsam
509 2075 576 2094 rem
589 2063 807 2103 perficiendam
815 2061 845 2099 ;”

126 2115 166 2146 ad
194 2115 277 2146 cibos
311 2115 489 2156 coquendos
524 2115 648 2145 scilicet.
693 2113 849 2144 Librarios

127 2167 256 2198 arbitror
269 2167 412 2206 deceptos
426 2166 641 2208 antiquissima
655 2176 728 2196 voce
743 2167 846 2200 molio5

128 2219 218 2260 cujus
229 2219 358 2259 vestigia
379 2219 553 2249 etiamnum
569 2223 686 2248 restant
703 2217 737 2247 in
752 2217 847 2256 passi-

128 2280 168 2300 vo
182 2272 298 2306 molior,
320 2270 480 2309 participio
495 2272 632 2307 moliens,
653 2274 683 2298 et
698 2268 849 2307 composi-

127 2328 160 2351 to
181 2331 303 2361 quoque
325 2323 466 2352 demolio:
492 2321 531 2351 de
550 2320 660 2360 quibus
683 2319 850 2359 lexicogra-

129 2372 183 2412 phi
199 2371 381 2402 consulendi
395 2377 478 2402 sunt.
523 2371 627 2401 Possis
649 2370 754 2407 etiarn,
777 2369 853 2399 citra

129 2423 289 2462 scripturae
319 2423 536 2459 mutationem,
566 2423 730 2452 verborum
755 2426 852 2451 struc-

130 2481 234 2505 turam
264 2473 418 2513 expedioe,
447 2483 504 2503 nec
527 2473 688 2503 invenuste
717 2471 851 2512 quidem,

130 2526 190 2556 hoc
208 2525 302 2556 modo
317 2534 404 2554 sane:
432 2527 453 2542 “
471 2523 551 2553 Inde
575 2523 620 2553 sol
635 2523 739 2553 docuit
761 2533 853 2562 vapo-

133 2579 156 2594 “
172 2586 237 2606 rem
274 2575 410 2605 flammae
442 2584 572 2614 coquere
597 2584 633 2604 ac
661 2573 783 2603 mollire
811 2575 854 2604 ci-

134 2631 157 2646 “
172 2627 281 2657 bum.''
327 2626 422 2662 Quod
450 2631 570 2655 rectum
599 2624 742 2661 forsitam
782 2634 857 2654 nam

133 2679 184 2709 vix
213 2678 363 2714 dubitem,
400 2677 542 2718 quamvis
578 2686 689 2715 parum
725 2675 858 2716 diligens

134 2731 372 2770 Havercampus
396 2735 505 2765 taceat,
530 2729 606 2769 quin
632 2727 719 2759 codd.
745 2728 780 2759 L.
810 2728 857 2759 M.

135 2785 248 2825 pariter
263 2786 429 2816 exhibeant
443 2796 591 2824 vaporem.

181 2836 261 2868 Ibid.
271 2839 415 2878 flammae
430 2838 545 2866 mollire
564 2845 681 2874 vapore,
699 2835 861 2865 mitescere.

873 985 940 1009 Sunt
951 983 1042 1008 herbae
1054 981 1143 1006 dulces
1151 989 1159 1011 3
1177 981 1250 1009 sunt,
1266 982 1327 1010 quae
1339 976 1461 1002 mitescere
1475 975 1596 1006 flammi,

875 1022 1034 1053 Molliriquffi
1054 1023 1168 1052 queant:

875 1091 1027 1129 Lucretii,
1050 1096 1085 1120 ut
1099 1095 1218 1129 putem,
1242 1097 1306 1117 non
1328 1087 1502 1115 immemor.
1548 1085 1599 1114 De

877 1152 1034 1185 ωμοφαγιᾳ
1070 1143 1242 1182 primorum
1279 1139 1457 1174 hominum,
1496 1136 1600 1166 videas

879 1197 1029 1235 Porphyr.
1048 1195 1087 1225 de
1102 1196 1178 1224 abst.
1197 1193 1215 1223 i.
1234 1195 1282 1221 13.
1305 1201 1398 1231 quam
1414 1199 1454 1219 an
1471 1187 1602 1218 voluerit

878 1247 1041 1284 Horatius,
1063 1256 1103 1275 an
1127 1250 1367 1282 αλλκλοφαγιαν,
1397 1241 1454 1270 erit
1476 1239 1602 1269 fortasse

877 1297 1071 1327 commodius
1101 1293 1279 1335 disputandi
1315 1298 1445 1330 tempus.
1491 1290 1602 1324 Locus,

880 1359 973 1389 quem
987 1348 1158 1383 innuimus,
1174 1346 1207 1376 in
1223 1350 1277 1375 art.
1293 1344 1373 1384 po'e't.
1388 1346 1460 1374 392.
1484 1341 1602 1372 inveni-

882 1407 945 1431 tur:

915 1479 1063 1512 sylvestres
1073 1477 1195 1502 homines
1205 1483 1277 1501 sacer
1287 1475 1470 1507 interpresque
1481 1475 1594 1499 deorum

914 1518 1026 1542 cedibus
1037 1522 1064 1543 et
1075 1517 1151 1541 victu
1153 1516 1218 1548 fedo
1231 1514 1360 1540 deterruit
1371 1513 1500 1545 orpheus.

926 1594 1000 1623 Ver.
1018 1595 1112 1623 1102.
1137 1593 1186 1622 Sol
1201 1592 1320 1621 docuit.-
1341 1595 1380 1619 Π.
1392 1590 1449 1619 Sed
1465 1589 1607 1618 docui.—

884 1647 1047 1685 quoniam.-
1084 1650 1119 1674 Δ.
1153 1645 1317 1683 quomo(lo,·
1350 1648 1390 1671 Π.
1420 1651 1505 1676 cum;
1539 1639 1556 1669 i.
1581 1648 1606 1668 e.

884 1708 985 1736 quom,
1006 1695 1089 1735 quod
1104 1700 1248 1724 exaratur
1264 1695 1297 1723 in
1313 1694 1353 1723 V.
1369 1692 1416 1722 ed.

929 1755 1008 1785 Ibid.
1032 1757 1080 1785 Sol
1095 1756 1207 1784 docuit.
1239 1751 1515 1788 Quemadmodum
1530 1750 1608 1790 legi·

884 1817 955 1836 mus
974 1806 1007 1835 in
1024 1804 1210 1843 AEthiopicis
1233 1802 1410 1837 Heliodori‚
1434 1800 1610 1839 Porphyrio

884 1859 923 1889 de
942 1856 1137 1893 abstinentia,
1158 1861 1250 1894 atque
1276 1854 1412 1883 aliorum
1434 1852 1611 1881 monimen.

885 1909 936 1947 tis,
957 1908 1055 1938 solere
1083 1906 1225 1936 nationes
1248 1904 1416 1934 nonnullas
1440 1905 1538 1942 pisces
1562 1913 1611 1933 co-

887 1971 976 2002 quere
991 1960 1026 1990 in
1041 1960 1130 1994 saris,
1152 1957 1202 1987 vel
1216 1958 1331 1995 arenis,
1347 1955 1419 1986 solis
1435 1954 1544 1985 ardore
1558 1964 1611 1984 va-

890 2013 1013 2053 potatis.

934 2063 1014 2094 Ibid.
1037 2065 1189 2093 mitescere
1212 2060 1402 2090 Verberibus:
1426 2062 1462 2086 ut
1476 2057 1541 2086 fera
1555 2055 1614 2085 sci-

891 2115 964 2145 licet
978 2113 1125 2144 animalia
1139 2112 1316 2141 domantur.
1339 2108 1424 2138 Vide
1440 2107 1528 2147 Virg.
1545 2116 1613 2146 geo.

891 2167 923 2197 ii.
937 2170 988 2196 56.
1534 2166 1538 2168 ’

935 2217 1010 2247 Ver.
1028 2218 1118 2246 1105.
1148 2213 1323 2244 Verberibus
1338 2212 1505 2240 radiorum.
1537 2208 1615 2238 Pul-

894 2269 967 2299 chre
982 2267 1101 2297 dictum
1115 2271 1168 2300 est,
1195 2274 1252 2294 nec
1267 2262 1413 2293 audacter
1434 2260 1542 2290 nimis:
1569 2269 1616 2289 re-

896 2321 927 2351 di
943 2329 1002 2349 ver.
1018 2322 1089 2348 486.
1116 2316 1192 2347 Pari
1207 2314 1361 2355 elegantia
1378 2312 1524 2343 Psalmus
1538 2311 1616 2341 cxxi.

896 2375 924 2402 6.
941 2376 976 2401 ut
991 2369 1149 2399 Hebra'ica
1163 2378 1196 2397 se
1211 2367 1340 2396 habent:
1362 2367 1384 2382 “
1399 2362 1541 2393 Interdiu
1553 2371 1619 2391 non

896 2425 919 2440 “
934 2428 965 2451 te
976 2423 1019 2452 sol
1028 2421 1190 2460 percutiet,
1206 2427 1242 2447 ac
1253 2421 1348 2446 noctu
1359 2413 1484 2445 Luna.'’
1509 2412 1620 2452 Neque

895 2472 1001 2503 lectori
1021 2481 1126 2501 versus
1153 2468 1321 2509 exquisitos
1343 2466 1454 2496 Nonni
1469 2464 1621 2504 denegare

899 2534 1037 2564 possum,
1053 2524 1087 2552 in
1103 2522 1232 2561 Dionys.
1250 2530 1278 2550 x.
1293 2530 1322 2559 p.
1337 2521 1409 2548 276.

1399 2602 1508 2637 ὑψιτορε
1522 2602 1547 2627 δε

921 2658 1018 2687 Φευγων
1035 2655 1178 2680 HEA1010
1190 2649 1400 2686 μεσπμῖριζυσοιν
1409 2649 1624 2678 ῚΜΑΣΘΛΗΝ,

917 2704 1026 2736 ‘Hc-azae
1039 2701 1196 2734 παιφλαζῡντι
1211 2701 1290 2733 δεμας
1304 2699 1414 2733 ςαιδρωε
1429 2703 1523 2731 λοετρῳ.

905 2783 1006 2821 Supra
1019 2779 1167 2820 pedestris
1182 2778 1330 2809 orationis
1340 2776 1548 2818 aequalitatem
1559 2773 1626 2804 Pli-

904 2833 977 2863 nius
991 2832 1131 2872 erigitur,
1152 2831 1186 2861 in
1200 2836 1263 2860 nat.
1285 2829 1354 2860 hist.
1376 2828 1408 2858 ii.
1431 2829 1548 2858 45.—“
1565 2825 1628 2855 sive

141 2886 283 2925 Ovidius,
319 2887 353 2918 in
382 2885 575 2918 nobilissima
605 2885 735 2915 maximi
763 2884 864 2924 operis
908 2887 932 2903 “
946 2883 1084 2922 disparili
1098 2882 1270 2912 errantium
1285 2883 1418 2912 siderum
1434 2881 1509 2916 ictu,
1524 2878 1628 2908 raclio-

141 2937 287 2976 porfione,
303 2945 376 2970 met.
390 2949 440 2970 xv.
455 2942 505 2970 78.
526 2938 570 2968 sic
584 2935 736 2977 apposite:

187 2997 240 3027 Vo
247 3007 277 3028 1..
292 2997 361 3028 111.

909 2938 1077 2975 “rumque
1113 2932 1301 2964 multiformi
1332 2932 1424 2973 jactu
1448 2930 1629 2970 flagellatus

881 2995 915 3025 N
