1926 3224
563 257 798 307 LIBER
846 254 1147 306 SEXTUS.

1499 260 1586 304 391

252 389 538 446 Extorquebat
556 390 665 431 enim
684 389 810 431 vitam
829 389 889 430 vis
909 387 1098 430 morbida
1117 385 1322 429 membris.

308 463 553 505 Incomitata
571 463 660 518 rapi
680 462 891 504 certabant
908 461 1053 503 funera
1071 468 1195 502 vasta.

250 535 339 578 Nec
358 537 462 578 ratio
482 536 651 579 remedii
671 535 886 577 conmunis
905 542 1017 576 certa
1034 533 1225 576 dabatur:

110 611 216 649 1225
250 609 375 660 Nam,
397 610 508 666 quod
527 610 595 651 alii
614 609 784 651 dederat
802 608 955 649 vitaleis
973 607 1078 648 a'e'ris
1097 621 1217 648 auras

247 682 421 724 Volvere
439 684 482 724 in
502 698 574 724 ore
591 683 725 733 licere,
747 689 790 723 et
807 680 898 722 coeli
918 680 1069 736 templa
1087 680 1210 730 tueri,

247 755 382 798 Hocc'
401 757 487 798 aliis
507 765 594 798 erat
613 755 757 806 exitio,
776 755 983 811 letumque
1002 753 1186 810 parabat.

98 910 184 940 bere:
214 908 298 950 quod
312 918 429 947 caveas,
451 919 503 940 me
517 909 628 941 saltem
641 910 820 950 impulsore.

98 959 200 990 Haud
230 959 416 1000 displiceret,
443 966 476 990 et
497 961 626 1001 Virgilii
655 962 820 1001 parallelus

96 1010 185 1043 locus
205 1011 296 1047 favet,
321 1021 378 1042 nec
399 1011 586 1051 oppositioni
607 1011 819 1043 clausularum

98 1073 162 1094 non
176 1062 399 1094 consuleretur:

350 1165 438 1191 neque
446 1162 521 1185 noctu
531 1160 601 1185 secla
611 1159 798 1185 ferarum—-

95 1238 160 1276 Qui
177 1237 264 1270 locus
278 1238 321 1269 sic
335 1250 367 1270 se
381 1240 484 1278 habet,
501 1239 534 1270 in
549 1250 617 1280 geo.
631 1239 674 1270 iii.
690 1242 762 1271 558.

153 1336 213 1358 Non
223 1334 298 1366 lupus
308 1334 412 1359 insidias
423 1335 547 1367 explorat
559 1335 638 1360 ovilia
649 1335 763 1364 circum,

152 1375 206 1398 Nec
217 1374 340 1406 gregibus
351 1377 488 1399 nocturnus
499 1374 726 1399 obambulat—.

89 1456 250 1498 Denique,
276 1456 361 1488 libris
375 1457 556 1488 melioribus
569 1467 668 1488 manu
682 1457 814 1487 exaratis

87 1508 299 1546 obtemperare
313 1508 483 1548 perplacet3
499 1513 530 1539 et
544 1509 741 1539 vehementer
756 1508 812 1538 do-

88 1557 139 1589 leo
160 1568 225 1589 non
248 1569 324 1597 esse,
347 1559 401 1600 qui
428 1559 582 1590 Macrobii
607 1558 752 1600 reliquias
773 1558 813 1589 ad

86 1609 177 1641 codd.
209 1610 307 1640 MSS.
337 1610 450 1650 exigat,
476 1610 683 1650 castigetque3
712 1620 812 1650 quum

86 1660 186 1691 fidelis
200 1660 325 1691 collatio
345 1661 545 1701 scriptoribus
566 1661 693 1701 optimis
709 1661 810 1692 utilis-

85 1711 199 1742 simam
213 1723 339 1752 operam
354 1719 488 1745 navaret.
533 1714 683 1745 Conferas
705 1720 811 1745 autem

83 1764 203 1796 Lucan.
218 1765 238 1795 i.
254 1768 325 1797 559.

127 1826 208 1857 Ibid.
233 1828 301 1858 ZVec
315 1833 424 1859 temere
438 1829 503 1859 ulla
519 1830 584 1859 avis
606 1829 805 1868 Conparebat:

83 1879 132 1910 vel
146 1879 213 1918 ipsa
226 1881 336 1910 morbo
351 1880 492 1911 laborans
507 1881 631 1917 scilicet,
649 1881 698 1911 vel
707 1880 806 1911 oerni-

82 1930 140 1961 bus
154 1929 249 1960 etiam
271 1930 422 1970 pestiferis
445 1931 597 1962 devoratis
611 1937 804 1970 consumpta.

83 1981 136 2012 Sic
159 1980 369 2021 Thucydides,
390 1981 409 2012 l.
433 1992 651 2024 α-φειιμηριον
676 1981 710 2017 δε,
735 1984 803 2024 (pe-

79 2037 274 2071 remptamm
289 2032 411 2072 avium)
439 2046 493 2064 ‘rom
506 2046 559 2073 μεν
574 2045 691 2064 votur-mv
705 2035 804 2074 ορνιθων

80 2086 226 2123 §mumulus
243 2091 336 2124 σαφπς
353 2097 474 2124 εγενετο·
498 2099 549 2116 xm
561 2098 605 2126 εχ
620 2086 738 2127 {caparra
753 2097 804 2116 ετε

79 2143 190 2171 αλλως,
215 2147 264 2167 82¹5
280 2148 340 2175 περι
355 2147 464 2166 eostre-ov
480 2134 546 2167 εἶεν.

127 2195 209 2226 Ibid.
229 2198 423 2226 avis-noxia
438 2198 516 2227 secla
521 2196 679 2237 ferarum.
706 2196 800 2226 Sene-

77 2255 124 2283 ca,
147 2246 185 2277 de
200 2246 344 2277 clement.
359 2246 380 2276 i.
396 2250 445 2277 26.
469 2249 491 2265 ‘⁸
510 2247 590 2282 Quae
603 2246 667 2277 alia
681 2247 743 2277 vita
754 2257 800 2277 es-

78 2301 103 2316 “
117 2303 175 2335 set,
199 2297 224 2327 si
252 2299 361 2335 leones,
387 2299 522 2337 ursique,
554 2304 737 2338 regnarent3
775 2298 800 2328 si

76 2352 101 2368 “
117 2348 310 2387 serpentibus
324 2348 357 2377 in
373 2358 439 2384 nos,
462 2358 498 2379 ac
512 2351 716 2380 noxiosissimo
732 2350 798 2380 cuj-

77 2402 101 2419 “
116 2410 177 2440 que
200 2398 338 2435 animali,
362 2398 487 2429 daretur
511 2399 689 2439 potestas?''
716 2400 800 2431 Item

77 2450 241 2486 Martialis,
258 2459 286 2480 x.
303 2453 332 2480 5.

169 2530 320 2562 Abigatque
329 2533 405 2555 moto
415 2530 507 2556 noxias
517 2538 584 2556 aves
595 2538 693 2564 panno.

118 2610 193 2641 Ver.
218 2613 310 2642 1219.
334 2612 488 2642 Exilmnt:
523 2612 619 2643 Vind.
646 2618 681 2645 Σ.
705 2614 798 2644 Exie-

73 2663 156 2692 hant.

118 2713 200 2744 Ibid.
223 2715 409 2755 languebant
423 2716 532 2745 morbo.
557 2715 661 2755 Maro,
678 2726 745 2757 geo.
757 2717 795 2749 iv.

77 2769 98 2797 2
102 2768 152 2797 52.

236 2847 306 2872 tristi
315 2847 467 2879 languebant
477 2854 588 2880 corpora
599 2848 691 2873 morbo.

114 2912 191 2955 Ver.
210 2929 300 2957 1220.
323 2938 410 2958 curn:
438 2926 476 2958 V.
497 2927 544 2958 ed.
566 2935 794 2960 tame-canum

120 2983 209 3014 Vor..
226 2984 295 3014 ΙΙΙ.

862 911 920 941 vis:
944 909 986 940 V.
1001 909 1049 940 ed.
1071 913 1106 942 Σ.
1127 909 1278 946 cacumin
1300 906 1515 940 desiderantur
1532 917 1586 940 vo-

862 971 914 992 ces
928 961 962 991 in
978 960 1074 992 Vind.

907 1011 986 1042 Ibid.
1009 1023 1079 1042 cum
1091 1014 1202 1051 primis
1205 1013 1279 1054 fida
1296 1022 1407 1043 canum
1422 1013 1475 1043 vis.
1508 1011 1587 1042 Per-

862 1062 909 1102 git
923 1062 1071 1102 magister
1088 1062 1306 1093 Graecusz—ot‘
1317 1061 1345 1093 δε
1368 1075 1445 1097 ’conf
1467 1070 1588 1102 μαλλον

862 1115 985 1146 wadnam
1010 1125 1148 1155 aeapttzov
1173 1126 1210 1145 τυ
1239 1115 1450 1150 αποξαινοιτος,
1481 1113 1526 1145 31oe
1553 1127 1587 1146 ‘ro

860 1164 1075 1204 ξυνδιαιτισθαι.
1120 1165 1295 1204 Homerus,
1312 1164 1352 1196 Il.
1366 1172 1402 1196 A.
1418 1168 1471 1197 50.

879 1264 976 1293 Ουρηις
988 1270 1034 1294 μεν
1044 1271 1136 1298 xpm-ov
1152 1271 1270 1296 σῳχετο,
1290 1271 1338 1289 και
1349 1262 1468 1288 ΚΥΝΔΣ
1480 1271 1573 1306 apri-553

861 1337 968 1376 Silius,
998 1337 1057 1368 xiv.
1085 1341 1157 1370 594.
1186 1338 1240 1369 ubi
1265 1337 1358 1378 plura
1379 1337 1582 1369 Drakenbor-

858 1388 961 1418 chius:

950 1477 1010 1501 Vim
1019 1477 1097 1509 primi
1107 1483 1211 1503 sensere
1221 1485 1366 1503 canes—.

859 1546 1011 1577 Consulas
1024 1547 1152 1587 insuper
1174 1547 1378 1579 Heraclidem
1400 1548 1579 1588 Ponticum,

876 1619 884 1627 .
900 1600 972 1628 427.

854 1606 876 1636 p
899 1648 982 1679 Ibid.
994 1650 1069 1689 fida
1096 1660 1208 1680 canum
1233 1651 1287 1681 vis.
1331 1649 1513 1682 AEmulatus
1534 1658 1581 1684 est

855 1699 1062 1735 Mantuanus,
1076 1700 1153 1731 AEn.
1169 1700 1209 1731 iv.
1227 1703 1296 1732 152.
1310 1700 1351 1731 ad
1362 1710 1457 1741 quem
1472 1702 1579 1735 locum

853 1751 1059 1787 Burmannus
1073 1752 1211 1783 similem
1235 1751 1325 1784 Statii
1348 1753 1487 1792 phrasim
1510 1753 1579 1786 lau..

850 1807 916 1838 dat:

882 1889 1042 1922 Massylique
1053 1892 1137 1914 ruunt
1147 1889 1260 1921 equites,
1270 1891 1298 1914 et
1310 1888 1384 1914 odora
1396 1897 1490 1914 canum
1503 1890 1560 1916 vis.

850 1962 972 1994 Redeas
993 1962 1076 1994 dicta
1097 1962 1138 1993 ad
1162 1972 1190 1992 v.
1215 1965 1267 1992 28.
1285 1961 1476 2010 ‘Euripides
1492 1963 1574 1995 Hec.

848 2017 918 2046 293.

883 2101 926 2125 To
940 2099 963 2125 δ’
979 2099 1140 2129 ΑΞΙΩΜΑ,
1150 2097 1204 2132 κᾴν
1215 2109 1306 2127 κακᾶς
1316 2099 1418 2140 ΑΕῙΊΙ-ἶ,
1432 2108 1461 2125 το
1473 2107 1515 2126 σοι

884 2146 1005 2171 ΠΕῙΣΕΙ
1015 2156 1021 2171 ·.

845 2220 900 2251 ubi
914 2219 1069 2256 nonnulli,
1086 2219 1189 2250 nescio
1204 2230 1245 2249 an
1260 2218 1384 2251 indocte
1398 2221 1511 2261 magis,
1527 2232 1570 2254 an

844 2272 1001 2309 audacter,
1037 2271 1078 2302 de
1110 2281 1168 2301 suo
1196 2271 1427 2310 rescripserunt.
1466 2279 1569 2316 λεγῃς·

843 2323 955 2364 quibus
970 2323 1043 2353 satis
1058 2322 1180 2352 facilem
1193 2321 1340 2353 comitem
1353 2333 1492 2362 nuperus
1502 2324 1568 2355 edi.

843 2379 891 2405 tor
906 2373 1049 2404 Hecubae
1065 2383 1097 2404 se
1111 2372 1205 2404 dedit.
1229 2372 1393 2411 Phaedrus,
1408 2374 1440 2404 ii.
1457 2379 1486 2406 5.
1501 2379 1553 2406 23.

933 2447 1009 2471 Tum
1019 2446 1148 2478 sicjocata
1159 2448 1195 2470 est
1205 2446 1276 2471 tanti
1285 2446 1402 2478 majestas
1411 2447 1494 2472 ducis.

841 2511 917 2542 Alia
932 2510 973 2542 ad
987 2521 1121 2541 manum
1135 2510 1306 2550 prudentes
1319 2512 1523 2551 praeterimus.

885 2572 959 2602 Ver.
979 2575 1072 2602 1221.
1094 2574 1252 2603 animam.-
1271 2583 1291 2602 a
1306 2577 1341 2604 Δ.
1355 2574 1456 2610 abest3
1475 2573 1514 2604 Ο.
1530 2578 1565 2607 Σ.

842 2630 888 2655 Ω.
902 2626 1058 2660 animaru,-
1086 2624 1126 2655 V.
1151 2624 1200 2655 ed.
1224 2627 1318 2661 amn}
1343 2624 1354 2654 i
1388 2635 1415 2656 e.
1435 2627 1567 2656 afim.—

837 2685 934 2714 oegre:
961 2674 1058 2706 vind.
1074 2679 1109 2706 Σ.
1124 2686 1221 2715 oeger;
1248 2676 1287 2706 V.
1310 2675 1357 2706 ed.
1385 2687 1505 2715 aegere‚·
1527 2681 1565 2707 Δ.

837 2736 962 2765 aegram.
1008 2728 1106 2766 AEgre
1121 2732 1239 2763 autem,
1256 2726 1345 2756 valde
1359 2726 1517 2760 reluctata,
1533 2731 1566 2757 et

839 2786 911 2806 cum
927 2776 1169 2807 laboriosissimo
1177 2776 1329 2812 anhelitu,
1348 2782 1473 2815 propter
1481 2786 1562 2807 mor·

838 2828 870 2858 bi
886 2827 1082 2865 violentiam;
1107 2828 1153 2858 uti
1168 2828 1271 2858 statim
1291 2827 1472 2858 declaratur.
1505 2828 1562 2859 vi-

839 2878 884 2908 dit
900 2878 994 2908 etiam
1008 2879 1106 2917 po'etae
1121 2878 1172 2909 sui
1186 2884 1338 2916 mentem,
1354 2878 1400 2909 uti
1414 2879 1561 2919 oportuit⁵

840 2930 1086 2970 Havercampus.

787 2987 851 3018 Cc
