1926 3224
312 266 371 304 32

809 258 868 304 Τ.
909 257 1286 306 LUCRETII

335 391 418 428 230
450 387 538 429 Nec
557 384 808 440 crepitacillis
828 398 930 438 opus
950 390 1024 434 est,
1055 398 1132 425 nec
1154 385 1376 440 quoiquam
1395 388 1626 434 adhibenda
1644 401 1703 435 est

386 499 390 502 ,
448 460 582 502 Almae
601 457 771 508 nutricis
790 456 955 506 blanda,
977 464 1099 513 atque
1117 456 1305 508 infracta,
1325 459 1502 515 loquela3

446 533 535 574 Nec
555 532 685 573 varias
704 538 895 587 quaerunt
914 531 1056 572 vesteis
1075 546 1153 587 pro
1173 540 1357 587 tempore
1376 533 1481 574 coeli:

443 606 652 662 Denique,
673 620 758 647 non
778 605 901 647 armis
921 619 1023 660 opus
1043 612 1118 656 est,
1140 619 1225 647 non
1245 607 1448 649 moenibus
1467 608 1571 659 altis,

446 680 556 730 Quei
575 695 648 722 sua
666 687 869 729 tutentur3
901 679 1066 735 quando
1086 679 1277 722 omnibus
1297 681 1435 722 omnia
1453 681 1564 738 large

295 863 458 902 pitacillis;
485 867 529 892 Ω.
546 862 613 891 Nec
623 861 702 900 repit
715 862 853 891 ancillis:
871 870 941 901 quae
956 861 1017 892 dis-

295 911 517 942 similitudines
552 916 625 940 sunt
660 910 734 940 vitia
768 910 1020 942 manifestissima

296 961 431 1002 quidem,
457 967 487 991 et
511 961 667 1001 explicatu
689 961 851 1001 facillima,
877 962 1019 994 lectionis

294 1012 432 1050 sincerae,
456 1021 552 1052 quam
577 1012 788 1043 exhibuimus:
815 1013 851 1044 P.
870 1014 938 1045 IVec
953 1025 1017 1045 cre-

289 1065 430 1103 pitacula
444 1065 488 1094 eis
493 1079 504 1099 ,·
527 1063 575 1094 uti
589 1063 667 1094 solet
685 1064 835 1105 evulgari,
855 1065 930 1095 satis
944 1066 1016 1096 hor-

291 1114 369 1150 ride,
395 1120 426 1145 et
451 1114 536 1146 libris
561 1115 774 1146 vetustissimis
795 1122 887 1157 atque
913 1117 1014 1147 incor-

291 1165 478 1205 ruptissimis
492 1165 738 1197 reclamantibus.
781 1166 833 1197 Ita
849 1166 944 1198 MSS.
960 1178 1013 1198 ex-

292 1217 442 1256 emplaria
457 1217 655 1255 Tertulliani,
678 1228 740 1259 quo
761 1228 866 1256 nemo,
889 1218 914 1249 si
931 1219 1013 1250 exci-

290 1267 358 1307 pias
379 1277 480 1298 unum
498 1268 687 1307 Arnobium,
707 1268 882 1299 locutiones
896 1269 1013 1300 Lucre·

289 1318 391 1348 tianas
405 1317 602 1359 diligentiore
617 1318 719 1349 studio
743 1326 873 1350 venatus
898 1327 955 1358 est,
979 1321 1013 1351 in

287 1373 420 1400 tractatu
435 1369 502 1400 adv.
513 1370 536 1402 J
538 1369 589 1400 ud.
605 1380 669 1410 cap.
687 1374 779 1402 9.-“
797 1370 913 1401 scilicet
926 1372 1012 1412 vagi-

284 1423 307 1438 “
324 1427 359 1451 tu
381 1420 420 1451 ad
442 1431 528 1451 arma
549 1427 628 1451 osset
650 1427 874 1452 convocaturus
895 1421 1011 1459 infans;

287 1474 307 1490 “
323 1477 354 1502 et
370 1473 496 1513 signum
511 1472 583 1502 belli
599 1482 663 1503 non
689 1472 774 1509 tuba,
800 1472 854 1502 sed
879 1474 1009 1511 crepita-

284 1525 306 1541 “
322 1524 403 1561 cillo,
419 1523 576 1553 daturus.”

287 1582 455 1619 Caeterum,
471 1593 527 1621 pro
541 1584 717 1623 quoiquam,
741 1582 778 1614 P.
796 1582 892 1613 Vind.
911 1587 945 1615 Σ.
963 1589 1007 1614 Ω..

283 1636 393 1674 cuique
398 1651 409 1670 ;
434 1645 491 1666 nec
505 1646 674 1675 perperam,
689 1636 807 1676 opinor.
850 1637 1007 1667 Amobius

284 1692 390 1716 autem
406 1686 474 1725 plus
488 1687 583 1718 semel
603 1689 660 1718 hos
683 1688 820 1719 Lucretii
845 1698 948 1718 versus
962 1688 1006 1718 vi-

282 1735 374 1767 detur
395 1737 428 1766 in
450 1737 549 1767 oculis
571 1738 720 1768 habuisse.
768 1738 829 1776 Sic,
853 1738 904 1768 lib.
920 1738 951 1769 ii.
977 1749 1006 1777 p.

283 1792 396 1821 70.—“
412 1797 480 1821 tum
495 1791 534 1821 ad
549 1791 708 1822 silentium
723 1791 840 1831 pavidae
865 1794 1007 1831 nutricis,

280 1843 302 1858 “
317 1841 453 1871 motibus
469 1841 505 1882 (f.
524 1842 669 1882 vocibus),
690 1849 721 1873 et
735 1845 929 1883 crepitaculis
950 1843 1004 1874 ad-

280 1895 301 1910 “
317 1890 504 1922 ducerentur
530 1892 679 1923 auditis.”
726 1893 859 1931 Rursus,
887 1894 938 1924 lib.
966 1894 1004 1925 iv.

278 1952 309 1982 p.
326 1945 398 1974 140.
420 1944 474 1974 im.
507 1947 527 1962 ‘⁴
544 1945 683 1985 Ergone,
699 1944 813 1975 iterum
828 1945 942 1983 dicam,
955 1952 1002 1976 to-

278 1996 300 2010 “
316 2003 405 2031 nans,
420 1994 594 2034 fulgurans,
608 2002 639 2025 et
654 1995 834 2031 fulminans,
850 2002 881 2026 et
897 1996 1002 2027 nubila

279 2046 300 2061 “
316 2044 464 2074 terribilia
475 2045 659 2081 conducens,
675 2046 758 2076 suxit
768 2046 886 2077 fluenta
901 2057 1000 2077 mam-

277 2097 298 2112 “
314 2104 447 2130 marum,
474 2098 607 2135 vagitum
635 2096 744 2135 edidit,
770 2097 875 2136 repsit,
897 2104 1001 2139 atque,

277 2148 297 2164 “
314 2153 348 2176 ut
360 2146 467 2177 fletum
479 2155 646 2187 exponeret
656 2149 846 2188 ineptissime
858 2156 1002 2188 tractum,

274 2201 294 2216 “
312 2201 505 2238 crepitaculis
521 2200 650 2230 obticuit
665 2201 790 2238 auditis,
813 2208 844 2232 et
865 2201 904 2232 ad
918 2212 1000 2232 som-

273 2253 295 2267 “
312 2260 369 2280 nos
390 2250 536 2281 inductus
563 2258 608 2282 est
633 2252 666 2282 in
693 2252 882 2283 mollissimis
910 2254 999 2284 cunis

272 2304 293 2318 “
305 2301 423 2341 jacens,
447 2308 478 2332 et
499 2305 618 2334 vocibus
636 2303 784 2334 delinitus
805 2304 997 2345 infractis?‘'

275 2351 432 2393 Denique,
456 2353 507 2383 lib.
531 2353 581 2384 vii.
608 2365 636 2393 p.
663 2358 798 2386 257.—“
815 2361 851 2385 ut
875 2356 995 2394 parvuli

272 2406 293 2421 “
309 2403 454 2442 pusiones
468 2405 507 2435 ab
521 2405 632 2445 ineptis
654 2406 807 2446 vagitibus
826 2409 994 2448 crepitacu-

273 2457 293 2471 “
307 2455 346 2485 lis
362 2461 554 2486 exterrentur
568 2456 850 2488 auditis?’'—Sane
864 2458 995 2489 minime

272 2515 433 2537 necessum
449 2514 502 2543 est,
526 2514 562 2538 ut
575 2508 722 2547 pedestris
739 2508 867 2547 scriptor
881 2520 913 2540 se
928 2520 993 2540 me-

272 2556 312 2586 tri
327 2558 557 2589 necessitatibus
572 2559 755 2600 obstringat;
774 2560 919 2600 equidem
934 2562 993 2591 mi-

272 2608 361 2638 rabor
389 2615 503 2645 tamen,
533 2611 558 2640 si
591 2621 655 2641 non
684 2611 852 2648 invenient,
882 2613 995 2653 quibus

272 2659 368 2690 MSS.
407 2662 539 2693 Arnobii
577 2663 766 2704 exemplaria
799 2664 995 2705 contigerint,

270 2716 411 2740 nostrum
437 2715 643 2752 crepitacillis,
673 2724 729 2754 pro
757 2714 840 2755 vulg.
865 2717 994 2755 crepita-

268 2761 356 2796 culis,
373 2762 405 2791 in
422 2773 487 2793 uno
498 2764 609 2794 saltem
624 2772 717 2806 atque
731 2765 827 2796 altero
842 2766 992 2805 locorum,

269 2810 364 2841 modo
393 2813 573 2845 citatorum:
611 2816 688 2847 adeo
725 2827 826 2856 presse
855 2818 992 2849 Lucretii

266 2865 402 2906 vestigiis
415 2866 580 2899 insectator
594 2870 646 2900 ille
663 2872 816 2902 Gentium
834 2882 988 2913 nusquam

262 2923 328 2945 uon
351 2915 472 2948 insistit.
517 2919 723 2952 Festivissime
740 2921 929 2962 Calpurnius
950 2922 989 2954 de

1063 861 1179 897 Sileno,
1196 862 1356 892 Bacchum
1369 862 1536 893 alumnum
1555 861 1713 894 blanditiis
1726 862 1779 894 de·

1061 912 1230 951 mulcente,
1245 914 1300 945 ecl.
1315 924 1344 944 x.
1359 917 1410 945 50.

1181 1013 1457 1023 ——
1467 1005 1598 1035 motuque
1607 1004 1727 1036 quietem

1090 1039 1200 1070 Adjicit,
1209 1043 1256 1065 aut
1266 1041 1386 1066 tremulis
1396 1045 1501 1073 quassat
1510 1043 1663 1075 crepitacula
1672 1043 1776 1075 palmis.

1060 1113 1168 1152 Unde,
1196 1120 1231 1145 ut
1245 1114 1278 1146 id
1293 1115 1390 1146 obiter
1403 1121 1522 1154 notem,
1546 1115 1698 1155 scriptura
1710 1116 1779 1146 vul.

1056 1164 1140 1204 garis
1163 1165 1199 1195 in
1223 1165 1324 1204 primo
1345 1165 1486 1196 locorum
1508 1166 1643 1197 Arnobii
1668 1166 1779 1196 conflr-

1055 1221 1168 1245 matur.
1214 1215 1356 1246 Avienus
1390 1216 1518 1256 insuper
1553 1215 1779 1258 elegantissime

1055 1266 1090 1296 in
1128 1266 1214 1297 Arat.
1247 1270 1318 1298 113.
1355 1267 1395 1298 de
1416 1269 1506 1300 Jove:

1087 1350 1157 1374 Cum
1172 1356 1249 1381 puer,
1259 1354 1375 1382 agrestes
1385 1351 1456 1376 inter
1466 1352 1588 1381 Curetas,
1599 1355 1627 1377 et
1637 1351 1708 1377 inter

1086 1388 1201 1413 Dictaeae
1212 1387 1325 1420 longum
1335 1388 1415 1414 latuit
1426 1389 1577 1421 crepitacula
1587 1390 1668 1422 rupis.

1057 1461 1235 1491 Martianus
1261 1463 1399 1501 Capella,
1422 1463 1475 1493 lib.
1498 1463 1518 1493 i.
1544 1473 1573 1502 p.
1590 1467 1620 1494 5.
1647 1467 1667 1482 ‘⁶
1683 1463 1775 1496 Tunc

1052 1515 1073 1530 “
1087 1514 1284 1552 crepitacula,
1314 1512 1517 1554 tinnitusque,
1545 1513 1633 1554 queis
1661 1514 1775 1546 infanti

1051 1566 1071 1581 “
1089 1563 1247 1593 somnium
1258 1563 1396 1602 duceret,
1403 1564 1569 1596 adhibebat
1576 1565 1776 1607 quiescenti?²

1051 1616 1292 1657 Elegantissime
1312 1618 1345 1649 J.
1361 1618 1487 1657 Pollux,
1509 1619 1550 1649 ix.
1567 1622 1696 1651 27.—e0
1712 1634 1773 1662 zpo-

1051 1670 1219 1708 ταλον,-ᾂ
1241 1671 1509 1701 καταξανκαλησιν
1530 1671 1564 1700 αἱ
1581 1674 1687 1708 marom,
1712 1673 1774 1710 ψυ-

1050 1732 1246 1759 χαγωγκσαι,
1257 1734 1298 1750 τοι
1312 1719 1488 1754 hwa-newa
1505 1735 1559 1752 των
1574 1721 1697 1753 παιδιυν.
1722 1723 1774 1754 Ab

1050 1773 1245 1804 inarticulato
1266 1784 1342 1804 sono
1363 1779 1439 1811 βαικ
1464 1775 1571 1806 confer
1588 1776 1716 1807 Celsum
1738 1777 1772 1807 in

1051 1824 1139 1865 Orig.
1165 1831 1245 1855 cont.
1276 1824 1355 1855 Cela.
1381 1825 1433 1856 lib.
1456 1825 1494 1856 vi.
1520 1836 1549 1865 p.
1571 1828 1643 1857 527.
1666 1827 1771 1867 Etym.

1048 1885 1131 1915 mag.
1147 1875 1180 1904 in
1207 1874 1346 1910 Βαυκιδες,
1373 1881 1404 1906 et
1428 1882 1570 1906 nostrum
1595 1876 1688 1916 infra,
1711 1887 1770 1909 ver.

1050 1930 1141 1957 1070.

1089 1989 1163 2020 Ver.
1180 1991 1250 2020 231.
1273 1991 1390 2021 Almoe:
1417 1997 1458 2022 11.
1474 1991 1764 2032 Blandae.—atque.·

1047 2039 1082 2070 P.
1098 2039 1139 2069 V.
1154 2039 1202 2070 ed.
1216 2050 1263 2070 ac.

1089 2098 1169 2129 Ibid.
1193 2100 1293 2129 Almae
1316 2100 1464 2130 nutricis:
1490 2099 1509 2129 i.
1525 2109 1551 2129 e.
1573 2109 1643 2140 quae
1664 2109 1764 2129 mam-

1044 2150 1104 2180 mis
1117 2152 1183 2181 alit.
1227 2150 1424 2190 Tempestive
1445 2157 1475 2180 et
1496 2156 1638 2181 accinate
1651 2150 1767 2192 glossa-

1043 2201 1127 2231 rium
1151 2206 1321 2231 vetustum:
1355 2204 1375 2219 “
1394 2207 1563 2242 epam-upa·
1590 2201 1693 2238 altrix,
1718 2203 1765 2232 al-

1042 2255 1063 2270 “
1078 2251 1159 2282 ma.”
1204 2251 1302 2282 Plura
1315 2252 1420 2282 videas
1438 2262 1531 2292 super
1544 2253 1603 2283 hoc
1617 2252 1764 2292 epitheto,

1041 2303 1081 2335 ad
1095 2304 1115 2335 i.
1131 2308 1159 2335 2.

1093 2363 1173 2395 Ibid.
1207 2365 1341 2406 irgfracta
1375 2368 1492 2406 loquela
1505 2380 1514 2397 .·
1550 2376 1582 2396 se
1611 2365 1761 2396 nimirum

1038 2415 1079 2445 ad
1094 2415 1246 2446 infantilis
1258 2416 1376 2458 linguae
1392 2426 1572 2447 mensuram
1586 2415 1761 2447 demittens.

1039 2466 1090 2497 De
1119 2468 1177 2498 hoc
1206 2475 1369 2509 pervagato
1399 2469 1472 2499 satis
1497 2467 1621 2499 dicendi
1646 2477 1760 2509 genere

1038 2527 1102 2548 non
1117 2529 1195 2558 opus
1209 2526 1255 2550 est
1269 2519 1330 2550 illis
1344 2519 1468 2558 addere,
1483 2529 1553 2560 quae
1567 2518 1762 2550 doctissimus

1039 2567 1191 2600 Heinsius
1207 2570 1366 2601 cumulate
1389 2570 1521 2601 contulit
1541 2569 1581 2600 ad
1598 2568 1759 2600 claudian.

1037 2618 1069 2664 in
1087 2620 1214 2661 Eutrop.
1231 2620 1250 2651 i.
1267 2624 1337 2652 262.
1359 2621 1420 2652 nisi
1433 2619 1517 2662 quod
1531 2618 1630 2650 nolim
1646 2619 1758 2650 Minu-

1036 2669 1121 2700 cium
1144 2671 1292 2710 Felicem,
1312 2681 1371 2702 nec
1392 2672 1645 2701 immemoratum
1665 2669 1759 2699 etiam

1037 2720 1198 2761 Preigero,
1223 2722 1390 2762 praeterire,
1415 2730 1480 2760 cap.
1498 2724 1527 2750 2.
1548 2729 1648 2760 quum
1672 2719 1759 2750 locus

1037 2771 1076 2800 sit
1090 2772 1271 2812 exquisitus,
1294 2779 1325 2803 et
1339 2771 1469 2802 lectione
1483 2769 1613 2809 repetita
1626 2769 1753 2810 dignus:

1034 2824 1054 2840 “
1073 2822 1156 2853 Nam
1186 2824 1314 2864 negotii,
1344 2828 1376 2853 et
1404 2821 1522 2852 visendi
1551 2821 1626 2859 mei,
1658 2821 1758 2862 gratia

1031 2876 1050 2891 ‘⁶
1069 2873 1206 2905 Romam
1220 2873 1459 2906 contenderat:”
1482 2873 1516 2914 (i.
1531 2882 1558 2902 e.
1573 2872 1711 2902 celeriter
1725 2878 1756 2902 et

1031 2934 1105 2956 cum
1119 2925 1222 2958 studio
1237 2925 1338 2958 multo
1346 2924 1486 2966 venerat)
1501 2927 1522 2944 ‘⁶
1535 2923 1640 2955 relicta
1651 2923 1754 2960 domo,
