1926 3224
571 253 804 304 LIBER
840 251 1196 311 QUINTUS.

1566 262 1627 300 43

278 384 468 441 Corpora
488 386 687 428 retribuat
706 386 841 437 rebus,
864 392 1098 442 recreetque
1116 383 1317 434 fluenteis,

275 458 428 500 Omnia
441 459 529 515 jam
548 460 724 502 resoluta
742 460 892 511 forent,
913 468 954 502 et
972 460 1016 501 in
1037 460 1131 501 ae'ra
1150 473 1280 501 vorsa-

160 612 251 638 Crassa
261 613 346 645 polvis
356 613 455 643 oritur;
473 618 583 637 omnem
596 612 718 644 pervolat
729 612 783 636 coeh'
792 612 850 644 sre-

251 656 314 677 tum.

130 724 293 755 Hesselius
321 723 418 754 edidit
441 724 613 763 pervolgat;
652 722 719 753 sine
743 722 850 753 caussa

129 775 276 806 trocha‘Ici
304 780 459 806 temerans
487 774 669 805 castitatem.
731 774 848 806 Shake-

127 835 250 865 spectus
269 831 390 856 nostras
406 825 486 857 dixit
505 825 600 856 etiam
623 828 646 844 ‘⁶
661 825 731 856 The
752 837 802 857 sea
817 826 856 856 of

127 878 150 894 “
165 876 255 907 air.·’'
282 876 442 915 Couleius,
471 875 737 918 ingeniosissimus
763 876 847 907 vivo-

127 936 207 963 rum,
223 926 424 967 lepidissime:

217 1008 317 1034 Where
329 1009 388 1034 bird
399 1009 466 1034 with
474 1009 579 1042 painted
589 1016 646 1034 oars
656 1009 787 1040 didssne’er

185 1050 254 1074 Row
264 1049 382 1082 through
394 1050 441 1075 the
451 1050 577 1075 trackless
587 1057 662 1075 ocean
672 1049 704 1075 of
712 1050 760 1075 the
769 1049 820 1074 air.

123 1118 197 1151 Hos
211 1120 352 1151 aemulari
370 1121 485 1152 Graius
499 1121 584 1152 haud
599 1120 735 1152 erubuit:

248 1193 344 1226 Sailing
355 1193 422 1219 with
433 1201 558 1226 supreme
568 1193 708 1219 dominion

246 1232 379 1265 Through
391 1233 439 1259 the
449 1241 531 1258 azure
541 1233 601 1266 deep
611 1233 642 1258 of
650 1233 701 1258 air.

125 1303 302 1336 Revertaris
316 1305 355 1336 ad
370 1311 519 1336 annotata
531 1305 621 1337 nobis
635 1315 728 1345 super
741 1305 800 1336 hac
813 1315 847 1335 re

121 1354 156 1385 in
170 1355 201 1386 ii.
219 1358 292 1387 151.
309 1356 348 1386 iv.
365 1358 436 1387 178.
459 1357 581 1388 Lucani
598 1367 704 1387 versus
729 1356 848 1387 interea

122 1406 333 1446 suavissimus,
349 1407 551 1438 labefactatus
565 1408 709 1446 librariis,
724 1407 759 1437 in
774 1407 846 1438 soli-

123 1455 164 1487 do
178 1467 284 1488 rursus
297 1458 505 1494 collocabitur,
523 1459 629 1490 Phars.
646 1469 672 1489 v.
689 1460 761 1489 554.

154 1537 210 1564 Aut
220 1537 321 1563 siccum
332 1538 405 1569 quod
415 1545 523 1571 mergus
534 1541 625 1570 amat;
643 1539 771 1570 quodque
782 1544 845 1563 ausa

244 1578 335 1603 volare

154 1618 242 1643 Ardea
250 1617 378 1647 sublimis,
389 1618 476 1649 pennci
488 1617 591 1642 connisa
601 1617 719 1642 volanti:

125 1687 174 1718 vel
188 1689 316 1719 connixa
323 1703 335 1725 ;
358 1697 434 1718 nam
449 1687 571 1718 codices
586 1698 700 1727 pennoe
720 1689 848 1728 confisa,

124 1738 173 1769 vel
187 1740 315 1781 confixa.
346 1738 462 1769 Nostra
472 1743 517 1769 est
526 1737 678 1768 efficacior
687 1736 847 1776 scriptura,

123 1795 157 1822 et
170 1789 324 1822 audaculo
337 1789 463 1821 conatui
474 1789 703 1831 congruentior.
739 1788 845 1820 Hora-

123 1841 197 1881 tius,
215 1842 264 1874 od.
279 1842 318 1873 iv.
334 1846 362 1874 2.
378 1846 408 1873 5.

350 1923 446 1950 ceratis
456 1930 507 1956 ope
517 1923 644 1950 Daedalea

248 1963 347 1989 Nititur
352 1963 481 1996 χορηγῶ-η

122 2045 262 2077 Lucretii
275 2045 381 2077 locum
401 2045 568 2076 Vitruvius
593 2045 688 2076 etiam
710 2045 847 2086 attingit,

121 2097 157 2129 in
172 2098 235 2129 viii.
251 2101 279 2128 2.
303 2100 326 2116 “
339 2098 403 2128 Ae'r
412 2103 526 2133 autem,
539 2106 613 2127 cum
626 2097 848 2135 ruit,-zmdas

124 2152 147 2169 “
162 2154 333 2180 crescentes
367 2148 444 2179 facit
476 2148 663 2180 ventorum.“
717 2149 846 2180 Addam

125 2200 318 2240 Oppianum,
334 2210 442 2241 cyneg.
456 2200 499 2231 iii.
514 2203 587 2232 497.
603 2200 642 2231 de
662 2202 844 2232 struthioca-

123 2253 215 2283 melo.-

165 2331 278 2358 HEP02
288 2331 441 2368 όψιπορωθιν
451 2331 675 2358 ΕΠΙΠΛΩΟΥΣῙ
689 2331 813 2360 κελευθοις.

129 2401 192 2432 Sed
206 2401 300 2438 dedit,
314 2402 435 2442 opinor,
450 2403 541 2443 po'elta
556 2405 826 2434 ΕΝΙΠΛΩΟΤΣῙ.

172 2452 244 2483 Ver.
270 2455 344 2484 278.
365 2456 530 2494 fluenteis:
556 2454 577 2484 i.
604 2464 632 2484 e.
656 2452 847 2490 deficientes,

126 2509 300 2546 pereuntes.
334 2504 499 2545 Virgilius,
514 2505 592 2535 AEn.
608 2504 639 2534 ii.
656 2507 730 2535 169.

189 2587 232 2610 Ex
243 2585 288 2609 illo
290 2584 383 2615 fluere,
394 2592 425 2610 ac
436 2588 507 2610 retro
517 2585 637 2610 sublabsa
647 2584 750 2615 resen-i,

188 2626 251 2656 Spes
261 2623 428 2650 Danaum—.

169 2703 245 2733 Ver.
269 2705 340 2735 279.
367 2705 476 2734 Omnia
498 2704 637 2734 resoluta.
683 2702 848 2734 Consimili

127 2763 252 2794 prorsus
261 2754 380 2785 ratione
392 2753 516 2785 locutus
526 2759 572 2785 est
582 2753 634 2785 ille
644 2754 847 2791 Mantuanus,

127 2814 195 2845 geo.
209 2805 249 2836 iv.
265 2809 336 2837 225.

156 2886 263 2949 {cmc-et
272 2888 326 2915 huc
336 2887 412 2916 reddi
422 2888 529 2920 deiude,
540 2894 570 2916 ac
581 2888 689 2915 resoluta
698 2887 801 2920 referri,

180 2931 289 2952 mma—-

935 613 1011 643 Ver.
1027 616 1097 643 280.
1122 614 1239 643 Haud.-
1265 613 1305 643 V.
1321 611 1367 644 ed.
1384 616 1419 645 Σ.
1444 612 1550 647 Heium
1574 619 1614 643 Π.

894 664 976 694 Aut:
1002 668 1038 693 ut
1051 663 1166 702 passim
1180 668 1350 702 peccatum.
1394 664 1437 695 Et
1452 664 1492 695 V.
1508 663 1558 695 ed.
1582 663 1614 693 in

893 724 953 745 ver.
970 717 1042 746 278.
1063 720 1189 746 recreat.

936 765 1011 797 Ver.
1034 769 1105 796 281.
1130 766 1294 797 Recidere:
1319 764 1356 796 L.
1374 765 1422 796 M.
1439 765 1480 797 Ο.
1507 767 1614 797 Recci-

893 819 979 854 dere5
1003 817 1097 848 nimis
1112 817 1301 858 scrupulose,
1324 827 1425 858 neque
1442 817 1618 856 postulante

891 868 1082 900 Lucretiam}
1109 869 1258 910 loquendi
1287 868 1612 910 norma—quoniam:

891 921 933 952 V.
949 921 996 952 ed.
1016 928 1057 952 Π.
1072 927 1350 962 quom—constat:
1378 928 1422 953 Ω.
1438 927 1585 953 constant.

934 972 1010 1003 Ver.
1027 976 1097 1003 282.
1111 974 1255 1004 aetlzerz‘us
1269 974 1329 1004 sol:
1347 972 1389 1003 V.
1405 971 1452 1003 ed.
1471 979 1511 1003 Π.
1525 974 1616 1004 aetlze-

890 1025 935 1054 ris
948 1024 999 1054 sol.

933 1073 1016 1104 Ibid.
1036 1075 1154 1113 liquidi
1157 1073 1238 1114 fims
1252 1075 1379 1104 luminis
1387 1088 1396 1104 :
1422 1073 1506 1104 unde
1521 1074 1614 1104 nimi-

889 1136 962 1157 rum
977 1126 1181 1167 scaturigines
1195 1126 1301 1157 fluidae
1310 1125 1389 1156 lucis
1400 1126 1519 1156 affatim
1531 1136 1616 1156 ema.-

889 1182 976 1213 nant,
999 1182 1032 1207 et
1045 1187 1099 1217 per
1113 1176 1272 1207 mundum
1296 1176 1528 1207 diffunduntur.
1574 1177 1615 1207 In

890 1229 948 1259 hac
963 1234 1070 1260 autem
1084 1234 1246 1259 venustate
1261 1228 1413 1259 sermonis
1427 1227 1567 1258 ornanda
1582 1238 1618 1258 ac

890 1279 1085 1317 declaranda,
1112 1279 1274 1311 nonnullis
1299 1280 1429 1310 fortasse
1444 1278 1619 1309 videbimur

890 1331 1007 1371 copiosi
1022 1331 1095 1362 satis
1110 1331 1207 1362 fuisse
1219 1331 1255 1361 in
1277 1331 1360 1361 notis
1383 1330 1423 1360 ad
1445 1330 1477 1361 ii.
1495 1333 1566 1361 147.
1588 1336 1620 1360 et

891 1382 978 1413 alibi:
1018 1392 1077 1413 nec
1107 1392 1274 1422 possumus
1302 1388 1421 1420 tamen,
1451 1381 1618 1412 lectoribus

890 1443 960 1462 vere
975 1433 1086 1472 lepidis
1100 1433 1233 1463 minime
1248 1438 1409 1473 utcunque
1424 1432 1618 1472 displicituri,

890 1489 1063 1522 temperare
1077 1484 1176 1520 nobis,
1191 1484 1268 1525 quin
1285 1484 1471 1514 suscitemus
1487 1484 1617 1514 Miltoni

889 1533 1007 1571 locum,
1025 1535 1079 1565 tali
1094 1534 1185 1574 poeta
1199 1535 1350 1576 dignum;
1373 1535 1392 1565 i.
1409 1546 1435 1566 e.
1458 1536 1615 1566 inenarra-

888 1585 992 1616 biliter
1006 1586 1173 1617 sublimem
1179 1598 1190 1625 3
1213 1586 1248 1616 in
1263 1587 1335 1618 Par.
1350 1586 1453 1618 amiss.
1468 1587 1511 1618 iii.
1529 1590 1557 1618 7.
1578 1587 1617 1618 de

891 1638 958 1668 luce
973 1638 1065 1667 verba
1080 1636 1234 1668 facientis:

922 1717 959 1740 Or
969 1716 1067 1741 hear‘st
1076 1718 1144 1742 thou
1155 1717 1257 1747 rather,
1267 1718 1335 1741 Pure
1345 1717 1452 1742 etherea!
1461 1720 1567 1746 stream,-

921 1754 1151 1786 Whosefountm'n
1162 1756 1225 1780 who
1235 1755 1302 1780 shall
1312 1755 1358 1780 tell
1366 1757 1409 1781 ἒ-

892 1825 1006 1866 Neque
1020 1836 1086 1857 non
1108 1826 1308 1857 advocabitur
1330 1825 1471 1856 Achilles
1492 1826 1616 1865 Tatius,

888 1876 927 1907 iv.
944 1881 972 1908 2.
987 1878 1027 1909 de
1041 1880 1251 1919 hippopotamo
1267 1877 1411 1919 loquens:
1439 1884 1561 1919 Moxernp
1569 1892 1616 1909 επι

887 1944 971 1972 μεγα
986 1945 1124 1975 κεχῃνως,
1152 1946 1203 1964 και
1219 1945 1307 1964 oman
1323 1933 1480 1964 ‘PTnAH
1496 1946 1616 1969 zan-vor,

890 1983 924 2017 ὣς
941 1997 1001 2015 αισι-ο
1017 1989 1153 2017 numm
1178 1988 1323 2017 ΠὙΡΟΣ.
1375 1984 1615 2026 Uvzdantmfh-

891 2044 982 2071 mum,
998 2041 1035 2066 ut
1049 2036 1139 2077 Virg.
1156 2036 1232 2067 AEn.
1246 2035 1280 2066 ii.
1299 2039 1370 2068 609.
1416 2035 1527 2076 Vulgo
1541 2035 1615 2066 scri·

889 2085 976 2117 bitur
1000 2087 1109 2128 aeupuBn
1125 2100 1243 2120 namon·
1266 2087 1321 2118 sed
1343 2087 1542 2128 ineptissime,
1567 2098 1615 2118 se-

889 2146 1004 2180 quente
1019 2152 1110 2181 πνρας.

932 2191 1012 2221 Ibid.
1019 2191 1101 2232 funs
1112 2192 1254 2228 lumim's;
1271 2196 1308 2221 ut
1320 2190 1496 2230 AEschylus,
1509 2191 1613 2221 Prom.

888 2243 980 2273 vinct.
1003 2246 1074 2274 109.
1099 2256 1180 2284 παρος
1197 2255 1305 2283 πηγὴν·
1330 2247 1361 2273 et
1375 2242 1448 2273 ibid.
1464 2252 1525 2273 ver.
1541 2245 1614 2273 807.

890 2296 957 2328 ἥλιε
972 2308 1092 2334 πηγαις.

933 2345 1014 2376 Ibid.
1035 2347 1178 2376 aetherius
1192 2347 1243 2376 sol.
1289 2345 1320 2374 A
1337 2344 1441 2385 vigore
1462 2345 1614 2383 maximo,

890 2402 926 2426 ut
957 2406 1084 2437 aequum
1116 2402 1173 2434 est,
1202 2395 1453 2433 commendatur;
1483 2406 1558 2426 cum
1579 2395 1616 2425 fit

891 2447 1149 2489 flagrantissimus
1165 2447 1284 2488 utique,
1299 2453 1331 2478 et
1339 2453 1431 2478 aestus
1440 2449 1552 2479 medios
1562 2458 1614 2478 ac-

890 2499 1010 2531 cendit:
1034 2499 1104 2530 vide
1115 2498 1198 2529 dicta
1211 2508 1310 2538 nuper
1324 2497 1365 2528 ad
1378 2507 1438 2529 ver.
1454 2501 1526 2529 268.

933 2551 1007 2581 Ver.
1024 2554 1097 2581 285.
1118 2551 1250 2581 recenti:
1276 2549 1318 2579 sic
1334 2548 1374 2579 P.
1392 2548 1432 2579 Ο.
1449 2555 1494 2579 Ω.
1513 2548 1548 2579 in
1564 2549 1613 2580 M.

891 2611 928 2632 ex
945 2601 1164 2632 emendatione
1174 2600 1291 2638 scribae,
1307 2599 1340 2629 in
1352 2599 1478 2636 Aldina,
1489 2606 1520 2630 et
1529 2600 1564 2630 in
1576 2601 1612 2632 P.

893 2652 1038 2688 Candidi,
1058 2652 1114 2693 qui
1134 2652 1157 2683 J
1159 2651 1304 2681 untinam
1317 2650 1486 2681 editionem
1500 2661 1614 2691 procu.

891 2704 982 2742 ravit,
996 2703 1184 2745 quibusdam
1199 2701 1439 2742 exemplaribus:
1458 2702 1556 2734 vind.
1574 2701 1613 2733 V.

890 2754 938 2786 ed.
956 2755 994 2786 B.
1010 2755 1047 2785 L.
1067 2755 1114 2785 M.
1138 2758 1173 2785 Δ.
1199 2759 1236 2786 Σ.
1256 2756 1390 2794 regenti‚·
1416 2760 1456 2784 Π.
1479 2755 1593 2794 rigenti
1597 2767 1611 2789 ‚-

890 2806 975 2838 unde
996 2817 1062 2838 non
1085 2805 1250 2837 infeliciter
1270 2805 1460 2846 rescripseris
1473 2805 1514 2838 ad
1527 2807 1612 2838 hunc

887 2859 1033 2891 modum:

958 2917 1062 2952 lurigat
1073 2917 1182 2946 adsidue
1191 2917 1294 2946 coelum
1300 2918 1416 2946 candore
1426 2917 1540 2950 vigenti.-

847 2975 917 3008 D5
