1926 3224
556 243 788 292 LIBER
835 242 1190 301 QUINTUS.

1528 248 1616 287 133

161 377 185 418 7
190 380 244 416 80
276 373 455 425 Tollere,
487 383 527 416 ct
547 376 710 416 incertis
731 375 904 416 credunt
923 375 1164 416 conmittere
1184 372 1324 415 ventis.

334 449 558 503 Principio,
579 464 708 505 genus
728 448 966 497 herbarum,
989 447 1241 502 viridemque
1261 446 1454 495 nitorem,

275 523 408 564 Terra
427 522 540 563 dedit
559 523 712 562 circum
734 521 885 570 collcis;
918 535 1163 575 camposque
1182 535 1255 575 per
1275 519 1430 561 omneis

277 595 442 636 Florida
461 595 658 635 fulserunt
678 593 868 633 viridanti
888 600 1006 646 prata
1026 592 1175 632 colore:

277 668 590 721 Arboribusque
609 666 751 706 datum
773 673 832 706 est
852 665 972 705 variis
993 664 1141 705 exinde
1161 679 1235 719 per
1255 680 1373 706 auras

163 745 244 784 785
277 739 501 782 Crescundi
523 753 718 795 magnum
741 739 915 779 inmissis
935 746 1140 779 certamen
1160 737 1342 779 habenis.

275 814 337 856 Ut
355 813 494 868 pluma
513 821 634 868 atque
653 813 747 867 pilei
767 813 962 868 primurn,
986 820 1177 868 setaeque,
1200 819 1390 852 creantur

276 886 604 941 Quadrupedum
624 886 831 937 membris,
854 895 894 927 et
914 900 1086 941 corpore
1106 886 1467 941 pennipotentum;

174 1060 250 1091 Ver.
267 1062 337 1091 780.
366 1060 479 1090 Tollere
495 1065 539 1090 et.-
565 1059 661 1090 Vind.
686 1059 728 1090 V.
751 1059 798 1090 ed.
817 1064 852 1090 Δ.

135 1119 176 1144 Π.
193 1117 229 1145 Σ.
250 1118 293 1142 Ω.
322 1113 464 1147 {lotteren-
494 1111 532 1141 O.
561 1113 853 1142 Tollere—credunt

133 1165 324 1194 conmittere:
355 1161 487 1192 editores
511 1172 547 1191 ex
572 1162 710 1201 arbitrio,
733 1173 787 1202 per
802 1172 853 1192 ex-

134 1214 319 1245 secrandum
333 1214 453 1244 facinus
468 1219 498 1243 et
513 1213 703 1252 detestabile,
730 1217 854 1245 tentarit

134 1269 261 1297 credere.
281 1266 360 1295 Haec
372 1272 478 1295 autem
490 1275 527 1295 ex
539 1265 617 1295 mira
632 1265 747 1296 scilicet
760 1266 855 1295 Lam-

134 1317 212 1355 bini,
236 1317 261 1346 si
283 1316 342 1346 diis
367 1317 476 1356 placet,
513 1331 692 1359 ευστοχασιᾳ
720 1318 858 1356 primum

134 1368 304 1406 fluxerunt,
320 1368 450 1407 scriptos
467 1378 549 1406 suos,
574 1368 676 1398 nescio
690 1378 776 1408 quos,
793 1378 856 1398 cre-

134 1420 249 1460 pantis:
276 1419 388 1460 quibus
403 1419 503 1449 valere
513 1420 615 1459 jubeo.
659 1422 791 1450 Credunt
808 1430 857 1449 ve-

135 1481 171 1501 ro
193 1470 345 1511 quinam?
381 1470 558 1510 philosophi
588 1471 720 1509 scilicet3
750 1471 803 1511 qui
826 1471 859 1500 in

136 1523 230 1552 rebus
254 1521 340 1551 hisce
370 1521 561 1560 explicandis
589 1532 713 1561 operam
740 1522 860 1562 ingenii

137 1577 316 1612 posuerunt.

181 1625 267 1656 Ibid..
283 1627 457 1656 conmittere
477 1628 579 1656 veneis.
618 1626 720 1661 Maro,
742 1626 816 1655 AEn.
833 1636 861 1656 x.

141 1679 192 1708 69.

423 1761 471 1782 aut
481 1757 565 1782 vitam
577 1757 718 1782 conmittere
729 1756 826 1782 ventis.

138 1835 183 1866 Et
195 1837 234 1865 ab
248 1836 308 1865 hoc
324 1835 459 1865 Lucretii
472 1835 541 1865 loco
553 1835 688 1865 colorata
699 1841 781 1871 sunt,
793 1846 862 1876 quae

138 1886 223 1926 apud
238 1885 375 1916 eundem
389 1885 548 1926 leguntur,
571 1887 603 1916 in
619 1896 687 1926 geo.
706 1887 737 1917 ii.
752 1890 824 1917 552.

170 1972 255 2001 Inque
266 1976 349 1994 novos
359 1969 419 1994 soles
427 1971 527 1995 audent
539 1978 566 1996 se
577 1971 697 2003 gramina
708 1974 769 1996 tuto

170 2009 281 2040 Credere,
291 2017 335 2034 nee
346 2010 434 2034 metuit
444 2010 575 2041 surgentis
585 2011 726 2042 pampinus
737 2013 852 2034 Aurtros,

183 2083 256 2114 Ver.
283 2086 354 2114 781.
380 2084 530 2115 Similiter
557 2085 756 2125 Porphyrius,
780 2084 864 2124 apud

139 2135 254 2166 Euseb.
270 2145 360 2174 praep.
377 2146 484 2176 evang.
497 2137 515 2166 i.
530 2141 557 2168 9.
572 2136 605 2166 in
619 2136 687 2167 loco
703 2147 777 2167 mox
792 2147 863 2176 pro-

140 2185 268 2216 ferendo
284 2186 322 2216 ad
338 2196 397 2216 ver.
415 2189 432 2218 7
437 2191 487 2217 84.
504 2198 567 2228 quo
583 2188 799 2218 amandandus
814 2198 853 2218 es.

187 2237 266 2267 Ibid.
288 2239 447 2269 herbarum
471 2241 597 2270 viridem
618 2242 755 2270 nitorem.
800 2239 865 2269 His

143 2288 301 2326 appositus
316 2295 361 2318 est
377 2289 542 2328 Horatius,
566 2291 652 2329 epist.
667 2291 686 2320 i.
706 2294 753 2320 10.
773 2294 819 2322 19.

160 2373 282 2399 Deterius
294 2373 398 2404 Libycis
410 2375 473 2405 olet,
490 2380 537 2400 aut
548 2376 620 2406 nitet,
637 2376 711 2400 herba
722 2376 831 2408 lapillis!

147 2451 235 2482 Hinc
250 2451 414 2491 Virgilius,
430 2463 498 2492 geo.
515 2454 533 2483 i.
550 2457 621 2484 507.
637 2453 762 2492 pendetz

370 2525 484 2556 squalent
495 2526 615 2550 abductis
626 2533 699 2550 arva
709 2527 818 2551 colonis.

149 2593 200 2623 Sic
216 2599 331 2633 noster,
346 2595 580 2635 nitz'tlcestuges,
597 2595 615 2625 i.
633 2599 703 2626 255.
719 2596 772 2626 ubi
788 2606 853 2627 nos.

191 2652 264 2684 Ver.
275 2656 345 2684 785.
351 2655 514 2694 fulserunt
524 2657 674 2686 viridanti
682 2669 692 2686 .·
713 2662 753 2686 Π.
768 2658 868 2687 cinwe-

148 2706 409 2745 runtfloridanti.

193 2764 273 2794 Ibid.
286 2766 446 2806 fulserunt
457 2773 560 2806 prata.
584 2767 705 2797 Locum
716 2767 750 2797 in
761 2767 871 2798 eodem

150 2822 337 2856 argumento
349 2818 524 2856 praeclarius
547 2823 692 2848 ornatum
715 2828 778 2848 non
800 2819 872 2849 novi

150 2867 286 2906 quodam
316 2869 454 2910 Manilii,
477 2880 504 2901 v.
530 2873 600 2901 256.
627 2880 683 2900 nec
709 2870 873 2902 Lucretius

154 2923 259 2950 tamen
274 2921 411 2952 cesserit:

926 1058 972 1083 Ille
981 1057 1052 1083 colet
1063 1057 1150 1082 nitidis
1160 1059 1345 1089 gemmantem
1350 1055 1458 1086 floribus
1472 1056 1599 1085 hortum,

925 1097 1055 1123 Pallentes
1068 1097 1161 1126 violas,
1179 1100 1205 1121 et
1218 1103 1364 1127 purpureos
1374 1096 1543 1127 hyacinthos,

927 1138 1057 1168 Liliaque,
1073 1141 1101 1162 et
1113 1136 1200 1169 Tyrias
1211 1135 1318 1159 imitata
1331 1141 1462 1166 papavera
1471 1135 1536 1158 luces
1547 1143 1556 1159 .-

897 1213 952 1243 ubi
968 1211 1213 1243 infelicissimam
1236 1210 1329 1250 longe
1352 1209 1494 1240 omnium
1513 1219 1618 1239 emen-

899 1264 1057 1294 dationem
1073 1262 1235 1294 Bentleius
1249 1261 1456 1301 periclitatum
1481 1260 1623 1291 conferas

903 1315 974 1346 Silv.
991 1315 1066 1346 Crit.
1081 1315 1113 1345 ii.
1132 1325 1160 1353 p.
1178 1318 1228 1345 96.
1245 1324 1271 1343 v.
1287 1324 1316 1352 p.
1335 1315 1384 1344 73.
1412 1312 1501 1342 Hinc
1517 1318 1621 1342 autem

901 1366 1029 1397 fortasse
1043 1365 1243 1407 corrigendus
1260 1370 1306 1394 est
1323 1364 1465 1399 Ovidius,
1488 1364 1564 1395 trist.
1579 1363 1621 1394 iii.

906 1421 952 1448 12.
971 1420 997 1448 7.

963 1495 1093 1523 Prataque
1103 1491 1229 1516 lucescunt
1240 1491 1373 1515 variorum
1379 1490 1443 1521 flore
1454 1489 1585 1515 colorum.

905 1563 1022 1604 Vulgo,
1043 1565 1219 1604 pubescunt.
1259 1562 1351 1593 Adde
1366 1563 1548 1600 Pindarum,
1574 1563 1624 1594 Ol.

905 1615 935 1645 ii.
954 1619 1024 1645 150.

1021 1695 1124 1729 Ανθεμαι
1138 1695 1162 1721 δε
1172 1704 1254 1730 χρυσᾶ
1265 1699 1346 1728 exspes
1354 1707 1363 1725 ,-

905 1776 924 1806 ἰ.
940 1786 966 1806 e.
989 1778 1123 1816 “flores,
1146 1782 1183 1805 ut
1198 1786 1323 1814 aurum,
1345 1775 1493 1816 fulgidi.”
1523 1775 1624 1806 Deni-

905 1837 975 1868 que,
998 1832 1067 1865 post
1089 1826 1192 1856 nullos
1215 1827 1390 1866 elegantem
1412 1826 1574 1857 hominem
1595 1837 1627 1858 se

906 1878 993 1909 dedit
1008 1877 1047 1907 V.
1065 1877 1108 1908 H.
1133 1878 1331 1913 Fortunatus,
1355 1877 1393 1907 iv.
1409 1880 1461 1907 56.
1478 1880 1507 1906 1.

968 1963 1036 1988 Vere
1046 1969 1128 1992 novo,
1145 1962 1222 1987 tellus
1234 1961 1315 1987 fuerit·
1325 1969 1381 1986 cum
1392 1964 1476 1986 exuta
1486 1961 1597 1993 pruinis,

999 2004 1031 2028 Se
1041 2003 1176 2035 picturato
1187 2002 1308 2034 gramine
1316 2001 1395 2026 vestit
1406 2008 1478 2033 ager.

906 2078 1007 2116 Libri,
1023 2080 1095 2108 dum
1101 2093 1112 2114 ;
1137 2077 1252 2107 vitiose.

950 2139 1028 2168 Ver.
1045 2141 1116 2168 784.
1139 2139 1261 2168 eaez'nde:
1290 2141 1325 2167 Δ.
1342 2138 1443 2180 'exirm
1468 2146 1533 2166 non
1548 2136 1628 2167 infe-

908 2190 1019 2227 liciter,
1041 2190 1067 2219 si
1082 2188 1164 2219 salva
1179 2194 1272 2218 staret
1287 2187 1523 2218 constructione.

952 2242 1032 2272 Ibid.
1045 2243 1211 2272 Arboribus
1222 2243 1324 2272 variis.
1341 2241 1539 2278 Plutarchus,
1552 2241 1629 2280 plac.

907 2293 981 2333 phil.
1006 2303 1033 2322 v.
1058 2296 1107 2323 26.
1131 2291 1322 2332 Εμπεδακλπς
1351 2304 1452 2333 πρωτα
1475 2305 1530 2322 των
1555 2293 1631 2331 {aar

908 2357 948 2374 ’ἴα
962 2342 1053 2385 δενδρα
1070 2357 1099 2374 εκ
1117 2357 1171 2383 γῆς
1187 2342 1317 2373 αναδῧναΙ
1341 2350 1438 2382 ΦῆθῚνῖ
1466 2353 1558 2383 quem
1582 2343 1628 2373 10·

907 2405 982 2426 cum
1003 2394 1092 2425 video
1115 2395 1166 2425 De
1190 2394 1296 2424 Rtm‘e‘r
1320 2393 1458 2424 attulisse
1484 2394 1524 2425 ad
1551 2395 1629 2425 Por-

908 2446 1009 2486 phyrii
1024 2446 1063 2476 de
1079 2447 1154 2476 abst.
1168 2445 1200 2476 ii.
1217 2449 1245 2476 5.
1270 2444 1371 2487 Δενδρα
1385 2458 1436 2484 μεν
1452 2459 1510 2488 ›yoep
1523 2444 1556 2479 Bu
1580 2457 1633 2485 προ

911 2501 987 2539 {mm
1013 2500 1144 2531 ανεδωκεν
1168 2501 1184 2530 ἦ
1215 2513 1267 2540 γη·
1294 2513 1348 2530 των
1374 2499 1478 2542 δενδρων
1504 2499 1530 2531 δε
1552 2508 1630 2531 πολι)

911 2555 1021 2595 πρθσέἒν
1036 2566 1087 2585 Τῆν
1104 2565 1224 2583 eort‘nmv
1240 2564 1406 2592 γξννωμίνῆῖ
1417 2564 1540 2583 πθαν-ο
1556 2552 1631 2583 Vir·

911 2603 1017 2644 gilius,
1034 2604 1107 2633 AEn.
1123 2602 1185 2632 viii.
1201 2606 1253 2633 95.

945 2701 977 2724 Et
988 2700 1081 2732 longos
1091 2703 1217 2731 superant
1229 2699 1327 2731 flexus,
1343 2699 1484 2731 variisque
1494 2702 1624 2732 teguntur

945 2739 1150 2764 Arboribus—-

958 2819 1039 2849 Ibid.
1058 2830 1115 2859 per
1129 2830 1223 2851 auras
1239 2821 1371 2851 inmissis
1387 2821 1520 2851 habenis.
1545 2819 1634 2850 Hinc

916 2869 969 2900 ille
986 2871 1182 2901 Mantuanus
1196 2870 1280 2901 haud
1295 2871 1389 2902 dubie
1403 2882 1459 2903 sua
1473 2876 1636 2902 mutuatus

917 2921 1078 2958 evincitur,
1101 2921 1140 2953 ad
1155 2932 1222 2963 geo.
1236 2922 1269 2954 ii.
1286 2925 1360 2954 565.
