1926 3224
659 252 892 302 LIBER
932 249 1288 309 QUINTUS.

1628 257 1690 296 83

347 386 415 428 Sic
435 385 559 443 igitur
579 393 714 436 terrae,
737 392 930 427 concreto
950 398 1137 439 corpore,
1159 381 1322 438 pondus

349 460 563 510 Constitit3
596 467 717 516 atque
736 460 870 500 omnis
890 458 1033 499 mundi
1055 458 1169 513 quasi
1190 457 1308 497 limus
1328 455 1370 496 in
1391 454 1519 496 imum

348 533 563 574 Confluxit
581 533 731 589 gravis,
753 540 794 572 et
814 531 993 571 subsedit
1012 529 1209 579 funditus,
1232 537 1278 570 ut
1297 528 1392 570 faex.

411 606 516 646 Inde
535 619 663 654 mare,
695 604 792 652 inde
811 604 896 652 a'ejr,
928 603 1025 642 inde
1045 602 1174 642 aether
1195 602 1342 658 ignifer
1361 603 1462 657 ipse,

202 759 314 784 Tollunt
324 763 351 782 se
362 756 474 786 celeres;
495 756 681 787 liquidumque
691 763 738 787 per
749 755 811 780 a'eira
821 755 913 785 labsae‚

202 798 309 824 Sedibus
319 796 417 828 optatis
427 795 535 828 gemina
544 802 622 827 super
635 796 731 820 arbore
743 795 842 820 sidunt.-

200 872 221 903 i.
239 882 266 902 e.
290 874 312 890 “
323 873 493 909 subsidunt,
516 869 564 900 vel
579 881 612 901 se
627 870 807 908 demittunt,
823 871 862 900 ab
877 869 922 900 al-

200 926 223 941 “
239 923 317 953 tiore
331 932 422 952 cursu
438 922 471 951 in
489 927 608 961 optatas
623 920 741 952 sedes.'’
776 920 925 951 Pluribus

199 973 275 1004 locis
288 973 398 1004 eadem
413 972 578 1012 explicatIO
593 972 765 1003 conveniet.

243 1035 324 1066 Ibid.
372 1034 519 1065 Similiter
534 1034 670 1065 Nasonis
691 1043 792 1072 musa,
815 1038 888 1064 met.
904 1033 924 1063 i.

199 1089 250 1117 45.

229 1166 310 1197 Jussit
318 1170 346 1191 et
357 1165 472 1191 extendi
480 1172 600 1198 campos,
611 1165 745 1191 subsidere
755 1165 848 1195 valles,

229 1206 335 1231 Fronde
346 1206 400 1238 tegi
411 1205 507 1237 sylvas,
518 1205 649 1237 lapidosos
658 1211 766 1237 surgere
778 1208 894 1230 montes.

241 1279 317 1310 Ver.
333 1283 404 1311 494.
426 1281 594 1311 subsidere:
627 1279 724 1310 Vind.
753 1280 923 1316 subsidera5

198 1331 241 1362 V.
255 1330 303 1362 ed.
329 1332 383 1361 sub
404 1333 523 1368 sidare;
548 1336 583 1362 Δ.
600 1335 635 1364 Σ.
664 1332 718 1362 sub
740 1332 858 1368 sidera5
885 1337 925 1362 Π.

197 1384 370 1423 subsydera.

243 1443 319 1474 Ver.
336 1445 407 1475 495.
433 1444 640 1475 subcumbere:
676 1443 720 1473 sic
752 1450 799 1474 Ω.
832 1443 924 1482 clare,

199 1495 239 1526 ad
269 1494 518 1536 antiquissimam
546 1495 818 1535 orthographiam:
852 1495 924 1525 reli-

199 1546 262 1588 qui,
278 1552 314 1576 ut
327 1546 433 1587 vulgo,
448 1547 649 1577 succumbere.
694 1546 769 1576 Non
784 1551 925 1576 accurate

198 1600 306 1631 minus
321 1611 404 1631 unus
419 1606 450 1630 et
467 1600 545 1630 alter
566 1599 663 1630 codex
685 1599 725 1629 ad
741 1600 831 1640 Virg.
849 1599 925 1629 AEn.

197 1655 238 1685 iv.
255 1657 304 1686 19.
325 1655 409 1695 quod
440 1654 512 1685 ideo
540 1655 736 1685 monendum
765 1655 853 1693 duxi,
890 1661 927 1686 ut

197 1705 328 1737 lectores
342 1706 530 1746 intelligant,
547 1705 663 1746 quanta
677 1716 751 1736 cum
771 1705 925 1737 industria

198 1759 248 1788 hae
273 1758 431 1798 scripturae
457 1758 638 1789 vetustiores
663 1758 779 1797 passim
800 1759 864 1789 sint
886 1759 924 1788 li·

198 1809 308 1839 brariis
331 1809 511 1849 obliteratae,
539 1815 630 1850 atque
659 1814 695 1840 ut
720 1810 871 1850 aequiores
892 1820 925 1840 se

198 1861 357 1899 praebeant
382 1871 477 1900 puras
498 1860 690 1902 antiquitatis
711 1861 828 1891 formas
850 1862 922 1892 sub-

199 1911 274 1942 inde
311 1912 553 1943 restituentibus:
593 1912 676 1954 quod
713 1924 788 1944 sane
823 1912 925 1944 multo

199 1963 312 2002 saepius
325 1963 444 1994 factum
458 1974 523 1994 esse
537 1971 723 2004 oportuerat.

242 2021 314 2053 Ver.
331 2026 403 2054 496.
424 2030 577 2054 concreto:
605 2030 644 2054 Π.
663 2025 797 2065 conjecto
803 2038 814 2060 ;
840 2023 925 2064 quod

198 2084 256 2104 nec
270 2074 391 2104 malum
406 2081 462 2112 est,
480 2085 581 2116 neque
595 2076 635 2105 ab
650 2085 792 2106 sermone
806 2075 923 2106 Lucre-

197 2125 284 2156 tiano
298 2124 482 2165 discrepans.

241 2185 322 2216 Ibid.
344 2187 395 2216 Sic
418 2188 573 2226 igitur—‚-
598 2193 633 2217 ut
648 2187 847 2225 Plutarchus,
868 2186 924 2218 ubi

201 2246 309 2276 supra:
336 2239 483 2278 Κῴτειτα,
508 2252 540 2270 εκ
561 2252 613 2278 μεν
627 2253 681 2270 των
698 2240 925 2278 ὑποκαθιζοντων

200 2290 327 2328 wammam
355 2290 371 2321 ἦ
403 2303 454 2329 γη·
482 2303 514 2320 εκ
543 2289 570 2321 δε
596 2304 650 2321 των
679 2291 923 2331 μετεωριζομενων,

201 2350 306 2378 sparos,
336 2351 401 2382 πυρ,
426 2354 488 2382 oenp.
534 2341 579 2371 Et
608 2342 670 2371 huc
701 2341 776 2372 facit
801 2342 925 2382 egregie

200 2387 363 2425 Manilius,
386 2390 406 2420 i.
427 2394 496 2422 159.

229 2467 334 2493 Ultima
343 2469 469 2499 subsedit,
479 2470 630 2502 glomerato
641 2472 769 2503 pon-dere,
779 2471 856 2496 tellus
862 2481 870 2502 ;

228 2509 418 2540 Convenitque
429 2509 501 2541 vagis
511 2510 590 2535 limus
601 2511 769 2536 commixtus
780 2512 875 2541 arenis,

227 2549 367 2575 Paullatim
379 2550 413 2575 ad
422 2557 561 2576 summum
572 2552 648 2577 tenui
658 2552 780 2584 fugiente
791 2552 902 2583 liquore.

199 2625 281 2661 Quae
300 2631 374 2656 suut
395 2625 435 2656 ad
452 2625 526 2656 Cari
547 2637 652 2657 versus
673 2628 924 2658 manifestissime

198 2676 391 2708 adumbrata.
437 2676 497 2707 Sed
512 2678 743 2708 rescribendum
759 2679 900 2709 forsitan:

219 2750 361 2777 Paullatim
371 2752 405 2777 ad
415 2759 554 2777 summum
566 2753 641 2777 tenui
651 2756 765 2785 surgente
774 2753 890 2786 liquore:

198 2835 297 2865 quum
317 2836 378 2857 vox
403 2825 456 2857 illa
468 2827 563 2868 fugio
590 2826 730 2858 celeriori
751 2828 856 2867 potius
878 2829 922 2859 ef-

197 2876 292 2908 fectui
306 2878 430 2918 proprie
444 2879 611 2909 convenire
626 2879 773 2910 videatur.

242 2936 317 2968 Ver.
333 2941 404 2971 498.
417 2939 498 2980 scer.
540 2940 614 2971 Non
630 2940 662 2972 in
677 2950 775 2974 manu
790 2946 846 2982 est,
862 2952 924 2984 quo

966 755 1144 794 decernam,
1173 765 1244 795 quae
1270 755 1310 785 sit
1339 756 1435 794 proba
1464 756 1693 795 orthographia,

955 807 1026 848 faex·
1047 817 1087 837 an
1098 807 1173 847 sexu·
1201 816 1255 845 per
1278 806 1451 845 simplIcem
1480 806 1601 836 literam
1624 807 1692 836 libri

966 858 1072 898 plures
1087 859 1223 899 antiqui:
1248 863 1381 898 utroque
1395 858 1489 888 modo
1511 858 1620 898 glossae
1643 869 1694 888 ve-

966 916 1054 940 teres
1101 909 1273 950 Appositus
1303 917 1409 940 autem
1438 916 1484 940 est
1516 911 1590 940 huic
1627 910 1696 940 loco

970 961 1111 997 Ovidius,
1134 962 1173 992 ad
1200 968 1271 992 met.
1296 962 1317 992 i.
1346 966 1395 993 68.
1431 972 1503 992 cum
1524 972 1586 1002 quo
1609 972 1695 992 com-

967 1022 1055 1051 pares
1081 1022 1155 1042 mox
1180 1018 1343 1053 sequentes
1368 1013 1506 1043 Lucretii
1532 1023 1608 1043 verr.
1625 1015 1697 1044 501.

968 1066 1044 1095 502.

999 1138 1066 1162 Haec
1078 1144 1156 1169 super
1167 1137 1294 1169 imposuit
1307 1136 1450 1168 liquidum,
1466 1141 1493 1162 et
1511 1138 1644 1169 gravitate
1654 1143 1697 1162 ca-

1063 1180 1181 1206 rentem,

1000 1217 1123 1247 AEthera,
1141 1224 1191 1243 nec
1209 1217 1356 1248 quidquam
1375 1220 1482 1241 terrenae
1498 1217 1576 1248 fecis
1598 1217 1697 1242 haben-

1062 1262 1129 1283 tem.

1011 1322 1087 1352 Ver.
1103 1325 1175 1354 499.
1199 1321 1312 1363 ignifer
1331 1323 1432 1353 aelher.

969 1373 1012 1404 iii.
1032 1377 1057 1404 1.
1075 1377 1124 1404 81.

1481 1321 1608 1359 Statius,
1631 1320 1696 1352 silv.

998 1449 1072 1472 Dum
1083 1455 1128 1473 me
1136 1446 1291 1479 flammigeri
1302 1447 1421 1479 portabit
1432 1447 1558 1472 machina
1569 1447 1637 1472 coeli:

967 1512 987 1543 i.
1003 1522 1029 1542 e.
1053 1511 1204 1552 astrigeri,
1227 1512 1389 1543 stellantis.

1014 1571 1085 1602 Ver.
1110 1575 1182 1603 500.
1215 1574 1392 1612 Corporibus
1421 1574 1560 1613 liquidis,
1592 1573 1694 1603 omnia

964 1635 1057 1663 pura.
1101 1624 1204 1654 Voces
1226 1624 1269 1655 ita
1285 1624 1413 1655 comites
1429 1625 1626 1655 Mantuanus
1640 1633 1695 1663 po-

969 1676 1041 1711 suit,
1057 1685 1125 1715 geo.
1140 1676 1179 1706 iv.
1196 1679 1266 1706 163.

1256 1753 1315 1778 aliae
1324 1754 1461 1785 purissima
1472 1754 1546 1779 mella

1000 1793 1115 1825 Stipant,
1129 1797 1157 1818 et
1167 1793 1261 1825 liquido
1272 1793 1428 1819 distendunt
1439 1797 1538 1818 nectare
1549 1794 1637 1819 cellas.

967 1864 1012 1895 Et
1026 1874 1136 1895 sensus
1150 1863 1242 1895 estin
1267 1870 1386 1894 nostro:
1412 1867 1435 1882 ‘⁴
1453 1865 1554 1899 Mare,
1579 1865 1641 1901 a‘e'r,
1665 1870 1696 1894 et

968 1919 991 1934 ‘⁶
1007 1917 1114 1954 aether,
1130 1927 1199 1956 quae
1214 1922 1352 1946 constant
1366 1915 1492 1955 liquidis
1507 1915 1694 1954 corporibus,

969 1969 990 1985 “
1006 1967 1112 1997 relicta
1138 1972 1213 1997 sunt
1238 1967 1345 1997 omnia
1369 1969 1453 1997 omni
1478 1965 1598 1997 terren&
1612 1966 1695 2006 sance

969 2021 991 2038 “
1007 2019 1119 2058 pura.’'
1166 2019 1230 2055 Qui
1245 2029 1310 2050 non
1332 2019 1406 2049 satis
1421 2018 1566 2049 evolutus
1585 2023 1631 2048 est
1646 2018 1694 2047 in·

967 2070 1162 2110 terpretibuS.

1010 2129 1087 2160 Ver.
1104 2132 1176 2160 501.
1198 2131 1328 2160 leviora:
1354 2129 1395 2158 V.
1411 2127 1457 2158 ed.
1476 2129 1515 2159 Ο.
1533 2132 1567 2158 A.
1586 2134 1627 2158 Π.
1650 2129 1692 2158 lc-

967 2183 1046 2218 vior‚·
1073 2180 1228 2211 elemento
1242 2193 1260 2211 a
1273 2186 1398 2220 propter
1412 2179 1514 2210 simile
1528 2179 1695 2220 insequens

968 2232 1096 2271 dilapso.

1013 2282 1095 2314 Ibid.
1117 2284 1340 2324 liquidissimus
1355 2284 1459 2313 aetlzer.
1493 2281 1598 2320 Maro,
1615 2281 1692 2312 AEn.

967 2334 1018 2365 vii.
1034 2337 1086 2365 65.

1193 2409 1317 2443 liquidum
1328 2412 1400 2434 trans
1411 2409 1504 2434 aethera
1514 2412 1646 2434 vectae—.

1010 2487 1086 2517 Ver.
1101 2489 1174 2518 502.
1197 2486 1299 2517 Miror
1323 2495 1398 2516 sane
1423 2485 1607 2516 Lucretium
1629 2494 1692 2515 non

968 2539 1135 2579 scripsisse:

1222 2610 1304 2637 a'erias
1311 2616 1389 2643 super
1399 2610 1487 2636 influit
1498 2618 1554 2635 oras
1564 2617 1573 2634 .·

967 2675 1022 2706 sed
1036 2675 1224 2714 exemplaria
1238 2680 1358 2705 vetusta
1373 2674 1454 2705 nihil
1468 2675 1597 2704 variant.

1009 2735 1084 2764 Ver.
1114 2738 1185 2765 505.
1209 2745 1320 2764 auras:
1345 2733 1389 2764 sic
1412 2731 1690 2773 incorruptissime,

968 2787 1005 2816 P.
1024 2786 1064 2815 V.
1082 2785 1130 2816 ed.
1149 2786 1184 2816 L.
1202 2786 1249 2815 M.
1271 2785 1312 2815 Ο.
1338 2790 1373 2815 A.
1390 2791 1434 2816 Ω.
1457 2784 1563 2825 vulgo,
1586 2785 1692 2818 auris,-

968 2843 1003 2867 ut
1017 2847 1034 2867 e
1050 2837 1162 2867 nostris
1179 2843 1219 2867 Π.
1235 2846 1329 2876 quam
1344 2835 1511 2867 lectionem
1531 2841 1647 2866 temere
1662 2839 1693 2862 et

968 2889 1077 2919 inscite
1092 2888 1308 2927 corripuerunt
1319 2888 1461 2926 editores,
1477 2886 1691 2928 planissimam

968 2941 1228 2973 constructionem
1244 2940 1330 2972 haud
1345 2940 1558 2980 despicientes,
1580 2946 1692 2979 quarn-
