1926 3224
609 223 842 271 LIBER
892 223 1251 280 QUINTUS.

1581 234 1669 273 145

334 351 551 410 Multaque
570 362 680 405 sunt,
702 354 822 396 nobis
842 369 894 396 ex
913 354 1085 396 utilitate
1104 354 1176 396 sua
1196 369 1290 411 quae

333 427 619 469 Conmendata
638 437 821 478 manent,
844 428 980 469 tutelae
1001 427 1150 468 tradita
1169 436 1333 469 nostrae.

217 503 298 540 860

388 501 613 557 Principio,
635 516 764 558 genus
784 516 878 542 acre
898 501 1079 550 leonum,
1100 515 1289 556 saevaque
1309 502 1427 553 secla,

330 574 485 616 Tutata
504 581 564 615 est
585 574 726 622 virtus,
749 573 901 627 volpeis
921 572 1058 621 dolus;
1091 582 1137 613 ut
1156 572 1254 630 fuga
1274 589 1426 617 cervos.

327 648 386 689 At
406 648 626 688 levisomna
646 660 796 687 canum
816 645 902 686 fido
922 659 1016 686 cum
1036 653 1203 700 pectore
1222 647 1363 698 corda,

326 720 382 761 Et
399 734 528 777 genus
549 734 689 770 omne,
711 719 823 775 quod
844 728 904 760 est
923 719 1107 760 veterino
1128 720 1281 762 semine
1300 730 1481 776 partum,

323 793 626 851 Lanigeraeque
645 793 764 835 simul
783 793 975 848 pecudeS,
997 802 1037 835 et
1057 794 1207 835 bucera
1228 795 1347 845 secla,

211 873 290 910 865
323 867 478 909 Omnia
497 877 591 909 sunt
610 867 829 910 hominum
849 867 986 909 tutelae
1007 867 1172 917 tradita,
1195 868 1392 911 Memmi!

219 1041 295 1072 Ver.
322 1041 394 1072 855.
421 1041 500 1071 vesci
527 1041 671 1072 vitalibus
699 1042 805 1071 auris.-
832 1050 902 1081 quae

177 1098 251 1123 sunt
264 1092 372 1133 utique
387 1091 521 1122 aetheriis
535 1092 662 1131 ignibus
684 1092 830 1128 animata,
855 1098 900 1122 at-

175 1154 236 1184 que
251 1145 310 1174 hoc
325 1143 454 1173 nomine
469 1144 508 1173 ab
522 1145 620 1174 a'eriz's
641 1146 738 1179 auris,
765 1154 821 1173 seu
842 1154 902 1174 non

173 1197 327 1233 vitalibus,
343 1194 590 1236 distinguuntur.
635 1195 725 1225 Hinc
740 1195 902 1236 Virgilius,

174 1246 250 1276 AEn.
265 1245 285 1276 i.
301 1248 372 1277 546.

173 1328 262 1359 Quem
273 1327 295 1352 si
306 1327 371 1352 Fata
380 1327 469 1352 virum
480 1331 599 1357 servant,
610 1327 632 1352 si
642 1327 758 1352 vescitur
767 1328 836 1353 aurci

172 1367 302 1397 AEthnffi,
310 1374 397 1399 neque
407 1367 495 1392 adhue
504 1367 655 1392 crudelibus
663 1368 779 1392 occubat
787 1368 896 1393 umbris.

174 1443 269 1474 Unde
286 1443 455 1479 Arnobius,
481 1443 593 1482 po'etici
619 1443 770 1473 sermonis
790 1443 896 1482 praeci-

171 1505 253 1534 puus
268 1495 439 1533 affectator,
462 1494 583 1525 videtur
605 1494 773 1525 certissime
789 1505 896 1525 emen-

170 1547 303 1585 dandus,
334 1547 368 1577 in
397 1547 450 1577 lib.
473 1547 522 1577 vii.
552 1557 581 1585 p.
605 1550 674 1577 255.
722 1550 744 1564 “
766 1547 897 1577 Habent

173 1600 194 1616 ‘⁴
210 1597 295 1627 enim
312 1596 357 1627 dii
372 1607 470 1633 nares,
492 1597 606 1637 quibus
627 1597 744 1627 ducant
758 1600 896 1628 aetherios

170 1652 193 1668 “
208 1649 378 1689 spiritus?”
402 1650 422 1679 i.
440 1660 465 1681 e.
489 1659 579 1679 auras
602 1649 682 1687 coeli,
700 1649 749 1679 vel
764 1650 896 1679 haustus

169 1700 318 1732 aetherios.
364 1700 462 1739 Libri,
492 1703 607 1737 aerim,-
633 1701 673 1731 de
694 1701 896 1733 usitatissimo

167 1753 300 1784 librariis
314 1758 448 1792 peccato.
496 1753 622 1792 Statius,
639 1753 739 1785 Theb.
756 1754 775 1784 i.
793 1757 864 1786 257.

183 1837 231 1862 Ille
239 1840 332 1862 tamen
344 1837 448 1870 Superis
458 1841 562 1863 aetema
573 1839 676 1870 piacula
686 1839 777 1870 solvit,

181 1877 347 1908 projecitque
355 1877 428 1902 diem
435 1885 444 1908 3
450 1884 500 1902 nec
509 1878 564 1909 jam
572 1878 686 1910 amplius
693 1879 782 1904 ethere
790 1882 885 1905 nostro

181 1916 332 1940 Vescitur—-

165 1988 259 2020 Idem
282 1989 335 2021 ille
353 1991 496 2022 conditor
511 1992 688 2024 Theba'i'dos
709 1993 885 2035 magnifice,

165 2051 202 2072 ac
215 2041 356 2080 feliciter,
379 2043 452 2073 ibid.
468 2053 495 2074 v.
511 2047 561 2074 24.

448 2116 562 2141 animam
573 2117 668 2148 quibus
677 2117 791 2143 hauseris
801 2119 891 2144 astris?

207 2181 282 2211 Ver.
305 2185 376 2213 856.
404 2184 470 2214 Aut
493 2185 592 2222 dolus,
621 2190 677 2215 aut
698 2186 804 2221 virtus,
834 2192 889 2217 aut

164 2235 331 2265 mobilitas:
357 2235 451 2266 simili
466 2237 562 2267 modo
577 2243 692 2276 noster,
708 2238 748 2268 ad
762 2238 805 2268 iii.
817 2241 889 2270 741.

166 2288 236 2315 742.
258 2295 320 2325 quo
334 2286 449 2318 redeas.
493 2288 655 2328 Virgilius,
674 2289 749 2319 AEn.
764 2289 795 2319 ii.
812 2292 884 2322 590.

265 2365 356 2396 Dolus,
371 2373 406 2391 an
417 2367 517 2398 virtus,
529 2369 597 2399 quis,
610 2370 637 2393 in
649 2369 736 2399 hoste,
747 2370 884 2401 requirat?

164 2436 241 2467 Jam
271 2446 343 2467 vero
367 2439 556 2469 constructio
584 2441 760 2480 verborum,
791 2452 887 2482 quam

161 2498 256 2518 nemo
284 2488 407 2520 videtur
431 2491 628 2530 perspexisse,
651 2494 694 2523 sic
717 2504 749 2524 se
775 2495 886 2526 habet:

163 2542 185 2557 “
203 2539 372 2577 Mobilitas,
404 2546 504 2572 tutata
531 2542 565 2572 id
590 2553 699 2583 genus,
727 2555 885 2576 reservans

161 2591 184 2608 “
200 2596 247 2620 est
267 2602 313 2627 ea,
338 2594 610 2633 quaecunque—.n
656 2595 791 2627 Phrasin
813 2607 886 2630 vero

159 2651 313 2672 reservans
327 2649 380 2679 est,
404 2653 460 2682 pro
480 2651 651 2676 constanter
672 2654 813 2687 reservat,
836 2650 884 2680 vel

159 2693 322 2723 reservavit
335 2699 367 2724 et
381 2695 555 2726 etiamnum
570 2704 713 2735 reservat,
739 2709 797 2730 nos
811 2702 882 2732 atti-

159 2743 263 2783 gimus
278 2745 311 2775 in
329 2746 401 2777 Silv.
419 2747 494 2778 Crit.
509 2748 540 2778 ii.
556 2759 586 2787 p.
606 2753 653 2780 17.
677 2756 708 2780 et
722 2751 836 2783 alicubi
847 2753 882 2784 in

159 2796 208 2826 his
228 2800 470 2831 commentariis:
498 2802 641 2832 consulas
663 2803 758 2834 etiam
781 2805 883 2836 erudi-

159 2846 293 2879 tissimos
321 2851 586 2884 animadversores
607 2853 647 2885 ad
679 2855 800 2896 Hygin.
823 2857 883 2890 fab.

160 2898 263 2931 xxviii.
279 2900 381 2933 finem.

946 1096 1021 1121 tuta.

989 1149 1064 1179 Ver.
1087 1153 1160 1182 859.
1194 1152 1418 1182 Conmendata:
1442 1152 1461 1182 i.
1488 1163 1513 1183 e.
1536 1165 1566 1185 se
1592 1166 1673 1186 com.

947 1203 1124 1232 mendantz'a
1133 1217 1144 1237 ,·
1168 1201 1209 1232 ad
1223 1201 1335 1232 mediae
1349 1203 1434 1233 vocis
1449 1203 1668 1245 significatum:

942 1253 1049 1283 redeas
1064 1253 1104 1284 ad
1119 1253 1157 1284 iv.
1176 1256 1248 1285 761.

986 1312 1067 1343 Ibid.
1090 1315 1193 1344 tuteloe
1207 1316 1324 1344 tradita
1342 1321 1463 1346 nostroe.
1501 1317 1669 1350 Construc-

942 1364 986 1394 tio
1001 1370 1059 1402 est,
1083 1371 1114 1395 et
1130 1375 1250 1395 sensus:
1280 1369 1300 1384 “
1317 1366 1484 1408 Multaque
1499 1376 1583 1409 sunt,
1606 1376 1669 1402 tra-

942 1419 964 1434 “
979 1415 1044 1446 dita
1057 1416 1091 1458 (i.
1108 1427 1134 1447 e.
1149 1417 1329 1457 commissa)
1345 1419 1451 1449 tutelae
1467 1428 1589 1459 nostrae,
1602 1434 1672 1464 quae

942 1469 964 1484 ‘⁵
980 1473 1111 1497 manent
1133 1470 1166 1498 z'n
1181 1470 1263 1498 hunc
1279 1480 1372 1509 usque
1387 1472 1481 1509 diem,
1507 1483 1668 1506 commen-

941 1521 964 1537 “
981 1519 1056 1549 data
1072 1520 1160 1550 nobis
1176 1531 1212 1550 ex
1229 1520 1286 1551 sua
1301 1522 1466 1553 utilitate.'’
1508 1526 1592 1557 Haec
1613 1538 1670 1559 au·

939 1576 1003 1600 tem
1017 1571 1184 1611 exigentiae
1200 1571 1269 1608 loci,
1286 1578 1316 1602 et
1331 1583 1424 1612 scopo
1438 1575 1545 1613 po’etae‚
1555 1578 1606 1608 vix
1619 1590 1669 1609 sa-

938 1620 978 1650 tis
991 1620 1092 1651 facere
1114 1622 1277 1660 videntur;
1298 1623 1390 1660 unde,
1415 1636 1515 1666 quum
1539 1639 1566 1658 α’
1588 1634 1620 1660 et
1643 1642 1664 1661 a

939 1673 1109 1703 sexcenties
1132 1680 1325 1705 commutata
1347 1676 1410 1706 sint
1424 1678 1533 1709 scribis
1548 1680 1666 1712 Lucre-

938 1723 1041 1761 tianis‚
1070 1735 1122 1755 me
1145 1735 1328 1764 persuasum
1350 1728 1450 1758 habeo
1473 1729 1516 1760 sic
1539 1733 1664 1764 rescribi

937 1773 1063 1804 debere:

983 1841 1173 1867 Conmendata
1187 1846 1310 1874 manent,
1321 1844 1402 1869 tutela
1413 1846 1512 1871 tradita
1523 1850 1625 1875 nostrai.-

937 1908 959 1938 i.
974 1918 1000 1939 e.
1023 1919 1078 1948 per
1092 1919 1205 1940 manus
1219 1910 1387 1940 hominurn
1403 1912 1515 1943 tradita
1521 1926 1531 1951 ;
1555 1914 1595 1945 de
1617 1927 1664 1947 se-

936 1960 1008 1990 culo
1037 1961 1071 1990 in
1101 1961 1243 1992 seculum
1274 1963 1462 1995 transmissa.
1526 1966 1579 1996 De
1607 1969 1667 2000 hac

936 2012 1156 2043 emendatione
1168 2014 1262 2044 velim
1279 2016 1381 2045 nasuti
1397 2018 1617 2058 pronuncient,
1633 2026 1665 2051 et

935 2063 1147 2104 intelligentes
1176 2065 1372 2096 critIcorum:
1419 2067 1469 2097 cui
1501 2079 1560 2099 ver.
1593 2074 1664 2103 865.

935 2114 1040 2143 minus
1057 2115 1195 2153 profecto
1217 2116 1316 2153 favet;
1338 2115 1378 2147 ad
1396 2128 1489 2157 quem
1504 2126 1612 2151 tamen
1627 2128 1664 2152 tu

934 2165 1115 2196 varietatem
1136 2166 1290 2205 lectionis,
1306 2174 1343 2198 ut
1356 2169 1477 2208 sciscas‚
1492 2171 1618 2210 inspice.

976 2226 1050 2257 Ver.
1068 2230 1138 2257 860.
1158 2238 1256 2267 genus
1279 2239 1350 2259 acre
1366 2231 1498 2269 leonum,
1524 2243 1662 2274 saevaque

931 2279 1021 2308 secla.
1064 2278 1217 2319 Virgilius
1241 2280 1308 2311 haec
1331 2280 1501 2321 defloravit,
1526 2283 1566 2314 ad
1591 2295 1665 2326 geo..

928 2329 972 2360 iil.
991 2333 1064 2361 264.

930 2404 1001 2436 Quid
1014 2404 1106 2436 lynces
1116 2406 1214 2432 Bacchi
1227 2407 1321 2438 vatiae,
1332 2411 1360 2433 et
1365 2414 1448 2440 genu:
1458 2416 1515 2434 acre
1525 2411 1657 2444 luporum?

931 2469 1027 2500 Unde
1058 2471 1178 2502 vanitas
1200 2472 1326 2503 diversae
1349 2473 1489 2505 lectionis
1510 2476 1550 2506 ad
1572 2478 1657 2509 hunc

930 2520 1074 2552 Maronis
1101 2533 1234 2560 versum,
1252 2535 1347 2564 pecus
1371 2535 1426 2564 pro
1445 2538 1552 2566 genus,
1582 2529 1659 2560 satis

929 2572 1091 2604 evincitur.
1136 2574 1239 2613 Idem,
1256 2575 1329 2606 ibid.
1345 2576 1375 2606 ii.
1394 2579 1462 2608 151.

988 2646 1025 2671 At
1036 2646 1136 2671 rabidae
1147 2647 1228 2679 tigres
1239 2649 1347 2679 absunt,
1357 2652 1385 2674 et
1395 2656 1472 2675 seva
1481 2646 1581 2676 le‘onum

989 2686 1136 2712 semina—.

970 2757 1042 2788 Ver.
1063 2762 1135 2790 861.
1164 2762 1280 2793 Tutaea
1303 2768 1364 2794 est:
1393 2763 1434 2792 V.
1458 2763 1506 2794 ed.
1534 2764 1655 2797 Tutast.

927 2816 1017 2840 —ut:
1044 2810 1080 2841 P.
1099 2817 1135 2842 Δ.
1154 2819 1200 2850 et,-
1224 2820 1317 2855 atque
1339 2814 1382 2845 sic
1403 2814 1546 2855 vulgares
1560 2816 1649 2848 editi:

926 2871 1100 2901 perperam,
1110 2869 1157 2895 tot
1169 2864 1343 2907 talibusque
1353 2868 1580 2907 exemplaribus
1590 2869 1652 2900 dis-

929 2912 1138 2945 suadentibus.
