1926 3224
642 245 876 296 LIBER
914 245 1216 296 SEXTUS.

1563 253 1655 299 279

314 380 370 421 Et
389 379 540 421 validas
560 386 682 436 auget
701 378 836 428 vireis,
868 385 908 419 et
927 378 1094 420 roborat
1113 379 1253 420 ictum.

312 453 424 495 Nam
443 453 553 504 facit,
584 461 645 504 ut,
676 467 769 508 quae
790 452 871 492 sint
889 451 993 493 illius
1012 453 1168 494 semina
1186 467 1406 509 quomque,

315 527 354 568 E
373 529 541 585 regione
559 528 693 568 locum
714 526 829 581 quasi
848 525 892 565 in
912 540 1040 566 unum
1062 534 1210 568 cuncta
1228 527 1425 577 ferantur,

313 601 470 642 Omnia
486 599 690 642 coniciens
708 599 752 638 in
772 611 867 638 eum
886 597 1088 638 volventia
1107 613 1284 641 cursum.

199 678 280 715 345
313 674 502 715 Forsitan
522 686 574 712 ex
593 671 682 725 ipso
701 669 867 710 veniens
886 669 1023 711 trahat
1042 671 1136 711 aere
1155 672 1347 727 quaedam

313 747 516 800 Corpora,
546 758 640 799 quae
661 743 790 800 plagis
810 743 1038 788 incendunt
1056 745 1339 787 mobilitatem:

309 818 634 874 Incolomeisque
653 819 765 859 venit
783 833 857 874 per
876 834 955 869 res,
987 827 1109 875 atque
1127 820 1290 878 integra
1312 821 1456 862 transit

308 892 461 942 Multa,
492 892 760 934 foraminibus
779 892 956 948 liquidus
976 894 1072 948 quia
1091 895 1288 936 transviat
1308 895 1426 951 ignis.

310 965 529 1022 Multaque
547 965 757 1023 perfregit,
789 981 915 1022 quom
935 982 1111 1022 corpora
1129 968 1309 1009 fulminis
1329 969 1417 1023 ipsa

194 1045 276 1082 350
310 1040 564 1096 Corporibus
583 1055 722 1082 rerum
741 1040 975 1091 inciderint,
1008 1041 1088 1096 qua
1109 1049 1222 1082 texta
1243 1050 1447 1083 tenentur.

366 1114 562 1157 Dissolvit
581 1130 707 1171 porro
727 1115 841 1158 facile
861 1131 932 1167 aes,
964 1130 1194 1172 aurumque
1215 1124 1384 1171 repente

164 1290 190 1308 “
207 1288 342 1323 Conicio,
381 1288 532 1327 εμξαλλω.

168 1340 326 1371 Conicz'ens
345 1344 462 1377 autem,
493 1349 697 1380 congregans,
722 1340 826 1381 colligi
849 1340 895 1371 fa·

164 1391 258 1422 ciens.
302 1390 439 1428 Nonius,
460 1390 499 1420 iv.
516 1394 565 1423 89.
590 1395 612 1410 “
632 1391 806 1432 conjicere,
833 1394 893 1423 col-

163 1445 188 1462 “
203 1444 309 1483 ligere,
324 1441 470 1472 certare.”
515 1442 612 1482 Lege,
627 1444 798 1483 confligere.
824 1444 892 1473 An-

165 1494 260 1535 tiquae
285 1493 395 1535 glossae
419 1493 536 1524 denuo:
563 1498 585 1512 “
604 1497 733 1533 Conicit,
757 1496 893 1536 συνζευγ-

162 1549 186 1565 “
205 1546 285 1577 „aa”

206 1605 282 1636 Ver.
301 1608 373 1637 545.
397 1607 562 1638 Forsitan:
589 1605 625 1636 P.
646 1608 766 1637 Forsan
789 1612 816 1637 et
823 1622 834 1643 ;
857 1612 894 1636 ut

165 1655 323 1687 editorum
351 1657 477 1697 vulgus:
505 1662 611 1686 contra
640 1657 734 1687 libros
764 1657 894 1695 scriptos

163 1707 333 1743 universos,
359 1708 393 1737 ni
422 1706 735 1738 fallimur.—trulzat:
768 1707 891 1737 Haver-

163 1768 305 1798 campus,
332 1760 448 1795 trahit;
485 1768 660 1798 operarum,
696 1764 732 1789 ut
760 1758 894 1798 videtur,

165 1810 248 1841 vitio.

208 1871 284 1900 Ver.
299 1874 371 1902 546.
394 1872 579 1902 incendunt:
605 1870 648 1901 sic
672 1870 782 1901 malim
803 1871 837 1900 in
852 1870 890 1900 li·

164 1926 239 1962 gato
253 1931 403 1957 sermone,
419 1932 482 1960 prae
497 1924 672 1960 intendunt,
684 1928 721 1952 ut
734 1922 891 1961 poeticum

165 1971 279 2012 magis,
301 1972 462 2012 grandius,
490 1979 521 2003 et
545 1973 744 2014 exquisitius3
766 1973 839 2004 licet
852 1985 890 2004 u-

164 2023 304 2064 triusque
326 2023 468 2054 vocabuli
489 2024 524 2054 in
538 2025 597 2054 hoc
619 2035 678 2055 usu
692 2035 817 2064 prorsus
839 2035 890 2055 ea-

165 2074 240 2106 dem
254 2074 294 2105 sit
307 2081 450 2114 potestas.
495 2075 584 2105 Hinc
606 2075 701 2106 etiam
723 2087 742 2106 a
756 2076 893 2106 testimo.

167 2126 230 2157 niis
250 2127 478 2166 exemplarium
500 2133 640 2158 veterum
654 2128 782 2168 propius
803 2129 893 2158 absu-

165 2188 246 2209 mus.
291 2178 328 2209 P.
343 2189 429 2217 sane,
445 2189 519 2209 cum
533 2179 622 2210 editis
636 2180 827 2221 vulgaribus,
843 2183 892 2210 in-

168 2231 315 2266 τεηάαηες
339 2231 606 2271 quemadmodum
627 2243 643 2262 c
659 2238 690 2262 et
710 2238 723 2262 t
744 2238 895 2271 perpetuo

167 2279 418 2311 confunduntur:
443 2282 498 2312 sed
514 2282 553 2313 Ο.
575 2284 754 2320 incendunt,
777 2289 808 2312 et
822 2283 893 2312 reli-

167 2331 223 2372 qui
244 2341 362 2368 omnes‚
385 2334 547 2368 incedunt;
581 2333 601 2362 i.
616 2343 642 2363 e.
666 2335 824 2370 ιἠεέάιιηι,
847 2333 894 2363 vel

170 2385 349 2414 incendunt.
393 2384 506 2414 Vanus
541 2395 648 2428 essem,
685 2390 716 2414 et
744 2385 896 2415 inutiliter

169 2445 329 2474 operosus,
359 2435 386 2465 si
414 2436 556 2476 exempla
583 2436 727 2466 dictionis
755 2439 893 2473 incendo,

167 2486 308 2518 Lucretii
322 2487 390 2517 loco
404 2488 580 2525 commoda,
594 2487 703 2518 vellem
719 2499 893 2529 congerere.

169 2538 270 2570 Plura
284 2546 358 2570 sunt
373 2540 441 2571 loca
456 2541 490 2571 in
506 2541 616 2571 Tacito
639 2547 670 2571 et
685 2541 759 2577 aliis,
782 2542 894 2582 quibus

168 2591 297 2622 incendo
320 2591 440 2622 restitui
456 2591 557 2630 debet,
580 2592 646 2622 vice
660 2595 803 2628 intendo;
827 2594 893 2623 haec

167 2647 275 2672 autem
291 2641 445 2673 discutere
466 2653 525 2674 nec
546 2649 681 2682 tempus,
706 2654 763 2674 nec
787 2644 894 2684 iniqua

166 2693 270 2732 operis
300 2694 349 2724 vel
378 2705 464 2725 nunc
489 2695 663 2734 prolixioris
684 2695 781 2735 spatia
806 2696 895 2726 nobis

167 2746 362 2786 permittunt.
407 2747 523 2778 Nullus
545 2748 663 2778 interea
677 2748 893 2786 dubitaverim,

167 2798 244 2838 quin
273 2800 353 2830 hanc
381 2799 422 2830 ad
444 2810 586 2830 normam
614 2800 828 2831 emendandus
855 2801 896 2830 sit

168 2848 333 2889 Virgilius,
363 2850 396 2880 iu
426 2851 501 2882 AEn.
532 2852 595 2883 viii.
625 2855 698 2883 514.
748 2852 894 2883 Lucretio

155 2899 319 2931 favente:-

210 2958 298 2990 Vor..
316 2960 386 2992 ΙΙΙ.

588 1289 717 1327 Canidi,
754 1288 894 1326 βαλλει.”
917 1302 919 1305 ·

997 1287 1129 1313 pastorale
1139 1288 1212 1313 canit
1221 1287 1339 1320 signum,
1349 1293 1489 1319 comuque
1500 1294 1612 1313 recurvo

999 1337 1160 1362 Tartaream
1171 1335 1281 1361 incendit
1291 1342 1460 1361 vocem—-

937 1419 981 1449 Et
995 1418 1039 1449 sic
1054 1419 1192 1458 profecto
1205 1418 1351 1449 nonnulli
1366 1418 1436 1448 libri
1453 1418 1550 1448 MSS.
1573 1428 1662 1458 mag-

936 1480 978 1500 no
994 1469 1136 1500 nomine:
1164 1469 1305 1500 conferas
1321 1469 1396 1498 AEn.
1412 1469 1451 1498 vi.
1467 1472 1538 1500 165.
1553 1479 1581 1499 v.
1591 1472 1662 1500 455.

936 1521 977 1551 ix.
1001 1524 1072 1552 500.
1101 1531 1169 1561 geo.
1200 1521 1243 1550 iii.
1266 1523 1338 1551 459.
1363 1526 1455 1560 atque
1477 1520 1662 1560 suffragium

936 1578 1040 1610 tuum,
1057 1572 1168 1603 lector!
1192 1571 1270 1601 mihi
1286 1570 1415 1600 forsitan
1431 1570 1562 1601 accedet.

980 1634 1143 1664 Ver.547.
1169 1644 1228 1672 per
1258 1643 1321 1663 res:
1362 1638 1406 1662 Ω.
1431 1638 1555 1671 partem
1593 1642 1664 1671 quae

936 1684 1066 1715 debetur
1079 1685 1233 1715 aberratio
1254 1683 1423 1714 simillimae
1439 1683 1547 1724 figurae
1562 1683 1664 1719 litera-

936 1745 1008 1765 rum
1022 1748 1039 1765 r
1063 1742 1094 1766 et
1118 1742 1139 1771 t,
1163 1736 1196 1765 in
1211 1735 1458 1775 Longobardicis
1481 1735 1663 1765 characteri-

935 1787 1001 1816 bus.

978 1847 1055 1876 Ver.
1071 1849 1146 1876 348.
1169 1848 1326 1886 liquidus:
1355 1846 1398 1875 ita
1422 1846 1458 1875 L.
1480 1845 1588 1875 redeas
1603 1856 1664 1877 ver.

936 1901 1007 1928 204.
1030 1898 1067 1928 P.
1083 1897 1181 1928 Vind.
1198 1897 1237 1927 Ο.
1262 1902 1297 1927 Δ.
1321 1901 1356 1928 Σ.
1382 1903 1426 1927 Ω.
1448 1898 1596 1936 ίίᾳιιίιΙιές
1620 1897 1662 1927 V.

934 1948 981 1978 ed.
996 1949 1110 1989 lapidis
1115 1962 1126 1983 ‚·
1150 1948 1198 1978 M.
1212 1949 1587 1988 liquidum—transviat.·
1613 1947 1664 1983 sic,

934 2000 1072 2030 dilucide
1097 2010 1132 2030 ac
1158 2005 1279 2030 vetusto
1304 2009 1404 2037 more,
1432 1998 1530 2029 Vind.
1547 1999 1588 2029 V.
1618 1999 1665 2029 ed.

936 2052 973 2083 L.
990 2053 1038 2083 M.
1063 2057 1097 2083 Δ.
1114 2057 1149 2083 Σ.
1167 2058 1212 2083 Ω..
1238 2051 1382 2089 editores,
1409 2051 1442 2080 in
1468 2050 1557 2080 nulla
1581 2057 1667 2089 parte

936 2103 1118 2133 temeritatis
1133 2109 1164 2132 et
1186 2102 1316 2132 inscitiae
1338 2107 1503 2138 cessanteS,
1527 2111 1564 2131 ex
1584 2101 1665 2131 arbi-

938 2154 997 2183 trio
1011 2153 1123 2183 dedere
1138 2155 1285 2188 havelam
1313 2153 1348 2183 P.
1363 2155 1494 2186 traviat5
1521 2152 1558 2182 B.
1579 2158 1666 2182 tran-

937 2207 1022 2241 sinist
1049 2205 1088 2235 O.
1106 2210 1254 2235 transeat.

981 2265 1056 2294 Ver.
1071 2268 1143 2296 549.
1169 2264 1336 2304 perfregit:
1374 2264 1396 2293 i.
1411 2273 1436 2293 e.
1460 2265 1482 2281 “
1498 2273 1558 2293 usu
1580 2273 1665 2293 com-

940 2319 962 2334 “
978 2322 1100 2355 pertum
1116 2321 1161 2346 est
1182 2315 1345 2355 aliquoties
1363 2314 1532 2354 fregisse;‘’
1553 2324 1608 2353 per
1622 2314 1665 2344 le-

937 2367 1131 2407 pidissimam
1167 2367 1372 2397 variationem
1409 2373 1598 2405 temporum,
1637 2372 1668 2396 et

938 2419 1065 2458 optimis
1089 2419 1187 2458 po'etis
1209 2418 1448 2458 frequentatam.
1494 2417 1589 2452 Quod
1612 2427 1666 2457 ge-

937 2481 998 2501 nus
1011 2471 1070 2501 ista
1085 2477 1159 2501 sunt
1175 2470 1363 2510 Virgiliana,
1378 2479 1446 2510 geo.
1462 2468 1504 2498 iii.
1519 2472 1592 2499 365.

969 2557 1086 2586 AEraque
1097 2555 1224 2580 dissiliunt
1235 2555 1326 2586 volgo,
1338 2557 1478 2585 vestesque
1488 2553 1614 2585 rigarunt

967 2596 1086 2625 Induta:‚
1099 2595 1254 2626 ceduntque
1264 2594 1400 2620 securibus
1410 2593 1521 2618 humida
1532 2593 1594 2617 vina
1601 2601 1610 2622 ;

967 2635 1000 2658 Et
1012 2638 1079 2658 totae
1091 2634 1203 2659 solidam
1216 2634 1242 2658 in
1255 2634 1368 2665 glaciem
1381 2636 1483 2657 vertere
1494 2633 1611 2661 lacunae,

968 2673 1099 2704 stiriaque
1108 2673 1216 2705 inpexis
1226 2673 1344 2697 induruit
1360 2672 1467 2697 horrida
1477 2672 1571 2696 barbis.

939 2748 1014 2778 Hoc
1040 2754 1147 2779 autem
1172 2748 1267 2779 modo
1291 2747 1480 2786 conspicitur
1505 2751 1666 2777 exaratum

936 2799 971 2829 in
990 2799 1084 2829 Vind.
1102 2800 1142 2829 V.
1166 2799 1214 2830 ed.
1245 2800 1282 2830 B.
1303 2799 1352 2829 M.
1369 2799 1409 2835 Ο.
1423 2805 1458 2829 Δ.
1473 2804 1508 2829 Σ.
1527 2804 1571 2828 Ω.
1597 2798 1664 2828 vul-

937 2862 990 2891 go,
1012 2852 1199 2892 perfringit;
1227 2852 1263 2881 L.
1284 2851 1519 2892 1›erfigz't.—Ab
1535 2851 1593 2879 hoc
1616 2850 1665 2878 in-

938 2914 1031 2943 super
1046 2903 1114 2934 loco
1129 2903 1267 2934 Lucretii
1289 2902 1443 2934 elaborata
1457 2902 1542 2934 Flozi
1563 2901 1662 2941 perio-

924 2963 954 2993 T
