1926 3224
624 224 861 274 LIBER

306 355 373 398 Fit
393 371 556 412 quoque
573 356 776 415 frigidior,
799 357 868 413 qui
887 357 898 398 i

903 222 1205 273 SEXTUS.
1567 236 1656 279 347

903 372 929 398 n
950 357 1058 399 terra
1080 365 1140 398 est
1159 355 1335 406 abditus,
1357 354 1519 398 humor.

193 434 274 470 845
309 431 480 488 Frigore
499 445 624 486 quom
646 432 846 486 premitur
866 446 992 485 porro
1013 432 1147 472 omnis
1166 439 1290 481 terra,
1312 430 1488 486 coitque,

307 504 363 546 Et
384 506 495 560 quasi
518 506 758 554 concrescit3
792 503 839 545 fit
859 505 1009 546 scilicet
1028 505 1071 545 in
1093 505 1298 556 co'enndo,

308 579 527 634 Exprimat
546 581 588 620 in
609 588 767 634 puteos,
791 578 822 618 si
844 592 897 632 qu

901 592 966 618 em
985 578 1092 634 gerit
1112 579 1214 632 ipsa,
1238 578 1429 620 calorem.

364 653 464 694 Esse
483 653 592 707 apud
621 652 872 693 Hammonis
893 651 1034 692 fanum
1055 651 1148 693 funs
1168 651 1258 692 luce
1278 652 1426 694 diurna

309 726 514 783 Frigidus,
547 735 587 768 et
606 727 758 768 calidus
778 736 985 767 nocturno
1005 734 1206 781 tempore,
1239 725 1378 766 fertur.

192 804 272 840 850
304 800 435 840 Hunc
455 799 642 842 homines
662 801 820 842 funtem
846 801 967 841 nimis
988 800 1261 850 admirantur,
1294 808 1333 841 et
1353 800 1437 841 acri

306 873 400 915 Sole
420 881 569 928 putant
589 875 727 916 subter
748 884 876 917 terras
896 875 1119 917 fervescere
1138 875 1306 931 partim,

306 947 406 988 Nox
427 947 496 989 ubi
517 949 686 989 terribili
707 958 859 991 terram
881 949 1055 1005 caligine
1075 950 1194 990 texit:

309 1021 436 1070 Quod
457 1022 577 1063 nimis
597 1038 622 1063 a
642 1022 736 1064 vera
756 1032 817 1063 est
836 1022 959 1079 longe
979 1023 1138 1063 ratione
1157 1031 1376 1063 remotum.

164 1197 304 1232 Arescit;
330 1195 368 1226 O.
383 1197 483 1227 rescit.
522 1197 601 1226 Mox
618 1195 701 1226 idem
718 1196 814 1227 codex
830 1199 886 1228 ha-

162 1249 214 1278 bet
227 1249 368 1278 demittit.

206 1307 281 1336 Ver.
298 1309 368 1336 845.
390 1306 495 1346 effeta,
514 1305 562 1336 vel
575 1305 682 1346 effeta.-
707 1307 726 1337 i.
747 1317 773 1337 e.
800 1308 887 1348 quasi

164 1357 284 1389 defessa
299 1363 329 1386 et
344 1356 514 1394 confracta,
530 1356 631 1387 calore
643 1357 715 1387 solis
730 1358 890 1390 exhausta.

165 1410 217 1440 Sic
239 1409 391 1439 nimirum
414 1408 526 1438 diserte
549 1409 700 1448 scriptum
722 1415 775 1446 est,
799 1416 891 1452 atque

164 1460 345 1492 temeritatis
360 1460 491 1490 minime
506 1460 722 1491 condonandae
742 1461 838 1492 fuerit
853 1472 890 1492 ex

164 1512 291 1544 arbitrio
314 1511 488 1550 demutare,
515 1512 546 1542 in
570 1512 798 1552 exemplaribus
825 1524 890 1544 cas-

163 1564 292 1596 tissimis
314 1574 350 1594 ac
372 1563 589 1594 vetustissimis
615 1564 651 1594 P.
674 1564 771 1594 Vind.
789 1565 830 1595 V.
845 1565 892 1596 ed.

163 1617 202 1648 L.
221 1617 267 1647 M.
286 1621 320 1647 Δ.
337 1620 371 1647 Σ.
388 1615 491 1656 vulg0‚
508 1615 618 1656 affecta
629 1631 640 1651 ;
669 1622 705 1645 ut
730 1616 769 1646 Ο.
785 1616 839 1646 sed
858 1618 893 1647 B.

165 1668 205 1703 Q.
231 1674 275 1698 Ω.
301 1666 418 1707 effecum
448 1666 575 1705 proclivi
602 1666 691 1696 valde
717 1674 895 1706 peccam.—

161 1720 262 1750 calore
273 1731 283 1748 .·
310 1718 347 1748 P.
362 1728 482 1758 vapore.
512 1717 623 1755 Porro,
642 1718 803 1749 Bentleius
817 1729 892 1749 con.

159 1768 243 1810 Jecit,
259 1768 387 1809 d‘fi’clffl
403 1779 455 1799 me
470 1778 534 1798 non
550 1770 712 1808 probante:
737 1770 845 1800 redeas
859 1771 891 1802 ii.

167 1823 260 1852 1149.

208 1879 281 1910 Ver.
299 1883 370 1910 844.
394 1881 451 1911 Fit
471 1890 605 1920 quoque:
635 1880 777 1917 editores,
799 1881 897 1912 auda-

163 1933 280 1964 cissimi
308 1933 469 1973 bipedum,
501 1935 571 1964 Hoc
581 1935 644 1975 fit;
669 1940 777 1965 contra
801 1935 896 1965 libros

165 1995 334 2016 universos.

207 2046 284 2076 Ver.
301 2048 372 2076 846.
395 2048 447 2076 in:
472 2045 515 2076 sic
530 2055 639 2076 omnes
653 2046 770 2086 scripti,
788 2052 819 2077 et
833 2048 892 2077 im-

165 2096 259 2137 pressi
281 2102 406 2127 veteres.
429 2094 433 2101 ’
453 2097 576 2127 Eadem
591 2107 669 2137 gens
691 2098 898 2134 inscitissima,

165 2154 197 2178 et
212 2147 304 2186 plena
322 2147 536 2187 impudentiae,
547 2138 555 2145 ’
566 2148 742 2187 deturpavit
767 2150 900 2180 versicu-

164 2197 235 2228 lum
263 2198 460 2228 rescribendo
487 2205 533 2236 ut,
559 2209 597 2228 ex
628 2200 765 2237 arbitrio,
793 2207 901 2230 contra

164 2259 286 2280 morem
310 2249 460 2287 Lucretii,
491 2256 523 2280 et
549 2249 821 2290 exquisitissimam
852 2252 898 2282 di-

164 2301 257 2332 cendi
279 2301 428 2331 formam:
454 2300 524 2331 vide
540 2311 600 2331 ver.
618 2304 690 2332 405.
715 2308 746 2331 et
765 2302 901 2333 indicem

166 2358 309 2382 nostrum
333 2352 476 2382 criticum
503 2352 542 2382 de
568 2352 683 2382 omissa
708 2353 817 2384 vocula
847 2362 880 2385 ut
887 2372 898 2392 ;

166 2415 242 2436 nam
257 2405 446 2446 pervulgatis
461 2406 620 2437 immorari
636 2407 733 2446 pudet
745 2407 898 2447 pigetque.

166 2460 360 2488 —co'e'undo:
389 2458 483 2488 Vind.
501 2459 543 2494 Q.
567 2461 739 2499 quoeundo;
763 2465 798 2489 ut
813 2469 898 2498 mox,

165 2518 226 2539 ver.
243 2512 316 2540 858.
329 2520 542 2549 perquoquere.

208 2571 282 2601 Ver.
300 2575 371 2602 847.
391 2574 489 2612 gerit:
514 2572 534 2603 i.
551 2582 576 2602 e.
600 2580 681 2616 φερει,
701 2586 772 2614 εχει,
795 2574 898 2610 haben

165 2627 203 2651 ut
217 2621 290 2652 alibi
306 2633 395 2662 saepe.
442 2623 522 2653 Redi
538 2634 599 2654 ver.
616 2627 687 2655 790.

209 2681 284 2712 Ver.
298 2686 368 2712 848.
393 2684 487 2714 Esse:
510 2683 556 2714 sic
568 2684 605 2714 L.
623 2683 670 2714 M.
685 2684 805 2725 reliqui,
823 2686 881 2716 Est
887 2700 898 2722 ,-

166 2733 250 2774 quod
265 2744 330 2764 non
346 2734 495 2765 deterius:
520 2736 585 2774 sed,
601 2746 671 2777 quae
687 2736 770 2772 dedi,
792 2738 902 2776 probat

166 2784 588 2818 Bentleius.—Hammmzis.·
613 2787 657 2818 sic
674 2787 711 2818 P.
736 2788 776 2818 O.
800 2793 835 2818 Δ.
857 2794 901 2818 Ω.

166 2841 198 2866 et
212 2836 316 2875 plures
332 2837 450 2876 forsan,
474 2839 499 2868 si
514 2839 676 2871 collatores
695 2849 763 2871 rem
778 2838 900 2870 retulis-

168 2893 250 2918 sent:
283 2888 387 2930 vulgo,
404 2891 573 2922 Ammonis.

974 1194 1056 1226 Ibid.
1078 1197 1162 1235 apud
1180 1193 1488 1234 Hammonz'sfanum
1503 1192 1602 1234 suns:
1626 1194 1666 1224 de

930 1257 992 1287 quo
1007 1246 1091 1277 docti
1114 1249 1222 1277 omnia
1245 1251 1468 1286 congesserunt
1496 1245 1536 1275 ad
1558 1246 1667 1281 Quint.

936 1299 1022 1330 Curt.
1045 1300 1083 1330 iv.
1109 1302 1137 1330 7.
1165 1304 1194 1330 ⁶2.
1221 1300 1333 1338 Pomp.
1359 1299 1437 1330 Mel.
1461 1299 1481 1329 i.
1498 1302 1524 1328 8.
1548 1298 1615 1329 init.
1638 1305 1670 1329 et

936 1351 1099 1388 Ovidium,
1126 1357 1199 1382 met.
1225 1361 1272 1381 xv.
1291 1354 1364 1382 509.
1387 1350 1431 1380 sic
1458 1350 1593 1380 suaviter
1619 1360 1668 1380 ca-

935 1409 1080 1434 nentem:

1193 1483 1283 1508 medio
1296 1485 1354 1512 tua,
1366 1482 1489 1513 corniger
1500 1483 1636 1506 Hammon
1647 1482 1653 1507 !

936 1525 1016 1549 Unda
1028 1524 1071 1549 die
1082 1523 1170 1556 gelida
1180 1526 1235 1553 est;
1254 1526 1380 1553 ortuque,
1393 1522 1533 1552 obituque,
1544 1521 1661 1546 calescit.

938 1594 990 1625 De
1005 1594 1116 1625 eodem
1133 1593 1228 1624 Silius
1246 1593 1415 1634 eleganter,
1441 1593 1524 1623 Pun.
1540 1592 1583 1623 iii.
1600 1595 1672 1624 669.

939 1683 996 1707 Stat
1007 1681 1070 1706 sano
1081 1681 1180 1711 vicina,
1193 1688 1297 1705 novum
1309 1683 1337 1705 et
1348 1679 1534 1709 memorabile,
1550 1679 1675 1712 lympha,

936 1722 1005 1752 Quae
1017 1724 1144 1745 nascente
1157 1720 1209 1750 die,
1223 1726 1285 1750 quoe
1297 1719 1451 1749 deficiente,
1463 1719 1594 1750 tepescit3

937 1761 1060 1791 Quaeque
1071 1761 1151 1791 riget,
1169 1759 1279 1783 mcdium
1291 1765 1355 1783 cum
1371 1758 1410 1783 sol
1431 1758 1562 1784 adscendit
1581 1757 1674 1789 Olym-

1033 1805 1110 1830 pum.

942 1877 993 1908 Ita
1007 1887 1113 1907 versus
1128 1883 1305 1916 postremus
1322 1881 1369 1906 est
1383 1875 1575 1907 scribendus

985 1929 1059 1960 Ver.
1077 1932 1149 1960 849.
1177 1929 1354 1970 Frig‘z'dus:
1388 1933 1434 1958 Ω..
1460 1929 1673 1967 Frz‘gus.—et.·

937 1980 1043 2021 vulgo,
1067 1986 1117 2016 at;
1143 1985 1252 2010 contra
1274 1978 1382 2008 libros:
1408 1988 1479 2019 quae
1494 1988 1553 2008 vox
1569 1984 1676 2008 tamen

938 2033 1017 2063 bene
1046 2031 1234 2070 exprimeret
1264 2044 1296 2061 ero
1325 2039 1434 2060 rursus
1468 2029 1580 2067 Solini,
1610 2040 1676 2068 cap.

943 2084 1026 2113 xxix.
1052 2083 1133 2112 hanc
1158 2091 1226 2111 rem
1256 2080 1432 2118 tractantis;
1466 2079 1521 2110 sed
1551 2080 1677 2119 pessimi

944 2141 990 2164 est
1012 2133 1146 2172 exempli
1169 2132 1292 2162 facinus
1314 2131 1381 2162 sine
1397 2131 1507 2162 caussa
1521 2133 1676 2163 membra-

944 2187 992 2215 nis
1006 2183 1274 2215 consentientibus
1289 2183 1451 2213 adversari.

986 2246 1061 2276 Ver.
1076 2248 1149 2276 851.
1168 2246 1305 2284 partim:
1330 2243 1351 2274 i.
1370 2253 1396 2273 e.
1421 2256 1452 2273 εκ.
1467 2256 1562 2286 μερες,
1586 2243 1635 2274 vel
1655 2257 1679 2275 εν

943 2311 1027 2339 μερει·
1050 2296 1198 2327 vicissim:
1224 2302 1317 2327 noctu
1347 2295 1479 2332 scilicet3
1503 2295 1577 2336 quia
1606 2295 1678 2326 reli-

945 2361 1007 2391 qua
1019 2349 1126 2380 omnia
1141 2359 1158 2378 e
1173 2348 1329 2379 contrario
1344 2349 1481 2378 interdiu
1496 2347 1679 2378 fervescant.

942 2402 1062 2442 Vulg0,
1077 2403 1190 2441 raptim
1199 2415 1209 2436 ;
1237 2406 1268 2430 et
1283 2400 1327 2430 sic
1344 2404 1378 2430 Δ.
1395 2399 1448 2429 sed
1463 2399 1677 2435 renuentibus,

942 2460 979 2484 ut
1001 2453 1134 2488 videtur,
1160 2451 1291 2482 vetustis
1315 2451 1468 2481 universis
1492 2450 1678 2490 exemplari-

946 2505 1014 2535 bus.

990 2564 1064 2593 Ver.
1082 2565 1154 2594 852.
1176 2568 1309 2592 terram:
1335 2561 1378 2591 sic
1400 2559 1498 2591 Vind.
1518 2560 1560 2591 O.
1586 2560 1625 2595 Q.
1643 2564 1678 2595 A,

943 2620 978 2647 Σ.
1004 2624 1077 2644 cum
1101 2613 1244 2654 jucunda
1262 2613 1421 2642 varietate:
1448 2611 1556 2652 vulgo,
1572 2617 1677 2642 terras.

987 2674 1068 2705 Ibid.
1092 2674 1223 2704 terribili
1245 2674 1391 2712 caligine,
1417 2685 1546 2713 στυγερῳ
1570 2683 1678 2703 σκοτει-

945 2726 1045 2756 Hom.
1063 2724 1103 2755 Il.
1119 2729 1151 2754 E.
1167 2727 1217 2755 47.
1243 2723 1395 2754 Conferas
1410 2723 1450 2753 iv.
1466 2726 1539 2753 462.

988 2785 1064 2814 Ver.
1089 2786 1160 2814 854.
1183 2785 1320 2813 nudum:
1358 2786 1393 2814 Σ.
1419 2783 1570 2817 πίιὶιίιιηι,·
1594 2779 1680 2810 haud

946 2836 1124 2866 invenuste:
1151 2833 1223 2864 vide
1239 2833 1279 2864 ad
1293 2833 1332 2864 iv.
1348 2836 1384 2863 21
1392 2836 1677 2863 2.—contractans.·

947 2887 1054 2929 vulgo,
1073 2891 1262 2919 contrectans
1268 2900 1278 2922 ,-
1301 2883 1430 2916 vetustis
1444 2882 1530 2915 libris
1544 2891 1678 2913 renuen-

904 2948 963 2979 Z5
