1926 3224
286 223 380 263 302

793 211 853 258 Τ.
890 209 1260 258 LUCRETII

431 341 618 386 Advorsfi
637 341 746 383 fulsit
765 339 1000 380 nimborum
1020 338 1264 393 adspargine
1285 341 1447 388 contra'3

320 422 401 459 525
433 418 546 460 Tum
566 415 677 457 color
696 415 740 454 in
760 413 888 469 nigris
908 411 1065 453 exsistit
1082 411 1261 453 nubibus
1281 412 1417 467 arqui.'

491 490 668 538 Caetera,
689 501 783 543 quae
802 500 962 527 sursum
981 492 1184 535 crescunt,
1206 499 1446 541 sursumque
1465 491 1672 536 creantur;

434 564 504 613 Et,
533 576 626 617 quae
646 567 914 601 concrescunt
932 559 977 599 in
995 558 1173 600 nubibus
1192 559 1346 609 omnia,
1377 572 1567 613 prorsum

434 636 603 684 Omnia,
625 635 714 685 nix,
735 633 886 684 venoei,
907 633 1084 690 grando,
1105 633 1334 690 gelidaeque
1352 633 1529 688 pruinae,

434 711 491 752 Et
509 710 569 751 vis
588 723 743 765 magna
761 707 858 764 geli,
878 721 1078 764 magnum
1096 707 1297 749 duramen
1317 721 1532 763 aquarum,

321 790 404 827 530
434 784 491 826 Et
509 797 643 834 mora,
667 796 760 838 quae
779 781 922 822 fluvios
942 781 1092 837 passim
1111 781 1303 832 refrenat,
1335 780 1512 822 aventeis

290 953 389 986 Vind.
404 953 440 985 L.
457 953 505 984 M.
526 953 602 985 Jam
617 963 689 984 vero
709 959 786 994 quot
806 953 923 984 vicibus
941 954 971 996 f
983 959 1015 985 et

282 1006 317 1048 s,
351 1017 365 1037 s
395 1011 426 1035 et
454 1015 483 1043 c,
510 1010 703 1036 commutata
730 1003 821 1036 sunt?
846 1007 892 1035 At
919 1004 1014 1041 enim,

291 1066 391 1098 quum
406 1061 513 1086 noster
524 1055 632 1093 codex,
643 1055 834 1086 emaculatus
848 1055 882 1086 in
897 1056 1015 1095 primis,

294 1115 340 1140 n..
355 1107 436 1139 clare
451 1109 586 1148 praebeat
598 1110 747 1149 fluenter,
764 1107 843 1138 nihil
857 1108 939 1138 ultra
954 1108 1015 1138 dis-

292 1159 482 1201 quirendum
497 1159 689 1198 putavimus:
715 1159 822 1189 conset
836 1159 875 1189 iv.
889 1162 961 1189 226.
987 1163 1018 1188 et

293 1220 381 1249 mox,
398 1220 458 1241 ver.
476 1213 546 1242 951.
562 1209 691 1250 hujusce
705 1209 785 1239 libri.
824 1209 863 1239 O.
879 1208 1019 1247 proxime

292 1263 378 1293 abest
391 1273 411 1293 a
424 1272 507 1298 vero,
523 1261 600 1292 dans
611 1264 774 1303 fluentum
799 1261 840 1290 V.
861 1259 908 1289 ed.
933 1264 967 1290 Δ.
984 1264 1018 1291 Σ.

283 1314 390 1356 fiant.-
415 1323 598 1344 communes
627 1312 711 1347 editi,
741 1321 778 1340 ex
804 1310 931 1340 arbitrio
952 1319 1018 1340 cor-

292 1369 461 1401 rectorum,
473 1363 617 1403 suerunt.
664 1362 833 1398 Caeterum,
861 1361 952 1390 verba
969 1362 1019 1401 fio

293 1420 326 1446 et
336 1417 408 1456 fluo
423 1414 523 1444 solere
545 1412 708 1450 confundi,
730 1420 833 1442 noster
850 1411 942 1442 index
959 1412 1019 1442 cri-

293 1466 374 1496 ticus
388 1471 419 1496 te
442 1465 604 1496 certiorem
620 1464 721 1494 faciet.
765 1464 922 1504 Denique,
945 1462 1022 1493 ordo

293 1521 425 1548 esu—‘⁶
440 1516 495 1547 ubi
511 1516 612 1547 multa
625 1516 745 1546 semina
758 1525 909 1556 aquarum
922 1515 1021 1545 fluen-

293 1573 319 1588 “
334 1575 382 1599 ter
410 1567 586 1599 seruntur.”
630 1568 674 1599 Et
694 1567 767 1597 hinc
788 1577 854 1597 una
874 1567 910 1597 fit
931 1572 1023 1607 atque

293 1620 494 1662 integerrima
530 1625 685 1651 structura
712 1619 1023 1657 versuum—Porro,

293 1676 330 1702 Δ.
349 1673 546 1703 Consuerant.

338 1730 412 1761 Ver.
428 1733 500 1762 522.
515 1730 742 1771 quomfumcms
752 1743 762 1760 :
780 1730 815 1760 P.
827 1739 1019 1764 consumens,-

294 1781 336 1812 V.
351 1782 398 1813 ed.
422 1793 490 1813 cum
506 1783 833 1813 sumana-redimat.
879 1780 961 1810 Haec
975 1779 1020 1808 vi-

294 1832 386 1863 detur
407 1832 637 1863 accuratissima
658 1832 742 1862 verbi
757 1830 909 1862 scribendi
932 1830 1022 1868 ratio,

296 1893 367 1924 quae
380 1883 496 1922 pariter
517 1883 636 1913 obtinet
658 1882 692 1912 in
714 1883 864 1919 redhibeo,
888 1881 1021 1912 redhibi-

294 1937 338 1966 tio
374 1935 409 1965 in
437 1934 547 1976 glossis
574 1933 712 1969 vetustis,
749 1939 843 1973 atque
873 1934 1022 1963 redhostio

295 1986 380 2027 apud
403 1987 560 2024 Nonium,
583 1987 615 2016 ii.
632 1989 703 2017 740.
749 1985 860 2026 Neque
874 1984 1022 2015 aliorsum

297 2044 436 2078 spectare
455 2037 664 2079 judicaverim
680 2036 825 2066 codicum
839 2036 876 2066 L.
892 2036 940 2066 M.
955 2045 1021 2066 cor-

298 2089 461 2129 ruptelam,
483 2089 640 2119 redralat:
666 2087 751 2117 idem
767 2086 880 2117 Vossio
901 2085 1023 2116 dudum

298 2141 409 2172 arrisit.
456 2141 577 2171 Caetera
593 2137 744 2177 exempla,
759 2139 886 2169 rehalat.

343 2203 424 2234 Ibid.
453 2205 547 2234 Terra
561 2202 696 2243 fumans
714 2202 871 2232 redbalat:
891 2205 1024 2230 reverta-

298 2255 341 2285 ris
355 2254 448 2285 velim
465 2253 504 2285 ad
519 2264 595 2284 verr.
611 2256 682 2284 459.
698 2255 771 2283 476.
786 2253 858 2283 477.
874 2250 1026 2291 superius,

300 2315 336 2336 ac
351 2311 448 2336 notas.

343 2366 418 2397 Ver.
435 2369 506 2398 525.
531 2366 629 2396 Ησὶε.ι
655 2364 710 2401 ita,
731 2369 767 2394 ut
789 2363 901 2404 passim
923 2368 1028 2394 noster

301 2420 426 2457 adsolet,
445 2421 576 2461 jubente
591 2419 685 2450 etiam
701 2418 854 2454 Bentleio,
878 2419 913 2449 P.
929 2417 1027 2448 Vind.

303 2472 344 2502 V.
359 2472 406 2502 cd.
432 2472 471 2503 Ο.
496 2477 530 2502 Δ.
553 2476 588 2504 Σ.
613 2477 658 2502 Ω..
687 2470 792 2510 vulg0,
817 2471 922 2505 Hinc;
948 2469 1028 2499 forte

303 2522 370 2554 sine
385 2522 470 2553 libris
489 2524 728 2556 MSS.-inter.·
756 2523 794 2553 V.
811 2522 859 2553 ed.
875 2523 912 2553 Β.
936 2524 1027 2553 intus.

349 2582 429 2613 Ibid.
458 2586 501 2614 sol
529 2587 630 2615 radiis
660 2582 798 2615 Advorsd
812 2583 918 2623 fulsit.
965 2582 1029 2613 Ore

305 2635 472 2675 magnifico
492 2635 658 2677 Virgilius,
672 2635 712 2666 ad
728 2636 802 2665 AEn.
818 2635 858 2665 ix.
873 2637 947 2665 374.

321 2715 353 2738 Et
365 2715 438 2747 galea
449 2717 606 2748 Euryalum,
616 2716 740 2742 sublustri
751 2716 838 2741 noctis
848 2717 874 2739 in
885 2714 993 2744 umbra,

320 2755 435 2780 Prodidit
445 2756 636 2788 inmemorem,
646 2757 779 2789 radiisque
787 2756 901 2781 adversa
911 2755 1018 2786 refulsit.

307 2826 373 2857 Ubi
401 2827 539 2858 clausula
560 2831 705 2861 sublustri
732 2832 828 2861 noetis
858 2831 892 2860 in
923 2827 1030 2859 umbrc‘i

307 2877 435 2918 pulchre
455 2886 613 2911 conservat
634 2882 728 2912 etiam
751 2886 912 2912 venustam
933 2889 1028 2920 oppo-

1056 954 1200 985 sitionem
1217 953 1367 991 Lucretii,
1390 957 1591 992 tempestatem
1613 952 1694 982 inter
1707 959 1783 991 opa-

1057 1018 1123 1038 cam
1130 1023 1142 1044 ,-
1163 1006 1224 1046 qua
1248 1016 1298 1036 res
1319 1004 1432 1035 clarius
1462 1010 1493 1033 et
1514 1002 1645 1032 vividius
1660 1002 1786 1033 exhibe-

1059 1065 1120 1089 tur.
1164 1058 1208 1088 Et
1221 1057 1317 1087 lector
1331 1055 1454 1094 lepidus
1471 1054 1572 1084 multa
1586 1064 1659 1084 cum
1674 1054 1784 1093 volup-

1060 1116 1123 1140 tate
1149 1109 1323 1139 committet
1346 1107 1598 1137 scholasticorum
1622 1107 1786 1145 poetarum

1060 1161 1168 1190 decem
1197 1159 1373 1188 tetrasticha
1401 1158 1440 1188 de
1470 1159 1567 1195 Iride,
1596 1157 1630 1188 in
1655 1157 1785 1189 Anthol.

1062 1212 1130 1241 Lat.
1154 1211 1263 1241 Burm.
1286 1220 1312 1240 v.
1340 1213 1387 1240 17.
1419 1209 1571 1250 longiora,
1596 1219 1691 1250 quam
1715 1219 1787 1250 quae

1062 1263 1124 1292 huc
1139 1261 1298 1291 transferri
1311 1261 1436 1300 possint.
1480 1260 1647 1291 Videndus
1661 1260 1787 1300 insuper

1063 1313 1102 1343 de
1134 1314 1193 1343 hoc
1220 1314 1428 1352 phaenomeno
1448 1311 1598 1352 magister
1618 1311 1787 1351 Epicurus,

1063 1364 1146 1403 apud
1183 1363 1278 1404 Diog.
1308 1362 1409 1393 La‘e'rt.
1437 1372 1465 1393 x.
1496 1365 1566 1394 109.
1603 1362 1789 1393 Aristoteles

1063 1415 1170 1453 etiam,
1208 1421 1239 1446 et
1268 1414 1464 1450 Plutarchus,
1498 1424 1572 1444 cum
1603 1414 1725 1445 Stobaeo
1753 1412 1788 1445 in

1064 1467 1210 1507 physicis;
1234 1466 1285 1496 cui
1301 1466 1340 1496 sit
1355 1466 1467 1502 otium,
1483 1475 1519 1495 ac
1533 1464 1685 1496 voluntas.

1108 1527 1182 1556 Ver.
1198 1529 1269 1557 525.
1291 1527 1493 1565 adspargine:
1518 1524 1561 1554 sic
1575 1523 1672 1554 Vind.
1687 1523 1724 1554 L.
1741 1523 1790 1555 M.

1065 1577 1170 1618 vulgo,
1199 1579 1374 1617 aspergine:
1400 1577 1441 1606 V.
1468 1575 1515 1606 ed.
1543 1580 1578 1607 Σ.
1607 1577 1788 1615 aspargine.-

1067 1634 1102 1659 Δ.
1128 1639 1294 1668 aspergere.
1340 1626 1468 1657 Heinsii
1490 1632 1598 1657 notam
1622 1626 1726 1657 videas
1749 1625 1790 1658 ad

1067 1679 1156 1719 Virg.
1169 1679 1243 1709 AEn.
1259 1678 1304 1708 iii.
1322 1681 1393 1708 554.

1106 1739 1182 1769 Ver.
1198 1740 1269 1769 525.
1294 1739 1440 1768 nubibus.-
1477 1737 1526 1768 Pii
1548 1737 1677 1777 quidam
1700 1736 1789 1768 oodd.

1069 1791 1336 1830 nubilus.-arqui
1344 1803 1354 1819 :
1378 1788 1475 1819 iidem
1490 1788 1540 1819 Pii
1562 1788 1650 1818 codd.
1664 1789 1770 1829 arquis
1776 1803 1789 1825 ,-

1065 1841 1162 1872 Vind.
1174 1842 1276 1884 {arcu5
1298 1841 1340 1871 V.
1356 1840 1403 1871 ed.
1420 1851 1488 1876 ueo,·
1514 1845 1548 1870 Δ.
1565 1844 1600 1871 Σ.
1615 1841 1693 1871 arci.
1737 1840 1791 1870 De

1064 1895 1123 1924 hac
1138 1899 1242 1924 autem
1255 1891 1485 1933 orthographia,
1499 1901 1593 1932 quam
1605 1902 1662 1922 nos
1676 1901 1791 1931 reprae-

1065 1945 1268 1982 sentavimus,
1294 1944 1362 1974 vide
1387 1943 1574 1982 Sosipatrem
1599 1942 1790 1979 charisium,

1065 1996 1123 2026 sub
1137 1995 1205 2025 init.
1220 1995 1290 2025 libri
1306 1994 1345 2025 de
1361 1993 1518 2034 analogid,
1533 2004 1664 2033 arquum
1680 2001 1717 2024 ex
1734 1993 1790 2024 ci-

1067 2057 1178 2077 cerone
1201 2047 1407 2086 proferentem
1415 2058 1424 2084 3
1454 2046 1605 2081 Nonium,
1632 2045 1672 2076 ad
1693 2055 1720 2076 v.
1737 2048 1791 2076 14.

1067 2098 1234 2129 discrimen
1264 2098 1366 2136 futile,
1395 2104 1427 2128 et
1454 2098 1599 2138 ignotum
1628 2098 1792 2133 veteribus,

1067 2149 1370 2187 comminiscentem
1392 2159 1465 2180 cum
1481 2148 1625 2184 Heinsio,
1643 2148 1683 2178 ad
1699 2147 1792 2179 Ovid.

1067 2206 1139 2230 met.
1151 2200 1192 2230 xi.
1209 2203 1281 2232 590.
1330 2200 1380 2230 Sic
1399 2199 1569 2236 Arnobius,
1584 2199 1638 2229 lib.
1653 2199 1685 2228 ii.
1699 2209 1728 2238 p.
1741 2202 1792 2230 59.

1068 2254 1091 2270 “
1107 2257 1238 2291 arquata
1254 2250 1400 2288 sellula;'’
1423 2256 1454 2281 et
1468 2257 1555 2281 vetus
1566 2249 1794 2281 onomasticon:

1068 2304 1091 2320 “
1108 2304 1263 2342 Arquites‚
1280 2301 1425 2340 τοξοται.”
1462 2301 1523 2332 Sed
1538 2303 1600 2332 abit
1615 2303 1697 2332 dies.-
1722 2311 1794 2332 nos-

1068 2358 1135 2383 met
1149 2353 1245 2394 igitur
1259 2353 1292 2382 in
1314 2352 1424 2383 itinere
1438 2363 1616 2394 pergamus,
1638 2359 1668 2384 te
1682 2353 1721 2384 ad
1736 2363 1794 2384 no·

1070 2411 1116 2435 tas
1131 2405 1163 2435 in
1178 2415 1205 2435 v.
1222 2408 1294 2436 554.
1316 2405 1496 2446 relegantes.

1114 2463 1196 2495 Ibid.
1217 2465 1316 2504 nigris
1345 2465 1482 2495 nubibus.
1526 2463 1689 2505 Virgilius,
1717 2463 1797 2497 AErb

1070 2527 1098 2547 v.
1118 2520 1191 2549 516.

1296 2591 1372 2623 nigra
1383 2590 1443 2623 figit
1453 2592 1502 2616 sub
1513 2590 1578 2616 nube
1587 2591 1752 2617 columbam.

1117 2663 1192 2694 Ver.
1209 2667 1281 2695 527.
1296 2667 1411 2702 onmia,
1422 2675 1563 2705 prorsum
1579 2665 1697 2695 Omnia.
1714 2663 1796 2694 Sane

1068 2715 1298 2755 jucundissima
1313 2722 1358 2746 est
1372 2717 1438 2747 haec
1453 2717 1613 2746 verborum
1628 2714 1795 2754 revocatio,

1073 2773 1104 2798 et
1121 2768 1192 2808 jure
1209 2768 1355 2798 Lucretio
1376 2767 1559 2807 perplacuit:
1584 2765 1623 2796 de
1642 2765 1705 2807 quii
1725 2766 1796 2798 vide

1073 2829 1129 2848 nos·
1144 2818 1183 2849 ad
1199 2818 1241 2848 iii.
1261 2822 1309 2849 15.
1333 2825 1364 2849 et
1378 2818 1449 2849 alibi
1463 2817 1534 2857 plus
1547 2816 1651 2847 semel.

1116 2880 1190 2910 Ver.
1206 2882 1277 2911 528.
1299 2881 1359 2911 nix.
1373 2880 1504 2919 grando,
1513 2879 1650 2918 pruiuae.
1683 2877 1736 2908 De
1746 2877 1798 2908 his
