1926 3224
588 249 831 298 LIBER

885 246 1184 298 SEXTUS

1544 254 1640 297 273

299 381 435 430 Quem
453 383 588 439 gravis
608 383 832 439 insequitur
851 383 1021 431 sonitus,
1044 381 1219 436 displosa
1237 387 1403 435 repente

182 459 266 495 285
299 456 544 510 Obprimere
564 465 610 497 ut
629 457 718 497 coeli
739 456 954 497 videantur
973 455 1124 509 templa
1145 469 1331 509 superne.

299 530 402 571 Inde
424 538 577 571 tremor
596 539 722 570 terras
741 529 919 585 graviter
937 536 1156 582 pertentat,
1179 537 1219 568 et
1239 529 1365 569 altum

299 603 520 644 Murmura
539 609 783 657 percurrunt
803 600 950 641 coelum
957 617 969 648 3
1002 614 1098 639 nam
1120 608 1206 640 tota
1225 600 1308 641 fere
1328 610 1416 642 tum

294 677 534 730 Tempestas
555 689 751 715 concussa
771 674 923 723 tremit,
945 672 1210 729 fremitusque
1231 682 1463 716 moventurz

298 749 396 797 Quo
415 748 468 788 de
486 762 686 788 concussu
707 747 890 802 sequitur
909 748 1043 804 gravis
1064 747 1209 798 imber,
1233 756 1273 788 et
1292 748 1408 798 uber,

184 827 266 864 290
298 821 445 864 Omnis
465 821 548 862 utei
569 821 754 863 videatur
774 822 818 862 in
839 821 1013 862 imbrem
1034 823 1185 863 vortier
1207 822 1352 873 aether,

294 895 434 951 Atque
454 896 510 936 ita
529 895 792 950 praecipitans
813 895 865 937 ad
885 895 1078 937 diluviem
1099 911 1311 937 revocare:

296 969 471 1019 Tantus,
503 969 676 1010 discidio
695 970 831 1020 nubis,
863 970 1054 1025 ventique
1073 970 1264 1024 procella,

295 1043 481 1085 Mittitur
501 1043 661 1085 ardenti
682 1044 837 1086 sonitus
857 1058 982 1097 quom
1003 1044 1190 1099 provolat
1208 1045 1305 1084 ictu.

199 1223 279 1256 Ibid.
291 1224 440 1267 fremitus
462 1233 625 1258 moventur.
664 1227 752 1257 Hinc
772 1228 876 1257 Arno-

154 1276 234 1314 bius,
255 1275 344 1306 flores
359 1277 494 1315 po‘e'ticos
509 1277 647 1318 undique
657 1277 832 1318 decerpens,
849 1285 880 1308 ct

153 1328 283 1367 propriis
298 1328 408 1358 areolis
425 1329 613 1365 immiscens,
637 1329 688 1360 lib.
705 1330 742 1360 iv.
758 1341 788 1369 p.
808 1334 878 1361 153.

153 1382 216 1402 —“
241 1389 315 1408 nam
345 1390 424 1419 saepe
454 1379 524 1410 illos
554 1380 878 1412 dicitis—tremoribus

154 1434 178 1449 “
195 1431 386 1472 iaefi·en1uisse
423 1438 586 1468 terrarum,
625 1439 655 1463 et
692 1433 879 1474 contagione

155 1484 178 1500 “
195 1481 348 1521 pestilenti
378 1483 548 1522 corrupisse
578 1483 739 1515 auras—.‘’
787 1484 881 1514 Unde

156 1533 251 1563 etiam
274 1544 325 1563 me
347 1534 446 1563 habeo
468 1534 748 1573 persuasissimum,
775 1535 881 1565 Maro.

155 1595 230 1615 nem
245 1585 289 1615 ita
304 1595 369 1615 esse
384 1585 626 1622 rescribendum,
643 1586 682 1616 ad
694 1597 761 1626 geo.
780 1587 799 1616 i.
810 1590 881 1617 550.

156 1636 212 1667 illo
234 1637 382 1677 quoniam
405 1636 553 1668 libentius
569 1637 730 1668 Arnobius
752 1645 798 1668 est
812 1638 883 1668 imi-

154 1694 238 1718 tatus
253 1687 430 1718 neminem:

534 1786 588 1811 quo
601 1787 734 1805 maxuma
744 1783 813 1805 motu

188 1819 264 1842 Terra
267 1818 429 1850 fremi!—.

159 1897 203 1927 Et
216 1896 261 1927 ita
274 1902 380 1936 postea
395 1898 541 1936 conspexi
560 1908 661 1928 unum
676 1898 815 1929 codicem
830 1898 884 1929 de-

158 1951 250 1982 disse:
278 1952 381 1993 vulgo,
403 1955 516 1984 tremit.
560 1953 602 1983 In
617 1960 709 1984 tremo
724 1960 831 1984 autem
852 1960 884 1984 et

149 2002 252 2045 fremo
267 2004 500 2034 commutandis
514 2004 621 2034 scribae
633 2004 715 2034 soliti
730 2009 803 2035 sunt
813 2015 884 2044 pec-

159 2064 238 2085 care.
284 2055 435 2086 Conferas
449 2061 597 2086 annotata
612 2056 752 2095 inferius,
768 2056 807 2086 ad
822 2067 883 2087 ver.

162 2109 233 2137 580.

203 2166 278 2196 Ver.
298 2170 371 2198 289.
399 2169 463 2202 Quo
483 2169 538 2198 de:
564 2168 606 2198 V.
632 2167 679 2198 ed.
707 2170 792 2202 Quod
815 2179 886 2198 e.—

162 2227 320 2247 concussu:
338 2218 379 2248 V.
394 2218 442 2248 ed.
457 2221 608 2249 concussis
614 2234 624 2255 ;
644 2219 683 2249 O.
701 2226 745 2249 Ω.
761 2230 884 2249 concus-

163 2278 226 2303 sus5
260 2268 382 2307 arrepta
407 2269 599 2310 insequentis
620 2269 764 2300 dictionis
785 2269 887 2309 prima

163 2317 260 2348 litera.
283 2318 463 2350 Priscianus
477 2321 678 2360 posteriorem
688 2326 807 2359 partem
818 2331 885 2350 ver-

164 2368 217 2398 sus
232 2369 298 2399 sine
313 2371 458 2401 varietate
473 2371 616 2402 lectionis
639 2371 767 2410 protulit
784 2371 818 2402 in
834 2371 884 2402 lib.

165 2429 191 2450 v.
207 2430 235 2459 p.
252 2423 323 2450 647.

208 2481 282 2511 Ver.
298 2485 370 2512 290.
391 2484 471 2513 uzei:
497 2483 594 2514 Vind.
610 2483 652 2514 V.
667 2483 713 2514 ed.
729 2484 766 2514 L.
787 2484 833 2514 M.
851 2489 885 2514 Δ.

166 2537 202 2563 Σ.
220 2538 273 2568 ut‚·
299 2539 343 2563 Ω.
357 2535 403 2563 ita
419 2539 462 2563 ul.
508 2533 597 2564 Hinc
612 2545 698 2564 eram
712 2534 890 2575 conjectura

165 2583 197 2613 id
213 2590 380 2621 assecutus,
402 2584 488 2624 quod
502 2585 701 2624 postmodum
716 2586 890 2616 invenerim

165 2633 199 2665 in
217 2635 256 2664 O.
272 2634 392 2665 codice:

273 2716 394 2740 Omnibus
405 2720 434 2740 ut
447 2717 640 2742 videatur—t

167 2787 187 2817 i.
202 2797 228 2818 e.
250 2790 436 2826 hominibus;
460 2801 530 2830 quae
545 2800 604 2820 vox
625 2790 772 2821 reticetur
793 2790 889 2821 etiam

167 2837 202 2867 in
215 2848 292 2869 verr.
308 2843 378 2870 260.
402 2844 472 2871 285.
495 2841 549 2871 sed
564 2842 649 2872 enim
668 2841 802 2882 vulgatis
817 2842 890 2872 stari

167 2888 284 2921 malim.

211 2947 294 2978 Ibid.
314 2951 424 2981 Omnis
450 2953 480 2982 ιή
510 2954 631 2983 imbrem
656 2954 766 2984 voi-tier
785 2955 887 2983 (ether.

923 1218 1018 1248 Hanc
1041 1217 1201 1247 notionem
1219 1215 1374 1256 Virgilius
1397 1221 1527 1246 conatus
1542 1221 1587 1246 est
1602 1215 1647 1246 sic

923 1269 1032 1299 fortius
1047 1274 1078 1298 et
1092 1268 1222 1298 solidius
1237 1267 1357 1306 efferre,
1380 1267 1418 1298 ad
1434 1278 1501 1308 geo.
1517 1268 1537 1298 i.
1552 1271 1624 1299 524.

1305 1341 1358 1365 ruit
1368 1342 1465 1365 arduus
1476 1341 1573 1366 aether:

924 1411 943 1440 i.
961 1421 987 1441 e.
1012 1414 1035 1429 ‘⁶
1051 1410 1153 1440 omnis
1167 1411 1263 1440 aether
1277 1409 1401 1448 decidit,
1417 1416 1448 1440 et
1461 1410 1495 1440 in
1510 1410 1650 1448 pluviam

926 1466 948 1481 ‘⁵
964 1462 1134 1503 liquescere
1164 1462 1318 1492 videtur.'’
1373 1461 1427 1492 Ad
1454 1468 1649 1492 venustatem

925 1516 1069 1554 phraseos
1092 1514 1239 1554 Heynius
1260 1513 1345 1544 haud
1364 1514 1489 1552 penitus
1502 1514 1653 1553 pervenit.

928 1567 1020 1596 Idem
1039 1567 1247 1603 Mantuanus,
1270 1566 1361 1596 toties
1382 1566 1548 1602 adbibitus,
1574 1565 1650 1596 ibid.

925 1618 956 1648 ii.
972 1621 1045 1648 525.
1060 1619 1138 1648 bene
1154 1623 1255 1656 potest
1269 1617 1382 1647 iterum
1399 1617 1569 1647 admoveri:

941 1697 1017 1720 Tum
1029 1700 1105 1728 patei·
1116 1696 1286 1728 omnipotens
1298 1695 1419 1721 fecundis
1429 1695 1548 1720 imbribus
1560 1696 1650 1721 AEther

940 1735 1066 1767 conjugis
1078 1735 1104 1759 in
1116 1736 1252 1767 gremium
1266 1737 1340 1760 laetae
1354 1735 1560 1760 descendit—-

967 1798 1042 1828 Ver.
1057 1801 1131 1829 291.
1146 1809 1293 1829 revocare.
1309 1798 1408 1838 Lego,
1423 1801 1570 1829 revocari.
1582 1836 1585 1839 Ι
1596 1799 1652 1829 Bis

927 1849 1011 1879 idem
1034 1848 1119 1886 dicit,
1153 1848 1192 1878 In
1219 1849 1353 1878 imbrem
1374 1849 1450 1878 verti
1473 1850 1598 1885 aethera,
1622 1855 1654 1879 et

929 1899 983 1930 Ad
998 1899 1148 1930 diluviem
1163 1900 1314 1930 revocari:
1341 1899 1411 1929 vide
1437 1909 1463 1929 v.
1489 1903 1564 1930 256.
1588 1901 1652 1930 Dt-

927 1952 1021 1982 luvz'es
1037 1956 1084 1980 est
1097 1953 1214 1981 humor.
1302 1951 1530 1981 BEN-smnus.

928 2004 1003 2034 Non
1019 2003 1203 2033 assenserim
1219 2003 1373 2044 equidem,
1395 2003 1554 2034 codicibus
1574 2004 1655 2035 invi-

927 2059 966 2089 tis
972 2071 981 2097 3
1004 2059 1068 2098 ipse
1084 2059 1225 2099 quamvis
1240 2059 1271 2088 in
1288 2058 1420 2089 eandem
1431 2060 1654 2099 conjecturam,

929 2110 1007 2140 adeo
1029 2110 1063 2139 in
1087 2109 1214 2148 proclivi
1236 2109 1347 2150 jacuit,
1370 2109 1453 2139 ultro
1467 2109 1656 2140 incidissem.

931 2162 1020 2192 Ordo
1035 2167 1091 2199 est,
1107 2166 1139 2191 et
1156 2171 1273 2196 seusus,
1289 2163 1349 2191 hoc
1364 2160 1459 2190 modo
1473 2160 1653 2200 capiendus:

931 2217 954 2232 “
971 2214 1084 2243 AEther
1098 2212 1220 2242 videtur
1231 2222 1375 2242 revocare
1390 2214 1513 2242 imbrem
1529 2212 1561 2242 in
1572 2212 1656 2244 dilu-

931 2268 954 2283 “
970 2263 1087 2294 viem:’¹
1111 2263 1131 2294 i.
1154 2274 1179 2294 e.
1202 2263 1241 2294 de
1263 2273 1343 2294 novo
1365 2264 1452 2304 quasi
1474 2264 1656 2295 universam

930 2317 992 2347 vim
1007 2316 1156 2347 imbrium
1173 2327 1353 2354 convocare,
1366 2306 1405 2346 ⁴ut
1421 2315 1590 2347 secundam
1607 2316 1655 2348 di-

930 2369 1048 2400 luviem
1063 2369 1234 2407 importent
1249 2368 1346 2398 terris.

972 2420 1055 2451 Ibid.
1072 2422 1293 2460 qnoecipitans:
1322 2420 1342 2450 i.
1358 2430 1385 2450 e.
1409 2419 1529 2458 impetu
1555 2420 1655 2450 maxi-

929 2482 995 2510 mo,
1018 2471 1106 2512 quasi
1122 2473 1221 2511 capite
1237 2483 1335 2511 prono
1352 2470 1506 2501 decidens.
1551 2471 1655 2507 Maro,

933 2523 1006 2554 AEn.
1022 2533 1052 2553 x.
1072 2526 1145 2553 804.

1093 2597 1175 2622 effusi
1185 2597 1207 2620 si
1217 2597 1324 2628 quando
1335 2596 1464 2629 grandine
1473 2596 1551 2621 nimbi

961 2636 1197 2669 Praedpitant—.

973 2700 1048 2729 Ver.
1074 2703 1145 2731 29⁶2.
1189 2703 1324 2731 Tantus:
1366 2699 1407 2729 O.
1442 2701 1572 2736 Tantos‚·
1611 2706 1657 2730 Ω.

934 2752 1235 2782 Tanta—discidio:
1273 2751 1308 2780 P.
1339 2752 1483 2786 dissidio;
1520 2756 1556 2781 ut
1583 2749 1658 2780 alibi

933 2812 1058 2843 quoque
1072 2810 1234 2842 peccatum
1249 2802 1517 2842 deprehendimus.

976 2854 1050 2884 Ver.
1068 2858 1139 2886 294.
1162 2866 1262 2895 quom,
1293 2854 1341 2884 vel
1363 2865 1450 2884 cum.-
1480 2860 1515 2884 Σ.
1540 2859 1658 2884 tum.—

931 2905 1046 2935 ince'ta:
1075 2912 1119 2936 Ω.
1141 2908 1255 2942 ercitm
1279 2915 1298 2935 a
1319 2904 1420 2944 prima
1434 2915 1544 2942 manu,
1570 2903 1658 2934 lecti·

932 2965 992 2986 one
1007 2956 1127 2995 recepta
1141 2964 1248 2987 tamen
1264 2955 1478 2996 superscripta.
