1926 3224
285 233 382 274 296

766 228 825 278 Τ.
872 228 1248 278 LUCRETII

314 362 396 398 480
429 357 590 415 Urguet
610 358 720 400 enim
739 372 904 413 quoque
923 358 1103 415 signiferi
1123 373 1244 414 super
1264 359 1426 402 aetheris
1445 369 1582 414 aestus,

427 432 498 482 Et,
520 431 633 486 quasi
653 431 877 482 densendo,
900 432 1078 474 subtexit
1097 433 1246 474 caerula
1265 435 1426 476 nimbis.

485 504 552 545 Fit
571 519 749 561 quoque,
770 514 816 547 ut
836 505 946 548 hunc
967 507 1132 548 veniant
1151 507 1194 548 in
1215 516 1367 549 coetum
1387 509 1635 551 extrinsecus
1653 510 1710 552 illi

427 578 630 633 Corpora,
651 593 745 634 quae
764 578 919 621 faciunt
937 580 1096 631 nubeis,
1115 581 1358 637 nimbosque
1377 582 1584 625 volanteis.

426 652 773 694 Innumerabilem
792 641 902 694 enim
923 668 1156 705 numerum,
1183 671 1467 712 summamque
1485 657 1682 713 profundi

312 730 393 766 485
426 726 526 767 Esse
550 725 754 767 infinitam
773 726 913 777 docui;
945 728 1178 784 quantaque
1196 729 1379 771 volarent

426 800 616 855 Corpora
635 799 874 850 mobilitate,
897 800 1100 853 obstendi,
1122 817 1324 860 quamque
1344 813 1513 860 repente

425 873 734 915 Innumerabile
752 889 827 930 per
846 875 1022 931 spatium
1039 878 1213 919 transire
1232 878 1420 920 solerent:

323 1023 398 1054 Ver.
414 1025 489 1054 480.
520 1024 656 1064 Urguct:
682 1024 723 1055 V.
740 1023 786 1056 ed.
807 1027 910 1066 Surgit
915 1043 927 1064 ‚·
952 1028 999 1059 M.

286 1076 388 1114 Urget.
413 1074 514 1105 Abest
525 1081 631 1106 autem
645 1087 762 1117 quoque
776 1078 817 1108 V.
833 1078 880 1108 ed.

321 1133 403 1164 Ibid.
426 1136 564 1175 Urguet:
599 1135 619 1165 i.
646 1146 673 1166 e.
702 1136 818 1175 premit
842 1137 998 1175 deorsum,

277 1184 321 1215 ita
334 1190 370 1215 ut
384 1185 478 1216 latius
499 1184 634 1216 diffundi
655 1193 823 1227 nequeant,
848 1194 940 1228 atque
955 1194 1000 1218 te-

277 1239 403 1270 nuiores
414 1239 496 1278 fieri;
519 1241 708 1280 comprimit,
723 1242 958 1281 conglobatque.

319 1290 400 1321 Ibid.
421 1291 581 1332 signfferi:
610 1291 631 1321 i.
655 1301 679 1322 e.
703 1291 856 1329 stelliferi3
880 1291 951 1322 vide
972 1300 999 1322 v.

277 1345 369 1373 1189.

319 1392 391 1422 Ver.
414 1396 485 1423 481.
507 1395 674 1424 densendo:
702 1393 799 1425 Vind.
825 1393 864 1425 V.
887 1394 935 1426 cd.
963 1400 999 1426 Δ.

273 1446 437 1475 densando.

326 1503 405 1534 Ibid.
439 1505 588 1534 densendo
618 1505 745 1536 subtexit
774 1507 887 1536 caerula
919 1508 1000 1537 nim-

272 1556 328 1585 bis:
355 1557 378 1572 “
393 1554 661 1594 quemadmodum
683 1561 748 1586 arte
769 1555 900 1586 textoria
922 1557 998 1587 den-

272 1608 296 1624 “
312 1605 370 1635 seri
385 1605 462 1635 solet
477 1605 537 1635 tela
553 1605 698 1636 liciorum
709 1606 870 1638 ordinibus
881 1607 997 1638 adden-

272 1659 295 1675 “
311 1655 445 1689 sendis.”
493 1656 536 1689 Et
560 1656 783 1697 elegantissimi
808 1664 854 1688 est
879 1658 999 1699 ingenii

270 1707 353 1738 setus
377 1708 444 1738 haec
472 1707 640 1738 translatio.
702 1708 785 1739 Cum
809 1710 868 1740 hoc
892 1715 999 1740 autem

269 1757 422 1788 versiculo
437 1768 595 1796 compares
608 1768 636 1788 v.
652 1761 724 1789 467.
740 1759 758 1789 i.
777 1763 868 1792 1089.

314 1819 390 1848 Ver.
417 1821 488 1848 482.
519 1820 618 1848 hunc:
645 1818 681 1848 P.
710 1820 786 1855 lucc,-
820 1819 859 1849 0.
888 1823 922 1849 A.
951 1826 995 1850 Ω.

271 1871 361 1903 Ιιὶηε,-
394 1868 558 1908 utrobique
588 1878 653 1898 non
682 1869 991 1900 absurde.-coetum:

271 1919 308 1950 P.
320 1920 361 1949 V.
376 1919 424 1949 ed.
442 1919 481 1949 B.
497 1919 536 1949 Ο.
549 1920 770 1950 coelum.—illi.·
790 1930 914 1960 nempe,
926 1932 992 1951 vm·-

269 1972 334 2006 ιίεἰ,
357 1969 405 2000 vel
420 1971 507 2008 nubi,
530 1979 646 2000 caussae
662 1969 797 2006 vorticis3
824 1969 883 2000 loci
899 1971 994 2002 totius

269 2027 467 2064 argumento.
499 2021 550 2051 sic
572 2026 679 2051 autem
701 2021 850 2060 scriptum
872 2022 993 2053 inveni·

268 2079 320 2103 tur
334 2072 368 2102 in
385 2071 481 2102 Vind.
497 2071 539 2102 V.
557 2071 604 2102 ed.
621 2072 658 2102 B.
674 2071 711 2102 L.
734 2071 773 2103 O.
791 2077 825 2104 Δ.
843 2077 878 2104 Σ.
889 2073 993 2114 vulgo,

269 2125 341 2153 illa:
369 2123 492 2154 Mille.

311 2174 385 2205 Ver.
401 2178 472 2205 484.
494 2186 718 2216 summamque:
738 2176 778 2206 V.
796 2176 844 2207 ed.
860 2188 994 2208 summa-

268 2236 338 2266 que5
361 2235 417 2265 pro
431 2228 620 2267 summaque.
655 2221 659 2225 ⁸

311 2285 392 2316 Ibid.
422 2287 681 2318 Innumerabilem
709 2290 992 2319 numerum—vola-

267 2344 335 2369 rent
368 2339 510 2378 Corpora.
555 2339 748 2369 Ammianus
779 2340 992 2376 Marce-Ilium,

267 2388 348 2419 xxvi.
381 2391 476 2419 1.—-“
510 2399 586 2429 quas
629 2390 814 2430 (humilium
844 2392 994 2422 minutias

267 2444 290 2458 “
306 2441 501 2481 caussarum)
517 2442 544 2471 si
559 2441 661 2471 scitari
677 2441 809 2472 volucrit
825 2442 991 2483 quispiam,

267 2494 290 2510 “
306 2493 467 2523 individua
483 2493 538 2522 illa
554 2495 749 2532 corpuscula,
765 2495 922 2524 volitantia
935 2505 993 2533 per

267 2546 289 2561 “
305 2545 410 2581 inane,
433 2549 561 2579 atomos,
584 2550 620 2574 ut
634 2554 691 2575 nos
706 2544 910 2586 appellamus,
931 2557 989 2576 ηιι-

267 2596 290 2612 “
305 2596 422 2624 merari
434 2604 522 2634 posse
537 2595 702 2634 sperabit.”

308 2654 383 2684 Ver.
394 2658 465 2686 485.
476 2653 662 2696 quanedque.
679 2656 731 2686 De
740 2656 916 2687 sinceritate
927 2658 986 2687 hu-

261 2703 349 2742 jusce
368 2705 512 2736 lectionis
531 2707 729 2738 vehementer
743 2707 863 2746 dubito,
879 2719 988 2749 quam-

266 2765 360 2795 quam
378 2757 551 2788 Havercam
556 2759 586 2798 pi
603 2759 726 2790 silentio
738 2759 885 2800 colligere
897 2760 988 2790 ‹lebe-

266 2817 357 2837 amus
373 2809 456 2840 haud
478 2811 566 2841 aliter
580 2812 718 2843 exhiberi
736 2812 887 2852 scriptum
902 2813 934 2842 in
953 2813 988 2843 B.

265 2858 302 2888 L.
319 2859 366 2888 M.
391 2860 442 2890 sed
457 2872 551 2901 quam
573 2863 691 2894 lubrica
714 2864 753 2894 sit
775 2865 841 2895 haec
862 2864 987 2894 conclu-

263 2909 322 2947 sio,
353 2909 426 2941 satis
456 2912 629 2944 ostenditur
656 2915 915 2954 praecedentibus:
952 2915 987 2945 P.

1003 2976 1021 2983 a·

1043 1039 1117 1060 cum
1132 1028 1201 1060 edd.
1217 1029 1240 1061 J
1242 1033 1307 1059 unt.
1323 1034 1356 1059 et
1376 1027 1449 1059 Ald.
1473 1031 1555 1059 certe
1577 1037 1642 1059 non
1661 1028 1770 1068 aliter3

1044 1080 1140 1110 Vind.
1157 1080 1197 1110 V.
1212 1079 1259 1109 ed.
1286 1084 1320 1109 Δ.
1345 1084 1380 1109 Σ.
1402 1085 1587 1118 εαηειαᾳιιε,-
1615 1079 1653 1109 Ο.
1671 1085 1716 1110 Ω..
1737 1085 1768 1112 et

1043 1141 1103 1170 qua
1119 1137 1243 1160 cuncta:
1268 1128 1351 1169 quod
1365 1128 1454 1158 nobis
1468 1128 1576 1167 placet.

1086 1181 1161 1210 Ver.
1176 1183 1248 1210 487.
1269 1180 1514 1210 Innumerabile:
1540 1180 1647 1211 redeas
1669 1190 1768 1212 anno-

1044 1236 1108 1260 tata
1122 1230 1162 1261 ad
1177 1231 1215 1261 iv.
1234 1234 1302 1262 195.
1337 1230 1432 1260 Hanc
1447 1237 1552 1260 autem
1568 1231 1768 1272 exquisitissi-

1043 1291 1129 1311 mam
1144 1281 1328 1320 scripturam
1343 1281 1518 1312 luculenter
1531 1282 1702 1313 exhibitam
1716 1283 1766 1314 in-

1042 1331 1113 1362 veni
1136 1332 1169 1361 in
1191 1331 1330 1362 melioris
1354 1338 1436 1362 notae
1458 1335 1647 1364 membranis
1667 1339 1703 1365 A.
1721 1340 1768 1365 Ω..

1043 1382 1156 1421 caeteri,
1181 1383 1276 1424 longe
1291 1383 1373 1413 infra
1394 1384 1525 1424 hujusce
1546 1385 1688 1417 lectionis
1703 1385 1766 1417 ele-

1043 1435 1194 1475 gantiam,
1227 1437 1590 1476 Immemoraba'le.—per:
1616 1437 1655 1468 P.
1683 1444 1768 1475 tum,-

1042 1486 1129 1516 deest
1142 1486 1251 1516 vocula
1267 1486 1362 1517 Vind.
1381 1487 1419 1517 V.
1434 1486 1484 1518 ed.
1499 1493 1533 1518 A.
1551 1492 1586 1519 Σ.
1603 1495 1648 1519 Ω.
1681 1489 1766 1520 Con-

1039 1537 1156 1578 jectare
1171 1538 1268 1577 possis
1290 1538 1476 1569 Lucretium
1499 1539 1628 1576 dedisse,
1651 1546 1687 1571 ut
1707 1541 1766 1572 ali-

1042 1598 1104 1629 qua
1119 1588 1227 1619 saltem
1243 1599 1350 1620 caussa
1365 1590 1484 1620 extritae
1499 1591 1581 1621 vocis
1594 1597 1754 1631 appareat:

1090 1667 1286 1693 innumerabile
1297 1676 1326 1692 ea
1337 1669 1453 1700 spatium
1465 1669 1576 1695 transire
1585 1670 1716 1697 solerent:

1040 1736 1059 1767 i.
1076 1747 1101 1768 e.
1125 1747 1162 1767 ea
1175 1748 1310 1777 corpora.
1344 1738 1477 1768 Brevem
1492 1744 1598 1768 autem
1613 1739 1765 1780 syllabam

1040 1788 1282 1818 consonantibus
1296 1799 1330 1828 sp
1345 1788 1475 1819 firmiter
1490 1791 1654 1820 sustentari
1669 1801 1763 1831 puer-

1039 1839 1111 1870 ulus
1126 1846 1282 1880 agnoscet.

1082 1891 1156 1921 Ver.
1173 1895 1244 1921 488.
1269 1893 1386 1922 Haud:
1414 1897 1449 1923 A.
1473 1894 1584 1929 Hanc;
1609 1894 1694 1935 quod
1716 1905 1764 1926 er-

1037 1942 1114 1972 roris
1128 1948 1174 1972 est
1193 1942 1371 1981 depravatio
1390 1943 1513 1984 gravior
1527 1945 1648 1984 prioris,
1673 1948 1764 1980 Haut

1037 1992 1123 2030 dico3
1148 1993 1242 2023 literis
1255 2004 1271 2024 c
1287 2004 1322 2024 ac
1337 2001 1361 2032 t,
1376 2000 1412 2024 ut
1426 1995 1549 2033 passim,
1565 1996 1734 2035 permixtis.

1082 2045 1154 2076 Ver.
1178 2050 1248 2078 489.
1279 2058 1420 2086 magnos:
1457 2048 1550 2078 Vind.
1582 2049 1621 2079 V.
1648 2050 1695 2081 ed.
1721 2051 1761 2083 Ο.

1037 2099 1175 2137 magnz's;
1200 2104 1235 2129 A.
1254 2104 1371 2137 autem,
1393 2101 1508 2138 magni.

1079 2151 1154 2181 Ver.
1170 2155 1241 2187 490,
1267 2154 1461 2191 cooperiant:
1479 2152 1575 2183 Vind.
1592 2158 1627 2184 Σ.
1643 2160 1688 2185 Ω..
1707 2156 1761 2186 Co-

1031 2204 1172 2242 periant:
1199 2202 1284 2233 unde
1299 2213 1371 2233 mox
1388 2203 1561 2234 derivatum
1577 2210 1622 2235 est
1639 2207 1762 2245 coperi-

1036 2261 1102 2289 ant,
1125 2254 1145 2283 i.
1171 2264 1197 2284 e.
1222 2256 1427 2294 Comperiant;
1464 2255 1549 2296 quod
1574 2257 1762 2296 conspicitur

1036 2305 1069 2335 in
1082 2305 1124 2335 V.
1144 2305 1190 2336 ed.
1212 2307 1250 2336 O.
1269 2312 1303 2336 A.

1081 2356 1161 2387 Ibid.
1187 2359 1365 2397 Cooperiant
1387 2360 1487 2388 maria
1508 2359 1647 2390 tenebroe.
1685 2359 1760 2391 Non

1037 2407 1137 2438 multo
1152 2407 1241 2438 aliter
1257 2407 1422 2448 Virgilius,
1442 2409 1517 2439 AEn.
1532 2409 1578 2439 iii.
1601 2412 1673 2441 195.

1322 2485 1349 2506 et
1361 2481 1493 2507 inhorruit
1505 2481 1576 2506 unda
1587 2481 1703 2508 tenebris.

1080 2552 1159 2583 Ibid.
1182 2555 1318 2593 inpensa.
1356 2553 1507 2584 Neutrius
1521 2554 1644 2594 generis
1656 2553 1759 2595 adjec-

1035 2604 1134 2634 tivum
1150 2605 1376 2636 animadvertas
1385 2606 1514 2636 nomina
1527 2605 1648 2636 diverso
1661 2615 1758 2646 gene-

1037 2667 1070 2687 re
1084 2657 1260 2696 respiciens:
1287 2659 1376 2698 cujus
1399 2658 1563 2688 schematis
1577 2656 1758 2696 exemplum

1033 2708 1136 2738 videas
1152 2709 1186 2738 in
1202 2709 1292 2750 Virg.
1308 2720 1376 2750 geo.
1391 2709 1424 2740 ii.
1444 2712 1491 2740 15.
1511 2713 1557 2740 16.
1579 2707 1618 2738 de
1635 2707 1757 2739 Reiskii

1033 2759 1262 2796 emendatione,
1285 2770 1380 2801 quam
1405 2770 1462 2790 nos
1483 2759 1516 2789 in
1538 2764 1675 2788 nostram
1690 2758 1758 2789 edi-

1033 2813 1150 2844 tionem
1167 2814 1351 2853 recepimus.
1377 2812 1462 2849 Quid
1477 2818 1582 2842 autem
1601 2812 1657 2842 sibi
1673 2811 1760 2851 velit,

1032 2871 1087 2894 aut
1101 2864 1185 2894 unde
1203 2865 1317 2902 veniat,
1332 2866 1397 2894 haec
1409 2863 1504 2893 dictio
1519 2865 1659 2903 inpensa,
1675 2862 1757 2893 mihi

1032 2926 1096 2946 non
1127 2917 1201 2947 satis
1229 2916 1336 2957 liquet.
1393 2914 1550 2946 Lambino
1578 2913 1696 2954 placuit
1717 2911 1758 2945 ad
