1926 3224
578 241 809 291 LIBER
858 239 1212 299 QUINTUS.

177 378 254 414 195
287 373 488 422 Qualibus
507 372 597 415 haec
618 388 755 415 rerum
774 374 930 430 geritur
950 386 1061 414 nunc
1080 386 1238 413 summa
1257 370 1460 412 novando.

349 446 491 498 Quod,
515 449 547 488 si
562 449 650 503 jam
669 462 808 489 rerum
826 448 1014 504 ignorem
1033 445 1261 501 primordia
1279 460 1371 502 quae
1391 445 1488 495 sint,

290 520 390 562 Hoc
410 530 547 562 tamen
568 535 620 561 ex
640 521 735 574 ipsis
755 519 846 560 coeli
867 518 1091 558 rationibus
1111 520 1241 559 ausim

291 593 562 641 confirmare,
585 591 753 646 aliisque
772 604 826 631 ex
845 590 965 630 rebus
987 589 1159 630 reddere
1179 591 1335 641 multis;

288 666 558 721 Nequaquam
578 664 697 705 nobis
717 663 910 704 divinitus
931 677 1015 704 esse
1033 670 1221 717 paratam

174 745 256 781 200
287 739 489 780 Naturam
509 752 647 778 rerum
653 755 666 786 ;
698 736 812 778 tanta
829 744 907 777 stat
926 735 1101 791 praedita
1120 736 1250 792 culpa.

351 811 576 866 Principio,
599 818 797 866 quantum
818 809 908 851 coeli
929 810 1030 867 tegit
1049 810 1210 865 inpetus
1229 810 1390 868 ingens,

289 884 395 926 Inde
415 884 577 926 avidam
598 891 758 939 partem
777 890 952 933 montes,
974 882 1176 938 sylvaeque
1196 882 1391 936 ferarum,

288 957 528 1008 Possedere3
561 965 701 999 tenent
721 972 857 1013 rupes,
878 965 1083 1013 vastaeque
1102 956 1286 1012 paludes,

198 1114 278 1146 Ibid.
306 1118 374 1146 coelz’
395 1118 515 1157 inpetus
537 1117 652 1157 ingens.
698 1115 870 1147 Illustravi-

145 1176 216 1196 mus
237 1177 301 1196 non
325 1167 431 1206 paucis
451 1167 724 1208 exquisitissimam
740 1167 871 1198 locutio-

146 1227 218 1248 nem
234 1217 274 1248 ad
290 1218 328 1249 iv.
345 1222 416 1249 418.
440 1219 552 1259 Neque
567 1219 655 1250 aliter
674 1219 793 1256 Cicero,
816 1219 870 1260 qui

142 1269 336 1299 Lambinum
365 1281 428 1300 non
451 1271 554 1308 latuit,
579 1276 642 1301 nat.
665 1271 748 1302 deor.
770 1271 803 1301 ii.
818 1274 869 1302 38.

142 1320 176 1349 in
192 1320 259 1350 loco
275 1331 345 1351 vere
356 1321 518 1361 frugifero,
535 1321 705 1362 nobilique:
726 1325 748 1341 “
760 1322 871 1358 Quum

142 1374 163 1390 “
179 1378 285 1402 autem
315 1374 452 1413 inpetum
488 1374 555 1403 coeli
587 1383 661 1403 cum
697 1372 872 1404 admirabili

143 1425 165 1441 “
182 1423 337 1453 eeleritate
376 1424 494 1454 moveri
529 1425 668 1464 vertique
699 1424 870 1463 videamus,

147 1476 169 1491 “
186 1475 436 1504 constantissime
472 1475 690 1505 conficientem
719 1476 870 1506 vicissitu-

146 1527 168 1541 “
184 1524 274 1554 dines
288 1525 513 1555 anniversarias
535 1535 608 1555 cum
630 1525 756 1555 summa
775 1526 874 1557 salute

145 1578 167 1592 “
183 1580 213 1604 et
229 1576 461 1605 conservatione
476 1585 582 1605 rerum
598 1575 757 1613 omnium;
781 1576 872 1607 dubi-

144 1628 165 1643 “
182 1631 292 1660 tamus,
308 1626 385 1665 quin
401 1636 438 1655 ea
452 1636 517 1654 non
533 1626 636 1655 solum
650 1626 769 1656 ratione
783 1627 867 1663 fiant,

142 1680 165 1695 “
181 1677 236 1707 sed
249 1677 343 1708 etiam
359 1677 523 1707 excellenti
538 1678 707 1718 divinique
717 1679 871 1710 ratione?'²

144 1728 225 1763 Quae
239 1727 284 1758 sic
306 1728 429 1769 integra
442 1727 538 1758 lector
554 1727 650 1759 scitus
671 1739 745 1759 cum
760 1729 867 1769 volup-

142 1785 204 1809 tate
218 1778 364 1819 perleget.

187 1837 261 1868 Ver.
278 1840 348 1876 202.
365 1839 505 1869 avidam:
534 1841 555 1857 “
571 1839 660 1879 quasi
675 1838 802 1878 scilieet,
815 1838 871 1870 sua

145 1890 168 1905 “
184 1887 325 1927 portione
340 1899 453 1927 parum
469 1890 619 1927 contenti,
644 1890 750 1920 omnia
765 1901 874 1930 rapere

146 1941 168 1956 ‘⁶
183 1937 307 1974 vellent,
330 1945 362 1969 et
383 1939 546 1970 haurIre:''
578 1940 596 1971 i.
613 1951 638 1971 e.
661 1940 746 1971 facili
767 1941 874 1972 sensus

146 1988 288 2024 flexione,
313 1996 344 2019 et
367 2000 422 2029 per
445 1991 569 2020 schema
585 1991 745 2030 impendio
759 2002 873 2023 venus-

146 2044 226 2075 tum,
248 2050 307 2070 nec
329 2040 459 2080 ingenio
481 2041 710 2082 elegantissimo
725 2053 790 2073 non
803 2043 872 2084 dig-

144 2100 233 2127 num,
258 2094 440 2132 “,magnam
464 2093 623 2132 partem2”
658 2094 799 2125 conferas
825 2095 874 2125 in-

145 2143 253 2183 ferius,
275 2155 335 2176 ver.
350 2149 422 2176 471.
445 2152 476 2176 et
491 2157 563 2187 quae
585 2147 761 2178 notavimus
781 2158 875 2187 super

145 2196 203 2226 hac
236 2197 351 2236 phrasi,
381 2198 422 2228 ad
443 2198 475 2229 ii.
499 2202 591 2230 1065.
630 2199 708 2229 Illos
737 2199 875 2238 profecto

146 2254 307 2279 nascentes
330 2249 452 2280 lumine
481 2261 594 2290 parum
623 2250 746 2290 placido
770 2252 876 2282 Musae

146 2298 290 2330 viderunt
318 2301 507 2342 Gratiaeque,
536 2302 591 2343 qui
619 2303 668 2332 vel
691 2303 877 2334 vocabulum

149 2349 238 2380 aliter
265 2351 460 2391 interpretari
482 2353 590 2390 velint,
619 2354 669 2384 vel
694 2356 800 2391 aliam,
824 2361 879 2386 aut

149 2401 299 2439 habitant,
325 2402 365 2432 de
390 2404 587 2444 quorundam
610 2405 763 2435 sententia
784 2415 872 2445 repo-

150 2452 384 2489 nere—Porro,
399 2460 439 2485 Π.
455 2456 552 2486 codex
566 2459 676 2497 sylvas,
691 2457 761 2488 loco
773 2459 874 2497 sylvoe.

193 2510 275 2541 Ibid.
299 2518 423 2551 montes,
452 2516 600 2555 sylvaeque
615 2515 771 2556 ferarum.
818 2516 874 2546 In-

151 2561 222 2591 dole
236 2562 383 2600 pastorali
401 2563 517 2600 locum,
539 2565 633 2606 longe
655 2565 810 2606 longeque
823 2576 875 2597 ve-

151 2612 376 2649 nustissimum,
402 2625 467 2644 non
489 2615 586 2646 nullis
610 2615 709 2646 oculis
723 2617 878 2658 Virgilius

151 2663 301 2702 adspexit,
317 2664 350 2694 in
367 2665 422 2696 ecl.
438 2665 465 2696 v.
481 2669 534 2696 28.

212 2759 398 2770 ——-—
407 2753 553 2782 montesque
563 2750 624 2782 feri,
632 2751 796 2785 sylvaeque—
804 2761 813 2778 .-

153 2837 184 2861 et
198 2841 271 2862 mox
286 2833 416 2872 ibidem,
430 2845 459 2865 x.
475 2837 527 2866 52.

169 2928 322 2939 -—
331 2918 358 2943 in
370 2919 462 2952 sylvis,
474 2920 544 2947 inter
554 2920 651 2953 spelaea
660 2920 858 2952 ferarum.—

956 1115 1030 1145 Ver.
1046 1117 1116 1145 205.
1139 1113 1242 1146 Parva
1255 1116 1420 1146 verborum
1439 1116 1561 1147 ratione
1579 1118 1634 1148 ha-

912 1166 989 1205 bita,
1014 1171 1201 1197 structuram
1225 1167 1357 1207 hujusce
1376 1167 1493 1207 versus,
1523 1179 1636 1200 nume-

913 1228 1034 1259 rosque,
1056 1224 1141 1249 vates
1162 1218 1247 1250 idem
1264 1218 1445 1250 Mincianus
1459 1219 1639 1251 fidelissime

913 1270 1040 1312 quidem
1054 1271 1292 1310 repraesentavit,
1313 1271 1354 1302 ad
1367 1281 1436 1312 geo.
1450 1272 1482 1303 ii.
1500 1276 1570 1303 144.

945 1355 1084 1388 Inplevere
1093 1364 1102 1386 3
1119 1358 1203 1381 tenent
1213 1356 1293 1387 oleae,
1302 1361 1472 1389 armentaque
1482 1357 1557 1382 laeta.

916 1425 1022 1464 Unde,
1037 1432 1073 1456 ut
1087 1426 1120 1456 id
1134 1427 1232 1458 obiter
1245 1427 1500 1465 animadvertam,
1524 1429 1639 1460 codicis

915 1477 1063 1507 Medicaei
1076 1477 1168 1508 lectio
1181 1478 1358 1516 damnatur,
1373 1482 1511 1520 oleoeque.

960 1535 1041 1566 Ibid.
1071 1543 1222 1578 vastaeque
1246 1541 1385 1578 paludes.
1431 1539 1532 1577 Idem,
1563 1541 1638 1571 AEn.

916 1585 968 1616 xii.
985 1588 1055 1618 745.

941 1658 1032 1689 Atque
1042 1658 1104 1683 hinc
1116 1663 1196 1684 vasta
1204 1660 1290 1693 palus,
1301 1660 1364 1687 hinc
1374 1661 1457 1686 ardua
1467 1663 1571 1688 moenia
1580 1663 1635 1688 cin-

1003 1702 1082 1728 gunt.

918 1770 1068 1812 Intelligo
1082 1778 1198 1809 autem,
1214 1773 1333 1812 inanae,
1349 1784 1464 1811 vacuae,
1480 1789 1640 1818 ατρυγεται,

916 1821 1115 1863 z‘nfiuctuosae
1144 1824 1290 1865 denique,
1322 1827 1463 1865 paludes.
1510 1827 1560 1857 Sic
1588 1829 1642 1859 ille

916 1883 1034 1913 rursus,
1049 1875 1089 1905 ad
1105 1876 1179 1906 AEn.
1195 1876 1227 1907 ii.
1245 1880 1314 1908 780.
1331 1884 1367 1907 ut
1381 1877 1468 1908 alibi:

939 1958 1033 1989 Longa
1043 1958 1092 1982 tibi
1101 1958 1205 1989 exsilia,
1215 1963 1243 1984 et
1255 1963 1363 1984 vastum
1373 1961 1452 1985 maris
1461 1967 1558 1994 aequor
1567 1968 1643 1987 aran-

1008 1997 1074 2022 dum
1084 2005 1092 2022 z

918 2068 1099 2099 Homerum
1114 2069 1286 2107 aemulatus,
1304 2070 1343 2101 Il.
1358 2078 1394 2102 A.
1411 2074 1484 2103 516.

1100 2168 1174 2194 παρα
1187 2157 1238 2185 Sd
1257 2159 1364 2186 ’ΔΛΟΣ
1386 2161 1624 2188 ΑΤΡΥΓΕΤΟΙΟ.

921 2231 1018 2267 Quod
1039 2237 1146 2263 autem
1169 2232 1265 2263 dictio
1286 2241 1386 2265 vastus
1405 2235 1440 2264 in
1461 2235 1645 2266 secundario

920 2293 1012 2313 sensu
1027 2295 1165 2324 magnus,
1180 2284 1244 2315 sive
1259 2287 1375 2325 ingens,
1391 2286 1495 2325 possit,
1511 2287 1544 2317 id
1558 2288 1646 2328 equi-

921 2334 996 2365 dem
1012 2335 1053 2365 ad
1077 2335 1306 2375 primitivorum
1328 2336 1494 2367 hominum
1515 2348 1646 2369 consue-

922 2385 1065 2415 tudinem
1086 2386 1285 2417 referendum
1308 2387 1482 2418 existimem
1489 2400 1499 2425 ;
1532 2399 1564 2419 se
1588 2391 1646 2420 sub

915 2436 1115 2468 incunabulis
1143 2438 1256 2468 mundi
1285 2449 1340 2477 per
1375 2446 1528 2470 terrarum
1556 2442 1645 2471 orbes

917 2488 1176 2530 dispergentium,
1207 2496 1300 2531 atque
1328 2491 1482 2527 solitariis,
1514 2492 1561 2522 uti
1589 2503 1644 2531 par

918 2547 993 2576 erat,
1015 2541 1196 2581 regionibus
1209 2548 1241 2572 et
1255 2541 1462 2583 undequaque
1475 2545 1579 2575 vacuis
1594 2544 1644 2573 in-

919 2593 1121 2624 currentium.

963 2653 1038 2684 Ver.
1055 2657 1125 2684 204.
1148 2656 1289 2685 distinet:
1316 2654 1353 2685 P.
1368 2654 1409 2685 V.
1426 2655 1473 2685 ed.
1493 2657 1627 2687 destinat
1631 2671 1643 2692 ,-

923 2710 964 2734 11.
979 2705 1124 2735 destinet.-
1149 2704 1204 2734 sed
1218 2704 1309 2743 prisci
1331 2705 1451 2736 codices
1467 2707 1518 2737 Pii
1537 2706 1645 2748 vulga-

920 2760 987 2784 tam
1001 2753 1171 2784 dictionem
1185 2755 1340 2786 exhibent.

965 2804 1045 2835 Ibid.
1060 2816 1152 2842 mare,
1166 2808 1245 2846 quod
1257 2812 1410 2838 terrarum
1422 2810 1548 2840 distinet
1562 2820 1644 2840 oras:

922 2857 941 2886 i.
958 2867 983 2887 e.
1009 2868 1139 2888 oceanus
1168 2859 1368 2890 dissociabilis
1372 2874 1384 2896 ,-
1417 2865 1454 2890 ut
1483 2861 1646 2899 Horatius,

923 2909 974 2941 od.
990 2909 1012 2941 i.
1030 2913 1059 2942 5.
1075 2913 1125 2942 22.
1256 2912 1482 2945 Bennems.

872 2977 940 3009 ΟΩ
