1926 3224
257 217 348 258 114«
757 207 817 255 Τ.
858 204 1234 254 LUCRETII

395 341 607 394 Anticipat
626 336 790 386 coelum,
812 335 936 376 radiis
955 334 1184 376 adcendere
1203 341 1383 384 tentans;

394 416 496 464 Aut,
518 413 614 468 quia
633 411 883 453 conveniunt
901 410 1032 467 ignes,
1062 416 1103 450 et
1122 409 1277 450 semina
1295 408 1422 450 multa

279 494 363 530 660
394 487 612 529 Confluere
632 484 789 526 ardoris
809 491 1060 525 consuerunt
1078 490 1263 538 tempore
1282 491 1410 533 certo,

394 561 503 610 Quae
522 560 677 601 faciunt
696 558 788 600 solis
807 572 915 599 nova
934 572 1092 612 semper
1111 557 1267 598 lumina
1284 557 1411 613 gigni.

390 634 518 684 Quod
537 648 681 691 genus,
706 632 827 674 Idaeis
846 631 955 672 fama
974 639 1034 672 est
1053 646 1076 672 e
1095 631 1302 672 montibus
1323 631 1412 672 altis

395 709 615 763 Disparsos
635 707 766 763 igneis
785 706 934 746 orienti
952 705 1107 746 lumine
1127 705 1256 755 cerni3

393 781 498 823 Inde
518 781 628 822 coire
647 779 816 836 globum
838 778 952 834 quasi
973 779 1017 818 in
1036 792 1181 829 unum,
1214 785 1255 819 et
1274 777 1485 820 consacere
1507 778 1662 820 orbem.

246 954 300 978 vos
310 951 377 977 mihi
387 957 459 975 nunc
470 950 588 983 primum
599 949 627 974 in
638 949 727 982 glebas
737 949 874 979 invertite,
885 948 967 974 tauri!

247 995 383 1024 AEquora:
400 997 472 1016 nunc
484 994 554 1015 totas
564 990 669 1023 aperite,
678 993 707 1015 et
717 989 830 1020 volvite,
833 989 962 1019 flammas.

247 1067 303 1099 Ad
331 1077 425 1108 quem
454 1066 560 1096 locum
590 1065 766 1096 Heinsiana
794 1066 970 1097 emendatio

248 1119 391 1150 omnium
409 1124 455 1148 est
469 1117 563 1157 longe
577 1116 732 1157 longeque
747 1115 968 1148 infelicissima.

248 1170 281 1201 Si
296 1170 373 1211 quid
387 1169 576 1200 mutandum
590 1168 679 1204 foret,
701 1168 832 1199 mallem
846 1179 969 1200 versum

245 1222 401 1257 ισυνδετως
419 1221 592 1259 decurrere,
613 1221 672 1250 hoc
686 1220 794 1251 modo:

395 1315 468 1335 nunc
479 1312 550 1334 totas
559 1307 672 1340 aperite,
683 1307 814 1338 evolvite,
824 1307 955 1333 flammas.

245 1390 266 1421 i.
278 1400 304 1420 e.
319 1390 465 1428 explicate
470 1403 481 1424 ‚⁴
498 1385 675 1417 committas
685 1385 803 1415 Carum
814 1391 969 1424 nostrum,

243 1440 286 1472 ad
299 1440 330 1471 ii.
347 1443 419 1470 881.
465 1438 516 1468 De
530 1437 579 1467 his
593 1442 699 1466 autem
721 1435 805 1466 docti
817 1436 959 1467 viderint:

243 1491 329 1523 aliud
345 1489 503 1531 agendum
523 1487 613 1517 nobis
627 1493 680 1517 est.
725 1486 898 1526 Nimirum,
921 1494 966 1518 te-

244 1553 303 1574 nor
317 1541 465 1574 orationis
481 1539 629 1580 figuram,
652 1547 715 1578 quo
730 1548 836 1568 versus
849 1539 967 1570 Lucre-

243 1595 320 1625 tiani
346 1592 571 1632 perducuntur,
606 1600 660 1629 per
689 1591 839 1621 vocabula
861 1592 970 1633 defert,

243 1656 312 1677 oras
326 1645 456 1679 aetlzeris,
479 1648 510 1673 et
520 1643 649 1682 pandit,
669 1650 743 1672 cum
757 1641 968 1682 frequentissi-

243 1695 297 1727 ma
311 1695 497 1730 dictionum,
513 1702 590 1733 quas
605 1692 715 1729 innuo,
730 1693 970 1732 permutatione,

244 1757 296 1778 me
325 1751 444 1786 cogunt
472 1743 597 1774 credere
626 1748 768 1774 nostrum
797 1744 840 1773 sic
878 1744 969 1775 initio

245 1798 416 1838 scripsisse:

275 1886 414 1916 Tempore
423 1883 489 1907 item
503 1884 577 1907 certo
589 1887 691 1906 roseam
703 1881 809 1906 Matuta
817 1884 862 1913 per
873 1889 931 1907 oras

277 1923 388 1948 AEtheris
399 1923 531 1948 Auroram
542 1920 632 1952 defert,
648 1924 675 1945 et
687 1926 801 1946 mmm
811 1921 910 1954 panau.

247 2001 334 2039 Quid
357 2000 571 2040 opportunius,
594 2006 626 2029 et
647 1999 832 2040 elegantius,
855 2007 909 2031 aut
931 2011 969 2032 ex

245 2053 333 2085 omni
342 2059 429 2092 parte
438 2050 690 2082 convenientius?
708 2051 840 2090 Nempe,
854 2056 876 2071 ‘⁸
885 2059 971 2092 post·

246 2109 268 2124 ‘⁴
285 2113 380 2145 quam
398 2104 524 2133 Matuta
545 2102 585 2133 sit
601 2103 735 2133 Aurorae
756 2103 900 2134 ancillata
915 2115 967 2135 us-

247 2161 269 2176 ‘⁶
285 2166 346 2197 que
376 2155 416 2185 ad
445 2155 655 2185 extremitates
688 2155 820 2192 aetheris,
856 2156 970 2187 lucidis

246 2212 268 2228 “
284 2210 404 2248 digitis,
426 2213 461 2237 ut
476 2209 673 2246 ingrediatur
687 2206 846 2237 mundum
862 2207 969 2238 inferi-

247 2266 268 2281 ⁸‘
287 2271 386 2298 orem,
407 2259 436 2290 ei
446 2267 606 2301 portarum
622 2261 723 2291 valvas
745 2264 856 2301 aperit,
878 2268 971 2303 atque

246 2317 269 2333 ⁸⁴
285 2312 463 2343 intromittit
478 2312 687 2352 obsequiose.”
720 2312 888 2352 Plaudent,
903 2315 970 2354 opi·

248 2376 314 2402 nor,
338 2364 479 2405 utrique,
501 2364 650 2405 quicquid
665 2370 711 2394 est
725 2365 877 2395 lectorum
892 2366 969 2406 lepi-

247 2418 382 2449 diorum.
409 2417 471 2449 Sed
485 2418 518 2448 in
534 2428 567 2448 re
582 2417 728 2448 familiari
737 2418 812 2449 satis
822 2429 858 2449 ac
868 2420 970 2450 mani-

248 2469 338 2507 festi,
361 2469 433 2499 satis
455 2469 573 2500 duxero
594 2469 788 2510 singularem
803 2470 910 2501 locum
932 2481 971 2502 ex

250 2520 366 2551 Ovidio
380 2520 549 2556 suscitasse,
572 2526 644 2552 met.
659 2520 691 2551 ii.
710 2524 779 2552 112.

383 2615 462 2639 ecce!
482 2614 545 2647 vigil
556 2615 637 2640 rutilo
645 2615 763 2647 patefecit
773 2616 806 2640 ab
817 2620 878 2642 ortu

278 2654 424 2685 Purpureas
435 2656 535 2679 Aurora
538 2655 621 2686 fores,
637 2659 664 2681 et
676 2655 754 2687 plena
763 2663 878 2681 rosarum

279 2692 426 2717 Atria—.

293 2764 366 2796 Ver.
384 2770 456 2798 657.
479 2770 546 2799 ille:
573 2775 612 2800 Π.
637 2771 724 2807 ιἠἀε,·
749 2769 881 2802 minime
902 2771 970 2802 ine-

249 2815 398 2858 leganter,
422 2824 453 2848 et
468 2819 698 2860 aliquantulum
719 2821 829 2852 dubito
844 2833 884 2853 an
907 2833 971 2854 non

251 2867 346 2899 etiam
362 2868 699 2911 melius—Caeterum,
727 2873 807 2905 hanc
821 2874 970 2906 sententi-

1013 959 1064 980 am
1077 949 1217 980 Avienus
1233 950 1463 989 contemplatus
1474 956 1519 980 est
1529 949 1563 980 in
1575 959 1619 981 or.
1630 949 1735 981 morit.

1014 1006 1085 1034 646.
1102 1002 1145 1033 ita
1160 1002 1311 1043 legendus
1326 1008 1358 1032 et
1372 1001 1589 1041 complendus:

1075 1087 1128 1111 Scis
1138 1093 1201 1111 nam
1213 1085 1292 1111 fuisse
1301 1086 1432 1117 ejusmodi
1441 1086 1604 1111 sententiam

1074 1126 1275 1158 Epicureorum,
1294 1132 1347 1150 non
1358 1126 1389 1150 ab
1400 1132 1495 1150 occasu
1506 1126 1604 1157 premi,

1074 1165 1164 1189 Nullos
1174 1165 1261 1190 subire
1271 1165 1400 1197 gurgites,
1415 1171 1554 1195 nunquam
1567 1165 1665 1196 occuli,

1074 1205 1125 1229 sed
1139 1204 1211 1229 obire
1222 1205 1367 1234 mundum,
1378 1204 1486 1235 obliqua
1497 1204 1561 1231 coeli
1572 1211 1691 1236 currere,

1074 1244 1201 1269 Animare
1212 1248 1304 1274 terras,
1321 1244 1392 1269 alere
1403 1244 1469 1268 lucis
1480 1244 1578 1275 pabulo

1072 1283 1204 1308 convexa
1216 1288 1325 1313 cuncta,
1342 1287 1371 1307 et
1381 1283 1407 1307 in
1423 1282 1511 1307 vicem
1524 1283 1676 1315 regionibus

1073 1322 1148 1346 Certis
1159 1323 1260 1355 negari,
1277 1322 1420 1347 candidam
1432 1321 1526 1347 Phoebi
1536 1321 1635 1347 facem.

1053 1399 1128 1428 Ver.
1143 1401 1216 1429 658.
1233 1398 1396 1437 Anticipat
1410 1403 1548 1427 tentans:
1566 1396 1621 1427 i.e.
1641 1397 1739 1428 “luci

1013 1453 1035 1468 “
1050 1448 1249 1489 splendidiori
1278 1447 1434 1487 praeludit,
1471 1448 1558 1488 quasi
1586 1449 1738 1488 praevium

1013 1504 1035 1520 “
1051 1501 1169 1532 faciens
1183 1500 1434 1540 experimentum
1447 1499 1528 1530 sui.''
1557 1500 1738 1532 Pulcherri-

1012 1563 1066 1584 ma
1080 1559 1125 1583 est
1140 1552 1265 1582 locutio.
1289 1551 1457 1592 Virgilius,
1471 1561 1539 1593 geo.
1555 1551 1598 1583 iii.
1615 1556 1686 1584 232.

1043 1638 1076 1661 Et
1087 1639 1167 1661 tentat
1175 1643 1241 1665 sese,
1257 1640 1340 1667 atque
1350 1635 1426 1660 irasci
1437 1635 1463 1660 in
1475 1642 1575 1661 cornua
1586 1636 1676 1667 discit,

1042 1676 1148 1702 Arboris
1159 1676 1274 1700 obnixus
1285 1679 1394 1705 trunco;
1411 1678 1560 1706 ventosque
1573 1676 1675 1701 lacessit

1043 1715 1152 1744 lctibus,
1169 1718 1196 1740 et
1207 1714 1294 1746 sparsa
1303 1717 1416 1746 pugnam
1425 1714 1539 1746 proludit
1552 1715 1642 1740 areni.

1011 1790 1132 1830 Vulgo,
1155 1791 1196 1820 ad
1214 1800 1373 1829 pugnam‚·
1397 1788 1451 1819 sed
1474 1790 1650 1828 praepositio
1671 1800 1736 1822 non

1011 1846 1170 1881 comparet
1192 1841 1225 1870 in
1255 1839 1417 1870 nonnullis
1446 1840 1675 1879 exemplaribus
1696 1842 1738 1872 ad

1011 1893 1087 1923 AEn.
1103 1892 1154 1922 xii.
1175 1895 1243 1923 106.
1259 1898 1290 1922 et
1304 1897 1386 1922 recte
1406 1891 1507 1922 omitti
1530 1891 1594 1922 fere
1616 1898 1737 1924 certum

1011 1949 1058 1974 est
1072 1954 1110 1973 ex
1127 1942 1241 1973 Rutilii
1263 1941 1445 1977 imitatione,
1468 1942 1535 1972 itin.
1563 1942 1582 1973 i.
1608 1946 1679 1974 257.
1706 1949 1738 1973 et

1015 1993 1129 2024 Avieni
1142 1993 1222 2031 loco,
1245 1993 1360 2033 perieg.
1387 1996 1478 2024 1366.
1501 2003 1595 2033 quem
1610 1993 1649 2023 ad
1667 1993 1736 2023 Ru-

1012 2044 1120 2074 tilium
1149 2044 1353 2074 Burmannus
1380 2043 1491 2082 posuit.
1544 2044 1739 2084 Exquisitior

1013 2096 1128 2127 scilicet
1156 2095 1282 2126 dicendi
1305 2095 1384 2126 ratio
1414 2095 1544 2125 librariis
1569 2095 1736 2134 displicuit.

1014 2150 1124 2190 Neque
1139 2150 1253 2180 nostris
1267 2150 1390 2179 obstant
1408 2149 1648 2188 suspicionibus,
1671 2150 1737 2180 imo

1013 2201 1120 2232 favent
1133 2202 1250 2241 potius,
1278 2202 1303 2232 si
1319 2202 1469 2232 attentius
1483 2201 1666 2241 inspiciatur
1679 2212 1740 2242 res,

1013 2256 1156 2297 quamvis
1170 2256 1252 2286 docti
1267 2256 1356 2286 aliter
1371 2256 1534 2294 senserint,
1557 2266 1593 2286 ea
1607 2255 1687 2293 loca,
1703 2257 1738 2287 in

1013 2308 1127 2348 quibus
1154 2317 1244 2337 casus
1272 2308 1380 2337 tertius
1401 2308 1530 2337 verbum
1561 2307 1738 2346 comitetur,

1013 2369 1113 2399 quum
1128 2365 1159 2389 et
1174 2359 1223 2389 hic
1233 2358 1424 2398 supplendus
1435 2359 1482 2388 sit.
1506 2362 1528 2377 ‘⁴
1539 2358 1664 2389 Taurus
1675 2359 1737 2390 uti-

1015 2417 1038 2433 “
1053 2424 1114 2455 que
1128 2415 1209 2445 hanc
1220 2425 1358 2454 pugnam
1375 2414 1513 2453 proludit
1527 2414 1637 2455 majori
1655 2426 1738 2455 pug-

1013 2466 1246 2497 nae.'‘—Porro.
1263 2476 1337 2496 mox
1354 2472 1394 2496 11.
1410 2468 1531 2506 sydera,
1548 2475 1604 2505 pro
1612 2468 1738 2497 semina.

1057 2517 1131 2548 Ver.
1157 2521 1229 2550 659.
1251 2519 1432 2549 conveniunt
1457 2520 1541 2557 ignes
1567 2523 1595 2548 et
1619 2519 1736 2548 semina

1014 2571 1151 2601 ardoris:
1176 2580 1232 2609 per
1256 2569 1453 2610 hendyaden,
1479 2573 1502 2588 “
1518 2569 1611 2610 ignea
1633 2574 1664 2599 et
1688 2578 1738 2598 ar-

1016 2622 1038 2638 “
1054 2619 1160 2650 dentia
1173 2620 1328 2657 semina;”
1350 2627 1386 2651 ut
1397 2621 1430 2650 in
1441 2620 1509 2651 loco
1525 2619 1661 2650 Minucii
1676 2619 1736 2649 Fe-

1014 2670 1091 2707 licis,
1114 2678 1187 2702 sect.
1213 2683 1238 2703 v.
1269 2683 1364 2713 quem
1389 2671 1561 2703 Lambinus
1585 2670 1738 2709 admovit,

1014 2728 1045 2752 et
1059 2722 1100 2752 ad
1113 2733 1207 2763 quem
1219 2723 1366 2754 Davisius
1375 2722 1551 2753 recordatus
1561 2727 1608 2751 est
1617 2721 1736 2752 Lucre-

1014 2772 1068 2802 tii:
1093 2777 1114 2791 “
1132 2774 1195 2812 Sic,
1218 2776 1408 2814 congregatis
1428 2775 1546 2813 ignium
1562 2773 1737 2810 seminibus,

1015 2827 1037 2843 “
1053 2824 1132 2855 soles
1160 2825 1238 2856 alios
1259 2831 1350 2866 atque
1380 2824 1456 2854 alios
1484 2833 1604 2863 semper
1633 2822 1735 2863 splen-

1015 2878 1038 2895 “
1054 2875 1154 2908 dere.”
1185 2877 1293 2914 Porro,
1317 2875 1452 2914 Servius,
1475 2874 1515 2906 ad
1531 2874 1617 2916 Virg.
1633 2883 1701 2916 geo.
1717 2873 1737 2905 i.

1923 1324 1926 1336 -
1919 1104 1926 1281 -——=.A—.·—.—
