<?xml version="1.0" encoding="UTF-8"?>
<!DOCTYPE html PUBLIC "-//W3C//DTD XHTML 1.0 Transitional//EN"
    "http://www.w3.org/TR/xhtml1/DTD/xhtml1-transitional.dtd">
<html xmlns="http://www.w3.org/1999/xhtml" xml:lang="en" lang="en">
 <head>
  <title>
</title>
<meta http-equiv="Content-Type" content="text/html;charset=utf-8" />
  <meta name='ocr-system' content='tesseract 3.04.00' />
  <meta name='ocr-capabilities' content='ocr_page ocr_carea ocr_par ocr_line ocrx_word'/>
</head>
<body>
  <div class='ocr_page' id='page_1' title='image "./tlucretiicarider03lucruoft_0263.png"; bbox 0 0 1926 3224; ppageno 0'>
   <div class='ocr_carea' id='block_1_1' title="bbox 580 212 1162 266">
    <p class='ocr_par' dir='ltr' id='par_1_1' title="bbox 580 212 1162 266">
     <span class='ocr_line' id='line_1_1' title="bbox 580 212 1162 266; baseline -0.009 0"><span class='ocrx_word' id='word_1_1' title='bbox 580 216 815 266; x_wconf 88' lang='lat' dir='ltr'><strong>LIBER</strong></span> <span class='ocrx_word' id='word_1_2' title='bbox 858 212 1162 263; x_wconf 88' lang='lat' dir='ltr'><strong>SEXTUS.</strong></span> 
     </span>
    </p>
   </div>
   <div class='ocr_carea' id='block_1_2' title="bbox 1521 218 1608 260">
    <p class='ocr_par' dir='ltr' id='par_1_2' title="bbox 1521 218 1608 260">
     <span class='ocr_line' id='line_1_2' title="bbox 1521 218 1608 260; baseline -0.034 0"><span class='ocrx_word' id='word_1_3' title='bbox 1521 218 1608 260; x_wconf 79' lang='lat'>241</span> 
     </span>
    </p>
   </div>
   <div class='ocr_carea' id='block_1_3' title="bbox 278 345 1115 400">
    <p class='ocr_par' dir='ltr' id='par_1_3' title="bbox 278 345 1115 400">
     <span class='ocr_line' id='line_1_3' title="bbox 278 345 1115 400; baseline -0.007 -8"><span class='ocrx_word' id='word_1_4' title='bbox 278 351 376 392; x_wconf 90' lang='lat' dir='ltr'>Non</span> <span class='ocrx_word' id='word_1_5' title='bbox 396 350 523 392; x_wconf 86' lang='lat' dir='ltr'>radiei</span> <span class='ocrx_word' id='word_1_6' title='bbox 543 349 650 400; x_wconf 91' lang='lat' dir='ltr'>solis,</span> <span class='ocrx_word' id='word_1_7' title='bbox 671 363 748 390; x_wconf 89' lang='lat' dir='ltr'>nec</span> <span class='ocrx_word' id='word_1_8' title='bbox 766 347 900 390; x_wconf 87' lang='lat' dir='ltr'>lucida</span> <span class='ocrx_word' id='word_1_9' title='bbox 919 346 998 388; x_wconf 85' lang='lat' dir='ltr'>tela</span> <span class='ocrx_word' id='word_1_10' title='bbox 1016 345 1115 395; x_wconf 88' lang='lat' dir='ltr'>diei,</span> 
     </span>
    </p>
   </div>
   <div class='ocr_carea' id='block_1_4' title="bbox 191 419 1246 477">
    <p class='ocr_par' dir='ltr' id='par_1_4' title="bbox 191 419 1246 477">
     <span class='ocr_line' id='line_1_4' title="bbox 191 419 1246 477; baseline -0.006 -12"><span class='ocrx_word' id='word_1_11' title='bbox 191 429 246 465; x_wconf 85' lang='lat'>40</span> <span class='ocrx_word' id='word_1_12' title='bbox 275 425 526 475; x_wconf 86' lang='lat' dir='ltr'>Discutiant,</span> <span class='ocrx_word' id='word_1_13' title='bbox 548 424 620 465; x_wconf 89' lang='lat' dir='ltr'>sed</span> <span class='ocrx_word' id='word_1_14' title='bbox 641 424 815 464; x_wconf 84' lang='lat' dir='ltr'>Naturae</span> <span class='ocrx_word' id='word_1_15' title='bbox 833 421 1000 477; x_wconf 90' lang='lat' dir='ltr'>species,</span> <span class='ocrx_word' id='word_1_16' title='bbox 1025 419 1246 475; x_wconf 84' lang='lat' dir='ltr'>Ratioquc:</span> 
     </span>
    </p>
   </div>
   <div class='ocr_carea' id='block_1_5' title="bbox 278 491 1330 555">
    <p class='ocr_par' dir='ltr' id='par_1_5' title="bbox 278 491 1330 555">
     <span class='ocr_line' id='line_1_5' title="bbox 278 491 1330 555; baseline -0.009 -14"><span class='ocrx_word' id='word_1_17' title='bbox 278 499 377 547; x_wconf 84' lang='lat' dir='ltr'>Quo</span> <span class='ocrx_word' id='word_1_18' title='bbox 398 499 528 555; x_wconf 85' lang='lat' dir='ltr'>magis</span> <span class='ocrx_word' id='word_1_19' title='bbox 547 499 755 552; x_wconf 81' lang='lat' dir='ltr'>inceptum</span> <span class='ocrx_word' id='word_1_20' title='bbox 775 509 944 550; x_wconf 87' lang='lat' dir='ltr'>pergam</span> <span class='ocrx_word' id='word_1_21' title='bbox 966 501 1179 547; x_wconf 87' lang='lat' dir='ltr'>pertexere</span> <span class='ocrx_word' id='word_1_22' title='bbox 1199 491 1330 533; x_wconf 88' lang='lat' dir='ltr'>dictis.</span> 
     </span>
    </p>
   </div>
   <div class='ocr_carea' id='block_1_6' title="bbox 333 565 1323 626">
    <p class='ocr_par' dir='ltr' id='par_1_6' title="bbox 333 565 1323 626">
     <span class='ocr_line' id='line_1_6' title="bbox 333 565 1323 626; baseline -0.008 -12"><span class='ocrx_word' id='word_1_23' title='bbox 333 573 405 622; x_wconf 89' lang='lat' dir='ltr'>Et,</span> <span class='ocrx_word' id='word_1_24' title='bbox 427 571 622 626; x_wconf 88' lang='lat' dir='ltr'>quoniam</span> <span class='ocrx_word' id='word_1_25' title='bbox 642 569 780 618; x_wconf 89' lang='lat' dir='ltr'>docui,</span> <span class='ocrx_word' id='word_1_26' title='bbox 802 566 946 607; x_wconf 90' lang='lat' dir='ltr'>mundi</span> <span class='ocrx_word' id='word_1_27' title='bbox 966 565 1154 606; x_wconf 86' lang='lat' dir='ltr'>mortalia</span> <span class='ocrx_word' id='word_1_28' title='bbox 1171 565 1323 619; x_wconf 87' lang='lat' dir='ltr'>templa</span> 
     </span>
    </p>
   </div>
   <div class='ocr_carea' id='block_1_7' title="bbox 278 637 1229 696">
    <p class='ocr_par' dir='ltr' id='par_1_7' title="bbox 278 637 1229 696">
     <span class='ocr_line' id='line_1_7' title="bbox 278 637 1229 696; baseline -0.011 -9"><span class='ocrx_word' id='word_1_29' title='bbox 278 646 394 696; x_wconf 87' lang='lat' dir='ltr'>Esse,</span> <span class='ocrx_word' id='word_1_30' title='bbox 415 652 456 684; x_wconf 88' lang='lat' dir='ltr'>et</span> <span class='ocrx_word' id='word_1_31' title='bbox 475 644 613 684; x_wconf 89' lang='lat' dir='ltr'>nativo</span> <span class='ocrx_word' id='word_1_32' title='bbox 633 640 851 682; x_wconf 88' lang='lat' dir='ltr'>consistere</span> <span class='ocrx_word' id='word_1_33' title='bbox 870 652 1042 693; x_wconf 90' lang='lat' dir='ltr'>corpore</span> <span class='ocrx_word' id='word_1_34' title='bbox 1061 637 1229 686; x_wconf 84' lang='lat' dir='ltr'>coelum3</span> 
     </span>
    </p>
   </div>
   <div class='ocr_carea' id='block_1_8' title="bbox 278 712 1422 772">
    <p class='ocr_par' dir='ltr' id='par_1_8' title="bbox 278 712 1422 772">
     <span class='ocr_line' id='line_1_8' title="bbox 278 712 1422 772; baseline -0.005 -13"><span class='ocrx_word' id='word_1_35' title='bbox 278 718 348 767; x_wconf 89' lang='lat' dir='ltr'>Et,</span> <span class='ocrx_word' id='word_1_36' title='bbox 372 730 672 772; x_wconf 72' lang='lat' dir='ltr'>quaequomque</span> <span class='ocrx_word' id='word_1_37' title='bbox 698 715 742 755; x_wconf 91' lang='lat' dir='ltr'>in</span> <span class='ocrx_word' id='word_1_38' title='bbox 762 729 811 756; x_wconf 89' lang='lat' dir='ltr'>eo</span> <span class='ocrx_word' id='word_1_39' title='bbox 831 713 951 763; x_wconf 91' lang='lat' dir='ltr'>fiunt,</span> <span class='ocrx_word' id='word_1_40' title='bbox 974 712 1145 767; x_wconf 91' lang='lat' dir='ltr'>fierique</span> <span class='ocrx_word' id='word_1_41' title='bbox 1164 725 1326 752; x_wconf 88' lang='lat' dir='ltr'>necesse</span> <span class='ocrx_word' id='word_1_42' title='bbox 1345 719 1422 761; x_wconf 89' lang='lat' dir='ltr'>est,</span> 
     </span>
    </p>
   </div>
   <div class='ocr_carea' id='block_1_9' title="bbox 192 786 1358 846">
    <p class='ocr_par' dir='ltr' id='par_1_9' title="bbox 192 786 1358 846">
     <span class='ocr_line' id='line_1_9' title="bbox 192 786 1358 846; baseline -0.005 -14"><span class='ocrx_word' id='word_1_43' title='bbox 192 796 245 833; x_wconf 81' lang='lat'>45</span> <span class='ocrx_word' id='word_1_44' title='bbox 278 790 477 846; x_wconf 88' lang='lat' dir='ltr'>Pleraque</span> <span class='ocrx_word' id='word_1_45' title='bbox 497 789 680 838; x_wconf 78' lang='lat' dir='ltr'>dissolvi3</span> <span class='ocrx_word' id='word_1_46' title='bbox 712 803 806 844; x_wconf 88' lang='lat' dir='ltr'>quae</span> <span class='ocrx_word' id='word_1_47' title='bbox 825 795 993 837; x_wconf 85' lang='lat' dir='ltr'>restant,</span> <span class='ocrx_word' id='word_1_48' title='bbox 1015 786 1195 842; x_wconf 85' lang='lat' dir='ltr'>percipe,</span> <span class='ocrx_word' id='word_1_49' title='bbox 1216 800 1358 841; x_wconf 90' lang='lat' dir='ltr'>porro:</span> 
     </span>
    </p>
   </div>
   <div class='ocr_carea' id='block_1_10' title="bbox 277 859 1468 991">
    <p class='ocr_par' dir='ltr' id='par_1_10' title="bbox 277 859 1468 991">
     <span class='ocr_line' id='line_1_10' title="bbox 277 859 1468 919; baseline -0.003 -15"><span class='ocrx_word' id='word_1_50' title='bbox 277 863 626 918; x_wconf 84' lang='lat' dir='ltr'>Quandoquidem</span> <span class='ocrx_word' id='word_1_51' title='bbox 645 863 768 903; x_wconf 85' lang='lat' dir='ltr'>semel</span> <span class='ocrx_word' id='word_1_52' title='bbox 787 862 989 919; x_wconf 84' lang='lat' dir='ltr'>insignem</span> <span class='ocrx_word' id='word_1_53' title='bbox 1010 859 1284 902; x_wconf 81' lang='lat' dir='ltr'>conscendere</span> <span class='ocrx_word' id='word_1_54' title='bbox 1304 873 1468 901; x_wconf 89' lang='lat' dir='ltr'>currum</span> 
     </span>
     <span class='ocr_line' id='line_1_11' title="bbox 279 935 1336 991; baseline -0.005 -13"><span class='ocrx_word' id='word_1_55' title='bbox 279 937 512 979; x_wconf 87' lang='lat' dir='ltr'>Ventorum</span> <span class='ocrx_word' id='word_1_56' title='bbox 532 936 713 978; x_wconf 85' lang='lat' dir='ltr'>excierat</span> <span class='ocrx_word' id='word_1_57' title='bbox 731 944 916 991; x_wconf 86' lang='lat' dir='ltr'>pacator,</span> <span class='ocrx_word' id='word_1_58' title='bbox 938 944 978 976; x_wconf 87' lang='lat' dir='ltr'>et</span> <span class='ocrx_word' id='word_1_59' title='bbox 999 935 1137 975; x_wconf 86' lang='lat' dir='ltr'>omnia</span> <span class='ocrx_word' id='word_1_60' title='bbox 1158 949 1336 984; x_wconf 87' lang='lat' dir='ltr'>rursum,</span> 
     </span>
    </p>
   </div>
   <div class='ocr_carea' id='block_1_11' title="bbox 135 1093 856 1238">
    <p class='ocr_par' dir='ltr' id='par_1_11' title="bbox 135 1093 856 1238">
     <span class='ocr_line' id='line_1_12' title="bbox 178 1093 713 1127; baseline -0.004 -1"><span class='ocrx_word' id='word_1_61' title='bbox 178 1095 253 1126; x_wconf 89' lang='lat' dir='ltr'>Ver.</span> <span class='ocrx_word' id='word_1_62' title='bbox 268 1098 319 1127; x_wconf 85' lang='grc'>59.</span> <span class='ocrx_word' id='word_1_63' title='bbox 340 1095 459 1126; x_wconf 83' lang='lat' dir='ltr'>radiei:</span> <span class='ocrx_word' id='word_1_64' title='bbox 483 1093 526 1125; x_wconf 89' lang='lat' dir='ltr'>V.</span> <span class='ocrx_word' id='word_1_65' title='bbox 542 1093 588 1125; x_wconf 88' lang='lat' dir='ltr'>ed.</span> <span class='ocrx_word' id='word_1_66' title='bbox 603 1094 713 1125; x_wconf 74' lang='lat' dir='ltr'>radiis.</span> 
     </span>
     <span class='ocr_line' id='line_1_13' title="bbox 181 1144 855 1187; baseline -0.007 -7"><span class='ocrx_word' id='word_1_67' title='bbox 181 1149 264 1181; x_wconf 90' lang='lat' dir='ltr'>Ibid.</span> <span class='ocrx_word' id='word_1_68' title='bbox 285 1150 389 1180; x_wconf 78' lang='lat' dir='ltr'>lucida</span> <span class='ocrx_word' id='word_1_69' title='bbox 405 1150 464 1179; x_wconf 79' lang='lat' dir='ltr'>tela</span> <span class='ocrx_word' id='word_1_70' title='bbox 479 1150 550 1179; x_wconf 78' lang='lat' dir='ltr'>diei.</span> <span class='ocrx_word' id='word_1_71' title='bbox 587 1148 638 1178; x_wconf 87' lang='lat' dir='ltr'>Ex</span> <span class='ocrx_word' id='word_1_72' title='bbox 659 1149 718 1177; x_wconf 89' lang='lat' dir='ltr'>hac</span> <span class='ocrx_word' id='word_1_73' title='bbox 743 1144 855 1187; x_wconf 65' lang='lat' dir='ltr'>figura,</span> 
     </span>
     <span class='ocr_line' id='line_1_14' title="bbox 135 1198 856 1238; baseline -0.006 -6"><span class='ocrx_word' id='word_1_74' title='bbox 135 1202 262 1233; x_wconf 86' lang='lat' dir='ltr'>uberius</span> <span class='ocrx_word' id='word_1_75' title='bbox 276 1200 316 1231; x_wconf 89' lang='lat' dir='ltr'>ad</span> <span class='ocrx_word' id='word_1_76' title='bbox 331 1201 352 1231; x_wconf 92' lang='lat' dir='ltr'>i.</span> <span class='ocrx_word' id='word_1_77' title='bbox 380 1203 449 1230; x_wconf 84' lang='lat'>148.</span> <span class='ocrx_word' id='word_1_78' title='bbox 471 1199 632 1236; x_wconf 67' lang='lat' dir='ltr'>illustrata,</span> <span class='ocrx_word' id='word_1_79' title='bbox 655 1198 770 1238; x_wconf 84' lang='lat' dir='ltr'>pendet</span> <span class='ocrx_word' id='word_1_80' title='bbox 791 1208 856 1228; x_wconf 86' lang='lat' dir='ltr'>rec-</span> 
     </span>
    </p>
   </div>
   <div class='ocr_carea' id='block_1_12' title="bbox 136 1248 857 1334">
    <p class='ocr_par' dir='ltr' id='par_1_12' title="bbox 136 1248 857 1334">
     <span class='ocr_line' id='line_1_15' title="bbox 136 1248 857 1292; baseline -0.007 -9"><span class='ocrx_word' id='word_1_81' title='bbox 136 1258 188 1283; x_wconf 85' lang='lat' dir='ltr'>tus</span> <span class='ocrx_word' id='word_1_82' title='bbox 202 1251 371 1292; x_wconf 84' lang='lat' dir='ltr'>Virgiliani</span> <span class='ocrx_word' id='word_1_83' title='bbox 382 1250 533 1280; x_wconf 88' lang='lat' dir='ltr'>sermonis</span> <span class='ocrx_word' id='word_1_84' title='bbox 547 1250 722 1281; x_wconf 87' lang='lat' dir='ltr'>intellectus</span> <span class='ocrx_word' id='word_1_85' title='bbox 737 1248 777 1279; x_wconf 86' lang='lat' dir='ltr'>ad</span> <span class='ocrx_word' id='word_1_86' title='bbox 791 1258 857 1289; x_wconf 83' lang='lat' dir='ltr'>geo.</span> 
     </span>
     <span class='ocr_line' id='line_1_16' title="bbox 136 1302 243 1334; baseline 0 0"><span class='ocrx_word' id='word_1_87' title='bbox 136 1302 157 1334; x_wconf 70' lang='lat' dir='ltr'>l.</span> <span class='ocrx_word' id='word_1_88' title='bbox 171 1304 243 1334; x_wconf 82' lang='lat'>595.</span> 
     </span>
    </p>
   </div>
   <div class='ocr_carea' id='block_1_13' title="bbox 169 1373 805 1406">
    <p class='ocr_par' dir='ltr' id='par_1_13' title="bbox 169 1373 805 1406">
     <span class='ocr_line' id='line_1_17' title="bbox 169 1373 805 1406; baseline -0.003 -6"><span class='ocrx_word' id='word_1_89' title='bbox 169 1377 238 1401; x_wconf 81' lang='lat' dir='ltr'>Nam</span> <span class='ocrx_word' id='word_1_90' title='bbox 250 1381 339 1406; x_wconf 89' lang='lat' dir='ltr'>neque</span> <span class='ocrx_word' id='word_1_91' title='bbox 349 1377 410 1400; x_wconf 88' lang='lat' dir='ltr'>tum</span> <span class='ocrx_word' id='word_1_92' title='bbox 422 1374 496 1399; x_wconf 80' lang='lat' dir='ltr'>stellis</span> <span class='ocrx_word' id='word_1_93' title='bbox 507 1373 572 1399; x_wconf 73' lang='lat' dir='ltr'>acie:</span> <span class='ocrx_word' id='word_1_94' title='bbox 582 1373 669 1398; x_wconf 75' lang='lat' dir='ltr'>obtusa</span> <span class='ocrx_word' id='word_1_95' title='bbox 679 1374 787 1399; x_wconf 83' lang='lat' dir='ltr'>videtur</span> <span class='ocrx_word' id='word_1_96' title='bbox 798 1379 805 1397; x_wconf 74' lang='grc' dir='ltr'><strong>ε</strong></span> 
     </span>
    </p>
   </div>
   <div class='ocr_carea' id='block_1_14' title="bbox 137 1445 869 2414">
    <p class='ocr_par' dir='ltr' id='par_1_14' title="bbox 137 1445 861 1538">
     <span class='ocr_line' id='line_1_18' title="bbox 137 1445 861 1486; baseline -0.004 -9"><span class='ocrx_word' id='word_1_97' title='bbox 137 1447 158 1477; x_wconf 85' lang='lat' dir='ltr'>i.</span> <span class='ocrx_word' id='word_1_98' title='bbox 170 1457 197 1477; x_wconf 87' lang='lat' dir='ltr'>e.</span> <span class='ocrx_word' id='word_1_99' title='bbox 212 1456 377 1476; x_wconf 83' lang='lat' dir='ltr'>mucrones</span> <span class='ocrx_word' id='word_1_100' title='bbox 391 1445 533 1481; x_wconf 84' lang='lat' dir='ltr'>telorum,</span> <span class='ocrx_word' id='word_1_101' title='bbox 549 1456 619 1486; x_wconf 86' lang='lat' dir='ltr'>quae</span> <span class='ocrx_word' id='word_1_102' title='bbox 634 1445 794 1475; x_wconf 81' lang='lat' dir='ltr'>stellarum</span> <span class='ocrx_word' id='word_1_103' title='bbox 809 1455 861 1474; x_wconf 85' lang='lat' dir='ltr'>su·</span> 
     </span>
     <span class='ocr_line' id='line_1_19' title="bbox 139 1496 777 1538; baseline -0.005 -10"><span class='ocrx_word' id='word_1_104' title='bbox 139 1497 279 1538; x_wconf 79' lang='lat' dir='ltr'>perficies</span> <span class='ocrx_word' id='word_1_105' title='bbox 289 1496 455 1537; x_wconf 88' lang='lat' dir='ltr'>jaculatur,</span> <span class='ocrx_word' id='word_1_106' title='bbox 477 1505 542 1526; x_wconf 90' lang='lat' dir='ltr'>non</span> <span class='ocrx_word' id='word_1_107' title='bbox 556 1502 630 1526; x_wconf 90' lang='lat' dir='ltr'>sunt</span> <span class='ocrx_word' id='word_1_108' title='bbox 644 1497 777 1526; x_wconf 86' lang='lat' dir='ltr'>hebetes.</span> 
     </span>
    </p>

    <p class='ocr_par' dir='ltr' id='par_1_15' title="bbox 138 1547 864 1788">
     <span class='ocr_line' id='line_1_20' title="bbox 182 1547 864 1588; baseline -0.003 -10"><span class='ocrx_word' id='word_1_109' title='bbox 182 1549 256 1578; x_wconf 86' lang='lat' dir='ltr'>Ver.</span> <span class='ocrx_word' id='word_1_110' title='bbox 283 1552 333 1578; x_wconf 88' lang='lat'>41.</span> <span class='ocrx_word' id='word_1_111' title='bbox 365 1554 538 1588; x_wconf 71' lang='lat' dir='ltr'>pertexere.-</span> <span class='ocrx_word' id='word_1_112' title='bbox 575 1548 661 1588; x_wconf 85' lang='lat' dir='ltr'>quasi</span> <span class='ocrx_word' id='word_1_113' title='bbox 686 1547 790 1583; x_wconf 89' lang='lat' dir='ltr'>telam,</span> <span class='ocrx_word' id='word_1_114' title='bbox 827 1551 864 1577; x_wconf 75' lang='lat' dir='ltr'>ut</span> 
     </span>
     <span class='ocr_line' id='line_1_21' title="bbox 138 1598 864 1638; baseline -0.001 -9"><span class='ocrx_word' id='word_1_115' title='bbox 138 1599 193 1630; x_wconf 80' lang='lat' dir='ltr'>alii</span> <span class='ocrx_word' id='word_1_116' title='bbox 208 1609 420 1638; x_wconf 87' lang='lat' dir='ltr'>saepenumero</span> <span class='ocrx_word' id='word_1_117' title='bbox 436 1609 544 1628; x_wconf 81' lang='lat' dir='ltr'>vocem</span> <span class='ocrx_word' id='word_1_118' title='bbox 566 1598 698 1638; x_wconf 84' lang='lat' dir='ltr'>figurate</span> <span class='ocrx_word' id='word_1_119' title='bbox 712 1598 864 1628; x_wconf 89' lang='lat' dir='ltr'>adhibue-</span> 
     </span>
     <span class='ocr_line' id='line_1_22' title="bbox 140 1650 862 1689; baseline -0.001 -9"><span class='ocrx_word' id='word_1_120' title='bbox 140 1655 215 1680; x_wconf 84' lang='lat' dir='ltr'>runt</span> <span class='ocrx_word' id='word_1_121' title='bbox 223 1662 234 1688; x_wconf 87' lang='lat'>;</span> <span class='ocrx_word' id='word_1_122' title='bbox 257 1650 415 1689; x_wconf 87' lang='lat' dir='ltr'>Apuleius</span> <span class='ocrx_word' id='word_1_123' title='bbox 441 1656 548 1679; x_wconf 87' lang='lat' dir='ltr'>autem</span> <span class='ocrx_word' id='word_1_124' title='bbox 574 1650 706 1689; x_wconf 84' lang='lat' dir='ltr'>proprie,</span> <span class='ocrx_word' id='word_1_125' title='bbox 730 1650 764 1679; x_wconf 89' lang='lat' dir='ltr'>in</span> <span class='ocrx_word' id='word_1_126' title='bbox 790 1656 862 1679; x_wconf 88' lang='lat' dir='ltr'>met.</span> 
     </span>
     <span class='ocr_line' id='line_1_23' title="bbox 140 1701 862 1742; baseline 0 -10"><span class='ocrx_word' id='word_1_127' title='bbox 140 1702 182 1732; x_wconf 83' lang='lat' dir='ltr'>xi.</span> <span class='ocrx_word' id='word_1_128' title='bbox 196 1712 226 1741; x_wconf 91' lang='lat' dir='ltr'>p.</span> <span class='ocrx_word' id='word_1_129' title='bbox 243 1705 314 1733; x_wconf 87' lang='grc'><strong>758.</strong></span> <span class='ocrx_word' id='word_1_130' title='bbox 337 1705 360 1720; x_wconf 87' lang='grc'>“</span> <span class='ocrx_word' id='word_1_131' title='bbox 379 1701 572 1739; x_wconf 87' lang='lat' dir='ltr'>Multicolor,</span> <span class='ocrx_word' id='word_1_132' title='bbox 595 1704 678 1742; x_wconf 80' lang='lat' dir='ltr'>bysso</span> <span class='ocrx_word' id='word_1_133' title='bbox 694 1701 781 1731; x_wconf 88' lang='lat' dir='ltr'>tenui</span> <span class='ocrx_word' id='word_1_134' title='bbox 790 1712 862 1741; x_wconf 73' lang='lat' dir='ltr'>per-</span> 
     </span>
     <span class='ocr_line' id='line_1_24' title="bbox 140 1751 603 1788; baseline -0.002 -4"><span class='ocrx_word' id='word_1_135' title='bbox 140 1755 164 1771; x_wconf 90' lang='lat'><strong>“</strong></span> <span class='ocrx_word' id='word_1_136' title='bbox 178 1759 258 1784; x_wconf 71' lang='lat' dir='ltr'>texta</span> <span class='ocrx_word' id='word_1_137' title='bbox 268 1753 301 1783; x_wconf 88' lang='lat'>:”</span> <span class='ocrx_word' id='word_1_138' title='bbox 324 1751 486 1788; x_wconf 88' lang='lat' dir='ltr'>nimirum,</span> <span class='ocrx_word' id='word_1_139' title='bbox 508 1754 603 1783; x_wconf 80' lang='lat' dir='ltr'>vestis.</span> 
     </span>
    </p>

    <p class='ocr_par' dir='ltr' id='par_1_16' title="bbox 141 1803 864 1947">
     <span class='ocr_line' id='line_1_25' title="bbox 183 1803 859 1841; baseline 0.001 -7"><span class='ocrx_word' id='word_1_140' title='bbox 183 1805 259 1834; x_wconf 91' lang='lat' dir='ltr'>Ver.</span> <span class='ocrx_word' id='word_1_141' title='bbox 274 1807 324 1834; x_wconf 82' lang='lat'>45.</span> <span class='ocrx_word' id='word_1_142' title='bbox 348 1806 423 1835; x_wconf 86' lang='lat' dir='ltr'>Esse</span> <span class='ocrx_word' id='word_1_143' title='bbox 438 1810 482 1834; x_wconf 84' lang='lat' dir='ltr'>et:</span> <span class='ocrx_word' id='word_1_144' title='bbox 509 1803 605 1834; x_wconf 84' lang='lat' dir='ltr'>Vind.</span> <span class='ocrx_word' id='word_1_145' title='bbox 632 1803 671 1834; x_wconf 92' lang='lat' dir='ltr'>V.</span> <span class='ocrx_word' id='word_1_146' title='bbox 695 1804 741 1834; x_wconf 89' lang='lat' dir='ltr'>ed.</span> <span class='ocrx_word' id='word_1_147' title='bbox 769 1805 843 1835; x_wconf 79' lang='lat' dir='ltr'>Esse</span> <span class='ocrx_word' id='word_1_148' title='bbox 849 1820 859 1841; x_wconf 91' lang='lat'><em>;</em></span> 
     </span>
     <span class='ocr_line' id='line_1_26' title="bbox 141 1855 864 1895; baseline -0.001 -8"><span class='ocrx_word' id='word_1_149' title='bbox 141 1856 180 1887; x_wconf 92' lang='lat' dir='ltr'>L.</span> <span class='ocrx_word' id='word_1_150' title='bbox 200 1856 248 1886; x_wconf 88' lang='grc' dir='ltr'>Μ.</span> <span class='ocrx_word' id='word_1_151' title='bbox 264 1857 296 1886; x_wconf 88' lang='grc' dir='ltr'><em>Ε</em></span> <span class='ocrx_word' id='word_1_152' title='bbox 309 1867 350 1886; x_wconf 77' lang='lat' dir='ltr'>se.</span> <span class='ocrx_word' id='word_1_153' title='bbox 387 1856 521 1895; x_wconf 87' lang='lat' dir='ltr'>Nempe,</span> <span class='ocrx_word' id='word_1_154' title='bbox 544 1869 577 1886; x_wconf 70' lang='lat' dir='ltr'>»ro</span> <span class='ocrx_word' id='word_1_155' title='bbox 597 1859 626 1893; x_wconf 78' lang='grc' dir='ltr'>ἒ,</span> <span class='ocrx_word' id='word_1_156' title='bbox 649 1855 692 1886; x_wconf 90' lang='lat' dir='ltr'>sic</span> <span class='ocrx_word' id='word_1_157' title='bbox 717 1856 864 1895; x_wconf 88' lang='lat' dir='ltr'>positum,</span> 
     </span>
     <span class='ocr_line' id='line_1_27' title="bbox 142 1907 471 1947; baseline -0.003 -9"><span class='ocrx_word' id='word_1_158' title='bbox 142 1907 233 1938; x_wconf 81' lang='lat' dir='ltr'>facile</span> <span class='ocrx_word' id='word_1_159' title='bbox 247 1907 328 1938; x_wconf 89' lang='lat' dir='ltr'>elabi</span> <span class='ocrx_word' id='word_1_160' title='bbox 343 1913 471 1947; x_wconf 86' lang='lat' dir='ltr'>poterat.</span> 
     </span>
    </p>

    <p class='ocr_par' dir='ltr' id='par_1_17' title="bbox 140 1963 869 2414">
     <span class='ocr_line' id='line_1_28' title="bbox 185 1963 866 2002; baseline 0 -10"><span class='ocrx_word' id='word_1_161' title='bbox 185 1963 260 1992; x_wconf 90' lang='lat' dir='ltr'>Ver.</span> <span class='ocrx_word' id='word_1_162' title='bbox 275 1965 327 1993; x_wconf 86' lang='lat'>45.</span> <span class='ocrx_word' id='word_1_163' title='bbox 350 1964 515 2002; x_wconf 82' lang='lat' dir='ltr'>Pleraque,</span> <span class='ocrx_word' id='word_1_164' title='bbox 538 1972 603 1992; x_wconf 84' lang='lat' dir='ltr'>non</span> <span class='ocrx_word' id='word_1_165' title='bbox 624 1963 744 2000; x_wconf 81' lang='lat' dir='ltr'>omnia,-</span> <span class='ocrx_word' id='word_1_166' title='bbox 768 1969 866 2002; x_wconf 85' lang='lat' dir='ltr'>quum</span> 
     </span>
     <span class='ocr_line' id='line_1_29' title="bbox 144 2013 866 2054; baseline -0.003 -9"><span class='ocrx_word' id='word_1_167' title='bbox 144 2014 277 2052; x_wconf 85' lang='lat' dir='ltr'>semina,</span> <span class='ocrx_word' id='word_1_168' title='bbox 300 2013 348 2043; x_wconf 87' lang='lat' dir='ltr'>vel</span> <span class='ocrx_word' id='word_1_169' title='bbox 373 2014 532 2053; x_wconf 74' lang='lat' dir='ltr'>principia,</span> <span class='ocrx_word' id='word_1_170' title='bbox 562 2013 702 2053; x_wconf 89' lang='lat' dir='ltr'>quamvis</span> <span class='ocrx_word' id='word_1_171' title='bbox 725 2013 866 2054; x_wconf 86' lang='lat' dir='ltr'>omnige-</span> 
     </span>
     <span class='ocr_line' id='line_1_30' title="bbox 144 2064 866 2103; baseline -0.003 -7"><span class='ocrx_word' id='word_1_172' title='bbox 144 2075 202 2096; x_wconf 85' lang='lat' dir='ltr'>nos</span> <span class='ocrx_word' id='word_1_173' title='bbox 217 2070 314 2096; x_wconf 87' lang='lat' dir='ltr'>coetus</span> <span class='ocrx_word' id='word_1_174' title='bbox 328 2064 533 2103; x_wconf 83' lang='lat' dir='ltr'>experiantur,</span> <span class='ocrx_word' id='word_1_175' title='bbox 549 2070 580 2094; x_wconf 89' lang='lat' dir='ltr'>et</span> <span class='ocrx_word' id='word_1_176' title='bbox 590 2064 786 2095; x_wconf 86' lang='lat' dir='ltr'>omnimodas</span> <span class='ocrx_word' id='word_1_177' title='bbox 796 2074 866 2094; x_wconf 89' lang='lat' dir='ltr'>mu-</span> 
     </span>
     <span class='ocr_line' id='line_1_31' title="bbox 143 2115 867 2156; baseline -0.003 -9"><span class='ocrx_word' id='word_1_178' title='bbox 143 2117 276 2147; x_wconf 84' lang='lat' dir='ltr'>tationes</span> <span class='ocrx_word' id='word_1_179' title='bbox 300 2118 440 2153; x_wconf 87' lang='lat' dir='ltr'>subeant,</span> <span class='ocrx_word' id='word_1_180' title='bbox 463 2116 559 2146; x_wconf 90' lang='lat' dir='ltr'>nullis</span> <span class='ocrx_word' id='word_1_181' title='bbox 572 2116 685 2156; x_wconf 87' lang='lat' dir='ltr'>plagis,</span> <span class='ocrx_word' id='word_1_182' title='bbox 707 2115 796 2147; x_wconf 64' lang='lat' dir='ltr'>nulla</span> <span class='ocrx_word' id='word_1_183' title='bbox 819 2127 867 2146; x_wconf 86' lang='lat' dir='ltr'>re-</span> 
     </span>
     <span class='ocr_line' id='line_1_32' title="bbox 146 2169 868 2210; baseline 0 -10"><span class='ocrx_word' id='word_1_184' title='bbox 146 2180 220 2201; x_wconf 82' lang='lat' dir='ltr'>rum</span> <span class='ocrx_word' id='word_1_185' title='bbox 233 2170 454 2205; x_wconf 85' lang='lat' dir='ltr'>vicissitudine,</span> <span class='ocrx_word' id='word_1_186' title='bbox 477 2169 602 2200; x_wconf 84' lang='lat' dir='ltr'>dissolvi</span> <span class='ocrx_word' id='word_1_187' title='bbox 626 2176 750 2210; x_wconf 85' lang='lat' dir='ltr'>queant.</span> <span class='ocrx_word' id='word_1_188' title='bbox 792 2170 868 2201; x_wconf 88' lang='lat' dir='ltr'>Jam</span> 
     </span>
     <span class='ocr_line' id='line_1_33' title="bbox 145 2220 869 2259; baseline 0 -8"><span class='ocrx_word' id='word_1_189' title='bbox 145 2230 221 2251; x_wconf 81' lang='lat' dir='ltr'>vero</span> <span class='ocrx_word' id='word_1_190' title='bbox 227 2221 455 2259; x_wconf 86' lang='lat' dir='ltr'>contempleris,</span> <span class='ocrx_word' id='word_1_191' title='bbox 467 2226 498 2250; x_wconf 88' lang='lat' dir='ltr'>et</span> <span class='ocrx_word' id='word_1_192' title='bbox 508 2220 702 2259; x_wconf 82' lang='lat' dir='ltr'>praefractam</span> <span class='ocrx_word' id='word_1_193' title='bbox 713 2221 869 2251; x_wconf 87' lang='lat' dir='ltr'>editorum</span> 
     </span>
     <span class='ocr_line' id='line_1_34' title="bbox 147 2271 868 2310; baseline 0.001 -9"><span class='ocrx_word' id='word_1_194' title='bbox 147 2271 312 2302; x_wconf 85' lang='lat' dir='ltr'>audaciam</span> <span class='ocrx_word' id='word_1_195' title='bbox 340 2272 516 2310; x_wconf 86' lang='lat' dir='ltr'>exsecreris,</span> <span class='ocrx_word' id='word_1_196' title='bbox 548 2271 593 2301; x_wconf 89' lang='lat' dir='ltr'>ita</span> <span class='ocrx_word' id='word_1_197' title='bbox 618 2271 658 2301; x_wconf 90' lang='lat' dir='ltr'>de</span> <span class='ocrx_word' id='word_1_198' title='bbox 684 2271 776 2302; x_wconf 89' lang='lat' dir='ltr'>libitu</span> <span class='ocrx_word' id='word_1_199' title='bbox 803 2282 868 2308; x_wconf 89' lang='lat' dir='ltr'>suo,</span> 
     </span>
     <span class='ocr_line' id='line_1_35' title="bbox 148 2322 868 2359; baseline 0.001 -6"><span class='ocrx_word' id='word_1_200' title='bbox 148 2329 256 2353; x_wconf 87' lang='lat' dir='ltr'>contra</span> <span class='ocrx_word' id='word_1_201' title='bbox 277 2323 373 2353; x_wconf 82' lang='lat' dir='ltr'>libros</span> <span class='ocrx_word' id='word_1_202' title='bbox 394 2333 512 2359; x_wconf 89' lang='lat' dir='ltr'>omnes,</span> <span class='ocrx_word' id='word_1_203' title='bbox 536 2322 705 2353; x_wconf 85' lang='lat' dir='ltr'>distichum</span> <span class='ocrx_word' id='word_1_204' title='bbox 731 2333 868 2354; x_wconf 88' lang='lat' dir='ltr'>corrum-</span> 
     </span>
     <span class='ocr_line' id='line_1_36' title="bbox 140 2375 305 2414; baseline -0.012 -8"><span class='ocrx_word' id='word_1_205' title='bbox 140 2375 305 2414; x_wconf 60' lang='lat' dir='ltr'>vmutium:</span> 
     </span>
    </p>
   </div>
   <div class='ocr_carea' id='block_1_15' title="bbox 180 2446 825 2512">
    <p class='ocr_par' dir='ltr' id='par_1_18' title="bbox 180 2446 825 2512">
     <span class='ocr_line' id='line_1_37' title="bbox 180 2446 825 2479; baseline 0.003 -7"><span class='ocrx_word' id='word_1_206' title='bbox 180 2448 225 2478; x_wconf 88' lang='lat' dir='ltr'>Et,</span> <span class='ocrx_word' id='word_1_207' title='bbox 235 2453 407 2479; x_wconf 85' lang='lat' dir='ltr'>quaecunque</span> <span class='ocrx_word' id='word_1_208' title='bbox 417 2447 444 2472; x_wconf 84' lang='lat' dir='ltr'>in</span> <span class='ocrx_word' id='word_1_209' title='bbox 456 2453 488 2472; x_wconf 86' lang='lat' dir='ltr'>eo</span> <span class='ocrx_word' id='word_1_210' title='bbox 499 2446 715 2479; x_wconf 80' lang='lat' dir='ltr'>fiunt,fieutque,</span> <span class='ocrx_word' id='word_1_211' title='bbox 731 2456 825 2474; x_wconf 71' lang='lat' dir='ltr'>necent</span> 
     </span>
     <span class='ocr_line' id='line_1_38' title="bbox 180 2487 464 2512; baseline 0.004 -1"><span class='ocrx_word' id='word_1_212' title='bbox 180 2489 239 2512; x_wconf 83' lang='lat' dir='ltr'>Esse</span> <span class='ocrx_word' id='word_1_213' title='bbox 250 2494 279 2511; x_wconf 85' lang='lat' dir='ltr'>ea</span> <span class='ocrx_word' id='word_1_214' title='bbox 289 2487 464 2512; x_wconf 81' lang='lat' dir='ltr'>dissolvi—-</span> 
     </span>
    </p>
   </div>
   <div class='ocr_carea' id='block_1_16' title="bbox 150 2559 870 2642">
    <p class='ocr_par' dir='ltr' id='par_1_19' title="bbox 150 2559 870 2642">
     <span class='ocr_line' id='line_1_39' title="bbox 192 2559 870 2599; baseline 0.006 -10"><span class='ocrx_word' id='word_1_215' title='bbox 192 2559 267 2590; x_wconf 91' lang='lat' dir='ltr'>Ver.</span> <span class='ocrx_word' id='word_1_216' title='bbox 284 2563 334 2590; x_wconf 85' lang='lat'>46.</span> <span class='ocrx_word' id='word_1_217' title='bbox 356 2561 504 2599; x_wconf 79' lang='lat' dir='ltr'>insignem</span> <span class='ocrx_word' id='word_1_218' title='bbox 519 2571 652 2591; x_wconf 76' lang='lat' dir='ltr'>currum.</span> <span class='ocrx_word' id='word_1_219' title='bbox 677 2561 780 2598; x_wconf 81' lang='lat' dir='ltr'>Maro,</span> <span class='ocrx_word' id='word_1_220' title='bbox 797 2562 870 2593; x_wconf 86' lang='lat' dir='ltr'>AEn.</span> 
     </span>
     <span class='ocr_line' id='line_1_40' title="bbox 150 2609 290 2642; baseline 0.007 -1"><span class='ocrx_word' id='word_1_221' title='bbox 150 2609 202 2641; x_wconf 79' lang='lat' dir='ltr'>vii.</span> <span class='ocrx_word' id='word_1_222' title='bbox 219 2613 290 2642; x_wconf 87' lang='lat'>655.</span> 
     </span>
    </p>
   </div>
   <div class='ocr_carea' id='block_1_17' title="bbox 164 2696 258 2704">
    <p class='ocr_par' dir='ltr' id='par_1_20' title="bbox 164 2696 258 2704">
     <span class='ocr_line' id='line_1_41' title="bbox 164 2696 258 2704; baseline 0 0"><span class='ocrx_word' id='word_1_223' title='bbox 164 2696 258 2704; x_wconf 95' lang='lat' dir='ltr'> </span> 
     </span>
    </p>
   </div>
   <div class='ocr_carea' id='block_1_18' title="bbox 267 2684 871 2717">
    <p class='ocr_par' dir='ltr' id='par_1_21' title="bbox 267 2684 871 2717">
     <span class='ocr_line' id='line_1_42' title="bbox 267 2684 871 2717; baseline 0.005 -9"><span class='ocrx_word' id='word_1_224' title='bbox 267 2684 389 2716; x_wconf 80' lang='lat' dir='ltr'>insignem</span> <span class='ocrx_word' id='word_1_225' title='bbox 400 2684 490 2716; x_wconf 63' lang='lat' dir='ltr'>palmi</span> <span class='ocrx_word' id='word_1_226' title='bbox 501 2691 548 2717; x_wconf 85' lang='lat' dir='ltr'>per</span> <span class='ocrx_word' id='word_1_227' title='bbox 559 2685 680 2717; x_wconf 78' lang='lat' dir='ltr'>gramina</span> <span class='ocrx_word' id='word_1_228' title='bbox 697 2692 871 2711; x_wconf 83' lang='lat' dir='ltr'>currum—.</span> 
     </span>
    </p>
   </div>
   <div class='ocr_carea' id='block_1_19' title="bbox 151 2747 874 2892">
    <p class='ocr_par' dir='ltr' id='par_1_22' title="bbox 151 2747 874 2892">
     <span class='ocr_line' id='line_1_43' title="bbox 193 2747 874 2789; baseline 0.003 -11"><span class='ocrx_word' id='word_1_229' title='bbox 193 2747 268 2778; x_wconf 88' lang='lat' dir='ltr'>Ver.</span> <span class='ocrx_word' id='word_1_230' title='bbox 283 2750 334 2779; x_wconf 90' lang='lat'>47.</span> <span class='ocrx_word' id='word_1_231' title='bbox 358 2747 398 2778; x_wconf 94' lang='lat' dir='ltr'>In</span> <span class='ocrx_word' id='word_1_232' title='bbox 413 2758 502 2779; x_wconf 84' lang='lat' dir='ltr'>versu</span> <span class='ocrx_word' id='word_1_233' title='bbox 517 2748 768 2789; x_wconf 85' lang='lat' dir='ltr'>inquinatissimo</span> <span class='ocrx_word' id='word_1_234' title='bbox 783 2749 874 2780; x_wconf 89' lang='lat' dir='ltr'>libra-</span> 
     </span>
     <span class='ocr_line' id='line_1_44' title="bbox 151 2797 872 2840; baseline 0.006 -13"><span class='ocrx_word' id='word_1_235' title='bbox 151 2797 270 2828; x_wconf 80' lang='lat' dir='ltr'>riorum</span> <span class='ocrx_word' id='word_1_236' title='bbox 295 2799 427 2835; x_wconf 84' lang='lat' dir='ltr'>mendis‚</span> <span class='ocrx_word' id='word_1_237' title='bbox 464 2810 499 2830; x_wconf 90' lang='lat' dir='ltr'>ac</span> <span class='ocrx_word' id='word_1_238' title='bbox 528 2799 668 2839; x_wconf 87' lang='lat' dir='ltr'>deposito</span> <span class='ocrx_word' id='word_1_239' title='bbox 696 2811 820 2840; x_wconf 86' lang='lat' dir='ltr'>prorsus</span> <span class='ocrx_word' id='word_1_240' title='bbox 841 2807 872 2832; x_wconf 92' lang='lat' dir='ltr'>et</span> 
     </span>
     <span class='ocr_line' id='line_1_45' title="bbox 153 2848 874 2892; baseline 0.006 -13"><span class='ocrx_word' id='word_1_241' title='bbox 153 2848 358 2888; x_wconf 78' lang='lat' dir='ltr'>conclamato,</span> <span class='ocrx_word' id='word_1_242' title='bbox 381 2850 420 2881; x_wconf 84' lang='lat' dir='ltr'>ad</span> <span class='ocrx_word' id='word_1_243' title='bbox 443 2851 636 2892; x_wconf 84' lang='lat' dir='ltr'>conjecturas</span> <span class='ocrx_word' id='word_1_244' title='bbox 659 2857 724 2882; x_wconf 85' lang='lat' dir='ltr'>erat</span> <span class='ocrx_word' id='word_1_245' title='bbox 749 2852 874 2883; x_wconf 88' lang='lat' dir='ltr'>modes-</span> 
     </span>
    </p>
   </div>
   <div class='ocr_carea' id='block_1_20' title="bbox 153 2901 871 2945">
    <p class='ocr_par' dir='ltr' id='par_1_23' title="bbox 153 2901 871 2945">
     <span class='ocr_line' id='line_1_46' title="bbox 153 2901 871 2945; baseline 0.007 -15"><span class='ocrx_word' id='word_1_246' title='bbox 153 2903 212 2939; x_wconf 60' lang='grc' dir='ltr'>ωε,</span> <span class='ocrx_word' id='word_1_247' title='bbox 233 2906 387 2941; x_wconf 79' lang='lat' dir='ltr'>quantum</span> <span class='ocrx_word' id='word_1_248' title='bbox 409 2901 510 2943; x_wconf 77' lang='lat' dir='ltr'>licuit,</span> <span class='ocrx_word' id='word_1_249' title='bbox 531 2902 777 2945; x_wconf 80' lang='lat' dir='ltr'>confugiendum</span> <span class='ocrx_word' id='word_1_250' title='bbox 782 2915 794 2943; x_wconf 73' lang='lat'>3</span> <span class='ocrx_word' id='word_1_251' title='bbox 816 2903 871 2935; x_wconf 86' lang='lat' dir='ltr'>do-</span> 
     </span>
    </p>
   </div>
   <div class='ocr_carea' id='block_1_21' title="bbox 897 1088 1634 2413">
    <p class='ocr_par' dir='ltr' id='par_1_24' title="bbox 897 1088 1634 2413">
     <span class='ocr_line' id='line_1_47' title="bbox 897 1088 1622 1132; baseline -0.007 -9"><span class='ocrx_word' id='word_1_252' title='bbox 897 1101 954 1123; x_wconf 86' lang='lat' dir='ltr'>nec</span> <span class='ocrx_word' id='word_1_253' title='bbox 969 1090 1090 1132; x_wconf 83' lang='lat' dir='ltr'>aliquis,</span> <span class='ocrx_word' id='word_1_254' title='bbox 1112 1089 1161 1120; x_wconf 89' lang='lat' dir='ltr'>vel</span> <span class='ocrx_word' id='word_1_255' title='bbox 1184 1099 1222 1120; x_wconf 81' lang='lat' dir='ltr'>ex</span> <span class='ocrx_word' id='word_1_256' title='bbox 1243 1089 1365 1130; x_wconf 86' lang='lat' dir='ltr'>ingenii</span> <span class='ocrx_word' id='word_1_257' title='bbox 1387 1089 1549 1127; x_wconf 85' lang='lat' dir='ltr'>thesauris,</span> <span class='ocrx_word' id='word_1_258' title='bbox 1572 1088 1622 1119; x_wconf 71' lang='lat' dir='ltr'>vel</span> 
     </span>
     <span class='ocr_line' id='line_1_48' title="bbox 898 1140 1624 1178; baseline -0.006 -5"><span class='ocrx_word' id='word_1_259' title='bbox 898 1142 1160 1173; x_wconf 81' lang='lat' dir='ltr'>emendatioribus</span> <span class='ocrx_word' id='word_1_260' title='bbox 1175 1140 1401 1178; x_wconf 84' lang='lat' dir='ltr'>emembranis,</span> <span class='ocrx_word' id='word_1_261' title='bbox 1418 1140 1624 1178; x_wconf 83' lang='lat' dir='ltr'>inculpatiora</span> 
     </span>
     <span class='ocr_line' id='line_1_49' title="bbox 899 1191 1620 1233; baseline -0.004 -10"><span class='ocrx_word' id='word_1_262' title='bbox 899 1193 1092 1233; x_wconf 84' lang='lat' dir='ltr'>prompserit.</span> <span class='ocrx_word' id='word_1_263' title='bbox 1138 1194 1316 1223; x_wconf 75' lang='lat' dir='ltr'>Ventorum.-</span> <span class='ocrx_word' id='word_1_264' title='bbox 1344 1192 1388 1221; x_wconf 85' lang='lat' dir='ltr'>sic</span> <span class='ocrx_word' id='word_1_265' title='bbox 1403 1201 1514 1221; x_wconf 90' lang='lat' dir='ltr'>omnes</span> <span class='ocrx_word' id='word_1_266' title='bbox 1535 1191 1620 1228; x_wconf 88' lang='lat' dir='ltr'>libri;</span> 
     </span>
     <span class='ocr_line' id='line_1_50' title="bbox 902 1241 1625 1280; baseline -0.003 -7"><span class='ocrx_word' id='word_1_267' title='bbox 902 1243 1033 1274; x_wconf 84' lang='lat' dir='ltr'>editores</span> <span class='ocrx_word' id='word_1_268' title='bbox 1046 1249 1161 1279; x_wconf 89' lang='lat' dir='ltr'>autem,</span> <span class='ocrx_word' id='word_1_269' title='bbox 1182 1245 1215 1273; x_wconf 92' lang='lat' dir='ltr'><em>V</em></span> <span class='ocrx_word' id='word_1_270' title='bbox 1214 1244 1349 1280; x_wconf 78' lang='lat' dir='ltr'>incendi,</span> <span class='ocrx_word' id='word_1_271' title='bbox 1366 1241 1453 1272; x_wconf 69' lang='lat' dir='ltr'>nulla</span> <span class='ocrx_word' id='word_1_272' title='bbox 1464 1242 1625 1272; x_wconf 85' lang='lat' dir='ltr'>literarum</span> 
     </span>
     <span class='ocr_line' id='line_1_51' title="bbox 903 1293 1626 1333; baseline -0.003 -9"><span class='ocrx_word' id='word_1_273' title='bbox 903 1295 1021 1324; x_wconf 77' lang='lat' dir='ltr'>ratione</span> <span class='ocrx_word' id='word_1_274' title='bbox 1060 1293 1347 1325; x_wconf 61' lang='lat' dir='ltr'>habita—excierat</span> <span class='ocrx_word' id='word_1_275' title='bbox 1381 1299 1525 1333; x_wconf 76' lang='lat' dir='ltr'>pacator.-</span> <span class='ocrx_word' id='word_1_276' title='bbox 1571 1303 1626 1332; x_wconf 85' lang='lat' dir='ltr'>per</span> 
     </span>
     <span class='ocr_line' id='line_1_52' title="bbox 905 1343 1626 1386; baseline -0.003 -11"><span class='ocrx_word' id='word_1_277' title='bbox 905 1356 999 1386; x_wconf 87' lang='lat' dir='ltr'>quem</span> <span class='ocrx_word' id='word_1_278' title='bbox 1015 1354 1088 1375; x_wconf 86' lang='lat' dir='ltr'>sane</span> <span class='ocrx_word' id='word_1_279' title='bbox 1104 1347 1277 1385; x_wconf 81' lang='lat' dir='ltr'>Epicurum</span> <span class='ocrx_word' id='word_1_280' title='bbox 1293 1343 1499 1374; x_wconf 84' lang='lat' dir='ltr'>intellexerim</span> <span class='ocrx_word' id='word_1_281' title='bbox 1505 1355 1516 1382; x_wconf 77' lang='lat'>3</span> <span class='ocrx_word' id='word_1_282' title='bbox 1536 1343 1626 1384; x_wconf 86' lang='lat' dir='ltr'>cujus</span> 
     </span>
     <span class='ocr_line' id='line_1_53' title="bbox 905 1395 1628 1436; baseline -0.003 -9"><span class='ocrx_word' id='word_1_283' title='bbox 905 1396 1000 1436; x_wconf 65' lang='lat' dir='ltr'>opera</span> <span class='ocrx_word' id='word_1_284' title='bbox 1014 1407 1099 1426; x_wconf 85' lang='lat' dir='ltr'>mare</span> <span class='ocrx_word' id='word_1_285' title='bbox 1113 1401 1245 1426; x_wconf 87' lang='lat' dir='ltr'>stratum</span> <span class='ocrx_word' id='word_1_286' title='bbox 1259 1396 1303 1425; x_wconf 79' lang='lat' dir='ltr'>ita</span> <span class='ocrx_word' id='word_1_287' title='bbox 1321 1396 1488 1435; x_wconf 85' lang='lat' dir='ltr'>pellexerat</span> <span class='ocrx_word' id='word_1_288' title='bbox 1509 1395 1628 1425; x_wconf 83' lang='lat' dir='ltr'>Lucre-</span> 
     </span>
     <span class='ocr_line' id='line_1_54' title="bbox 904 1446 1626 1484; baseline -0.001 -7"><span class='ocrx_word' id='word_1_289' title='bbox 904 1448 996 1484; x_wconf 79' lang='lat' dir='ltr'>tium,</span> <span class='ocrx_word' id='word_1_290' title='bbox 1012 1454 1048 1478; x_wconf 91' lang='lat' dir='ltr'>ut</span> <span class='ocrx_word' id='word_1_291' title='bbox 1063 1458 1174 1477; x_wconf 86' lang='lat' dir='ltr'>navem</span> <span class='ocrx_word' id='word_1_292' title='bbox 1191 1457 1255 1477; x_wconf 89' lang='lat' dir='ltr'>non</span> <span class='ocrx_word' id='word_1_293' title='bbox 1264 1447 1388 1477; x_wconf 85' lang='lat' dir='ltr'>timeret</span> <span class='ocrx_word' id='word_1_294' title='bbox 1402 1446 1558 1483; x_wconf 86' lang='lat' dir='ltr'>scandere,</span> <span class='ocrx_word' id='word_1_295' title='bbox 1575 1456 1626 1476; x_wconf 87' lang='lat' dir='ltr'>ve-</span> 
     </span>
     <span class='ocr_line' id='line_1_55' title="bbox 905 1497 1627 1534; baseline -0.001 -6"><span class='ocrx_word' id='word_1_296' title='bbox 905 1498 936 1528; x_wconf 83' lang='lat' dir='ltr'>la</span> <span class='ocrx_word' id='word_1_297' title='bbox 950 1499 1049 1529; x_wconf 82' lang='lat' dir='ltr'>ventis</span> <span class='ocrx_word' id='word_1_298' title='bbox 1062 1499 1266 1534; x_wconf 83' lang='lat' dir='ltr'>committere,</span> <span class='ocrx_word' id='word_1_299' title='bbox 1289 1503 1319 1527; x_wconf 91' lang='lat' dir='ltr'>et</span> <span class='ocrx_word' id='word_1_300' title='bbox 1334 1497 1367 1527; x_wconf 91' lang='lat' dir='ltr'>in</span> <span class='ocrx_word' id='word_1_301' title='bbox 1382 1497 1482 1528; x_wconf 86' lang='lat' dir='ltr'>altum</span> <span class='ocrx_word' id='word_1_302' title='bbox 1491 1497 1575 1527; x_wconf 84' lang='lat' dir='ltr'>ferri.</span> <span class='ocrx_word' id='word_1_303' title='bbox 1591 1497 1627 1527; x_wconf 93' lang='lat' dir='ltr'>P.</span> 
     </span>
     <span class='ocr_line' id='line_1_56' title="bbox 906 1548 1627 1590; baseline -0.003 -10"><span class='ocrx_word' id='word_1_304' title='bbox 906 1553 1103 1581; x_wconf 70' lang='lat' dir='ltr'>exhortantur</span> <span class='ocrx_word' id='word_1_305' title='bbox 1119 1561 1184 1590; x_wconf 79' lang='lat' dir='ltr'>spes</span> <span class='ocrx_word' id='word_1_306' title='bbox 1189 1566 1199 1586; x_wconf 91' lang='lat'><em>;</em></span> <span class='ocrx_word' id='word_1_307' title='bbox 1227 1549 1311 1579; x_wconf 85' lang='lat' dir='ltr'>haud</span> <span class='ocrx_word' id='word_1_308' title='bbox 1328 1549 1422 1579; x_wconf 90' lang='lat' dir='ltr'>dubie</span> <span class='ocrx_word' id='word_1_309' title='bbox 1437 1559 1474 1579; x_wconf 85' lang='lat' dir='ltr'>ex</span> <span class='ocrx_word' id='word_1_310' title='bbox 1490 1548 1627 1584; x_wconf 85' lang='lat' dir='ltr'>arbitrio,</span> 
     </span>
     <span class='ocr_line' id='line_1_57' title="bbox 908 1600 1628 1642; baseline -0.003 -10"><span class='ocrx_word' id='word_1_311' title='bbox 908 1613 1005 1642; x_wconf 89' lang='lat' dir='ltr'>quum</span> <span class='ocrx_word' id='word_1_312' title='bbox 1022 1601 1109 1632; x_wconf 88' lang='lat' dir='ltr'>nulla</span> <span class='ocrx_word' id='word_1_313' title='bbox 1120 1602 1247 1642; x_wconf 87' lang='lat' dir='ltr'>vestigia</span> <span class='ocrx_word' id='word_1_314' title='bbox 1261 1601 1326 1631; x_wconf 88' lang='lat' dir='ltr'>fere</span> <span class='ocrx_word' id='word_1_315' title='bbox 1337 1600 1447 1631; x_wconf 87' lang='lat' dir='ltr'>talium</span> <span class='ocrx_word' id='word_1_316' title='bbox 1456 1600 1628 1630; x_wconf 85' lang='lat' dir='ltr'>lectionum</span> 
     </span>
     <span class='ocr_line' id='line_1_58' title="bbox 906 1652 1624 1692; baseline -0.001 -10"><span class='ocrx_word' id='word_1_317' title='bbox 906 1654 940 1682; x_wconf 90' lang='lat' dir='ltr'>in</span> <span class='ocrx_word' id='word_1_318' title='bbox 977 1653 1103 1692; x_wconf 87' lang='lat' dir='ltr'>optimis</span> <span class='ocrx_word' id='word_1_319' title='bbox 1141 1652 1369 1692; x_wconf 75' lang='lat' dir='ltr'>exemplaribus</span> <span class='ocrx_word' id='word_1_320' title='bbox 1412 1657 1624 1690; x_wconf 85' lang='lat' dir='ltr'>compareant:</span> 
     </span>
     <span class='ocr_line' id='line_1_59' title="bbox 909 1705 1624 1743; baseline -0.001 -10"><span class='ocrx_word' id='word_1_321' title='bbox 909 1705 1004 1736; x_wconf 88' lang='lat' dir='ltr'>Vind.</span> <span class='ocrx_word' id='word_1_322' title='bbox 1027 1706 1064 1736; x_wconf 89' lang='grc' dir='ltr'>Β.</span> <span class='ocrx_word' id='word_1_323' title='bbox 1086 1705 1123 1735; x_wconf 90' lang='lat' dir='ltr'>L.</span> <span class='ocrx_word' id='word_1_324' title='bbox 1148 1706 1197 1735; x_wconf 87' lang='lat' dir='ltr'>M.</span> <span class='ocrx_word' id='word_1_325' title='bbox 1225 1711 1269 1735; x_wconf 85' lang='grc' dir='ltr'>Ω.</span> <span class='ocrx_word' id='word_1_326' title='bbox 1291 1706 1425 1735; x_wconf 64' lang='lat' dir='ltr'>eminant</span> <span class='ocrx_word' id='word_1_327' title='bbox 1443 1705 1624 1743; x_wconf 76' lang='lat' dir='ltr'>placentur,-</span> 
     </span>
     <span class='ocr_line' id='line_1_60' title="bbox 909 1756 1628 1796; baseline -0.003 -10"><span class='ocrx_word' id='word_1_328' title='bbox 909 1756 948 1786; x_wconf 88' lang='lat' dir='ltr'>V.</span> <span class='ocrx_word' id='word_1_329' title='bbox 964 1756 1010 1786; x_wconf 87' lang='lat' dir='ltr'>ed.</span> <span class='ocrx_word' id='word_1_330' title='bbox 1034 1763 1163 1787; x_wconf 70' lang='lat' dir='ltr'>exue-ant</span> <span class='ocrx_word' id='word_1_331' title='bbox 1180 1758 1356 1796; x_wconf 79' lang='lat' dir='ltr'>placentur,</span> <span class='ocrx_word' id='word_1_332' title='bbox 1379 1765 1434 1794; x_wconf 90' lang='lat' dir='ltr'>per</span> <span class='ocrx_word' id='word_1_333' title='bbox 1455 1760 1628 1784; x_wconf 88' lang='lat' dir='ltr'>commuta-</span> 
     </span>
     <span class='ocr_line' id='line_1_61' title="bbox 907 1807 1629 1846; baseline -0.004 -8"><span class='ocrx_word' id='word_1_334' title='bbox 907 1807 1025 1838; x_wconf 85' lang='lat' dir='ltr'>tionem</span> <span class='ocrx_word' id='word_1_335' title='bbox 1039 1811 1068 1838; x_wconf 80' lang='grc' dir='ltr'>ἰν</span> <span class='ocrx_word' id='word_1_336' title='bbox 1084 1814 1115 1838; x_wconf 89' lang='lat' dir='ltr'>et</span> <span class='ocrx_word' id='word_1_337' title='bbox 1129 1819 1161 1846; x_wconf 82' lang='lat' dir='ltr'>u,</span> <span class='ocrx_word' id='word_1_338' title='bbox 1175 1814 1187 1838; x_wconf 79' lang='lat' dir='ltr'>t</span> <span class='ocrx_word' id='word_1_339' title='bbox 1202 1813 1232 1837; x_wconf 90' lang='lat' dir='ltr'>et</span> <span class='ocrx_word' id='word_1_340' title='bbox 1244 1819 1272 1843; x_wconf 91' lang='lat' dir='ltr'>c;</span> <span class='ocrx_word' id='word_1_341' title='bbox 1294 1812 1328 1837; x_wconf 90' lang='grc' dir='ltr'>Δ.</span> <span class='ocrx_word' id='word_1_342' title='bbox 1344 1809 1494 1837; x_wconf 70' lang='lat' dir='ltr'>exhirtant</span> <span class='ocrx_word' id='word_1_343' title='bbox 1503 1807 1629 1844; x_wconf 81' lang='lat' dir='ltr'>placen-</span> 
     </span>
     <span class='ocr_line' id='line_1_62' title="bbox 905 1861 1631 1901; baseline -0.004 -10"><span class='ocrx_word' id='word_1_344' title='bbox 905 1867 965 1892; x_wconf 82' lang='lat' dir='ltr'>tur.</span> <span class='ocrx_word' id='word_1_345' title='bbox 990 1861 1105 1901; x_wconf 84' lang='lat' dir='ltr'>Vulgo,</span> <span class='ocrx_word' id='word_1_346' title='bbox 1120 1872 1184 1901; x_wconf 76' lang='lat' dir='ltr'>spes</span> <span class='ocrx_word' id='word_1_347' title='bbox 1195 1863 1314 1891; x_wconf 78' lang='lat' dir='ltr'>hortata</span> <span class='ocrx_word' id='word_1_348' title='bbox 1330 1865 1389 1895; x_wconf 86' lang='lat' dir='ltr'>est;</span> <span class='ocrx_word' id='word_1_349' title='bbox 1406 1864 1492 1889; x_wconf 80' lang='lat' dir='ltr'>extra</span> <span class='ocrx_word' id='word_1_350' title='bbox 1502 1868 1631 1889; x_wconf 87' lang='lat' dir='ltr'>omnem</span> 
     </span>
     <span class='ocr_line' id='line_1_63' title="bbox 907 1911 1630 1949; baseline -0.003 -5"><span class='ocrx_word' id='word_1_351' title='bbox 907 1915 970 1944; x_wconf 87' lang='lat' dir='ltr'>veri</span> <span class='ocrx_word' id='word_1_352' title='bbox 986 1913 1234 1944; x_wconf 88' lang='lat' dir='ltr'>similitudinem.</span> <span class='ocrx_word' id='word_1_353' title='bbox 1267 1912 1364 1943; x_wconf 85' lang='lat' dir='ltr'>Malis</span> <span class='ocrx_word' id='word_1_354' title='bbox 1380 1911 1520 1949; x_wconf 85' lang='lat' dir='ltr'>forsitan,</span> <span class='ocrx_word' id='word_1_355' title='bbox 1535 1913 1630 1942; x_wconf 70' lang='lat' dir='ltr'>excie-</span> 
     </span>
     <span class='ocr_line' id='line_1_64' title="bbox 908 1964 1627 2006; baseline -0.006 -9"><span class='ocrx_word' id='word_1_356' title='bbox 908 1972 959 1997; x_wconf 81' lang='lat' dir='ltr'>rat</span> <span class='ocrx_word' id='word_1_357' title='bbox 978 1968 1153 2006; x_wconf 75' lang='lat' dir='ltr'>placamen,</span> <span class='ocrx_word' id='word_1_358' title='bbox 1181 1964 1230 1995; x_wconf 80' lang='lat' dir='ltr'>vel</span> <span class='ocrx_word' id='word_1_359' title='bbox 1256 1967 1409 1995; x_wconf 74' lang='lat' dir='ltr'>excierant</span> <span class='ocrx_word' id='word_1_360' title='bbox 1428 1965 1607 2003; x_wconf 70' lang='lat' dir='ltr'>placamina</span> <span class='ocrx_word' id='word_1_361' title='bbox 1616 1977 1627 1998; x_wconf 90' lang='lat'>,-</span> 
     </span>
     <span class='ocr_line' id='line_1_65' title="bbox 909 2013 1631 2053; baseline -0.006 -6"><span class='ocrx_word' id='word_1_362' title='bbox 909 2017 963 2048; x_wconf 88' lang='lat' dir='ltr'>sed</span> <span class='ocrx_word' id='word_1_363' title='bbox 978 2028 1032 2047; x_wconf 75' lang='lat' dir='ltr'>res</span> <span class='ocrx_word' id='word_1_364' title='bbox 1042 2022 1088 2047; x_wconf 88' lang='lat' dir='ltr'>est</span> <span class='ocrx_word' id='word_1_365' title='bbox 1101 2015 1317 2053; x_wconf 85' lang='lat' dir='ltr'>incertissima,</span> <span class='ocrx_word' id='word_1_366' title='bbox 1334 2021 1365 2045; x_wconf 88' lang='lat' dir='ltr'>et</span> <span class='ocrx_word' id='word_1_367' title='bbox 1385 2014 1464 2045; x_wconf 90' lang='lat' dir='ltr'>nihil</span> <span class='ocrx_word' id='word_1_368' title='bbox 1487 2014 1561 2045; x_wconf 88' lang='lat' dir='ltr'>inde</span> <span class='ocrx_word' id='word_1_369' title='bbox 1582 2013 1631 2044; x_wconf 87' lang='lat' dir='ltr'>lu·</span> 
     </span>
     <span class='ocr_line' id='line_1_66' title="bbox 911 2065 1632 2107; baseline -0.008 -7"><span class='ocrx_word' id='word_1_370' title='bbox 911 2069 1163 2100; x_wconf 60' lang='lat' dir='ltr'>affeceris—et.-</span> <span class='ocrx_word' id='word_1_371' title='bbox 1182 2069 1218 2098; x_wconf 89' lang='lat' dir='ltr'>P.</span> <span class='ocrx_word' id='word_1_372' title='bbox 1235 2073 1270 2099; x_wconf 84' lang='grc' dir='ltr'>Σ.</span> <span class='ocrx_word' id='word_1_373' title='bbox 1285 2074 1390 2107; x_wconf 79' lang='lat' dir='ltr'>atqne;</span> <span class='ocrx_word' id='word_1_374' title='bbox 1407 2067 1525 2096; x_wconf 77' lang='lat' dir='ltr'>caeteris</span> <span class='ocrx_word' id='word_1_375' title='bbox 1539 2065 1632 2095; x_wconf 81' lang='lat' dir='ltr'>deest.</span> 
     </span>
     <span class='ocr_line' id='line_1_67' title="bbox 910 2117 1632 2155; baseline -0.007 -4"><span class='ocrx_word' id='word_1_376' title='bbox 910 2122 1055 2151; x_wconf 76' lang='lat' dir='ltr'>—omm&#39;a</span> <span class='ocrx_word' id='word_1_377' title='bbox 1067 2130 1206 2150; x_wconf 78' lang='lat' dir='ltr'>rursum:</span> <span class='ocrx_word' id='word_1_378' title='bbox 1221 2117 1363 2155; x_wconf 84' lang='lat' dir='ltr'>editores,</span> <span class='ocrx_word' id='word_1_379' title='bbox 1371 2119 1454 2148; x_wconf 79' lang='lat' dir='ltr'>obvia</span> <span class='ocrx_word' id='word_1_380' title='bbox 1467 2127 1575 2152; x_wconf 54' lang='lat' dir='ltr'>cur-stu</span> <span class='ocrx_word' id='word_1_381' title='bbox 1592 2125 1632 2146; x_wconf 85' lang='lat' dir='ltr'>ne</span> 
     </span>
     <span class='ocr_line' id='line_1_68' title="bbox 910 2165 1632 2211; baseline -0.008 -9"><span class='ocrx_word' id='word_1_382' title='bbox 910 2181 976 2202; x_wconf 90' lang='lat' dir='ltr'>uno</span> <span class='ocrx_word' id='word_1_383' title='bbox 991 2170 1119 2211; x_wconf 88' lang='lat' dir='ltr'>quidem</span> <span class='ocrx_word' id='word_1_384' title='bbox 1133 2170 1211 2200; x_wconf 89' lang='lat' dir='ltr'>libro</span> <span class='ocrx_word' id='word_1_385' title='bbox 1225 2169 1423 2209; x_wconf 87' lang='lat' dir='ltr'>suffragante.</span> <span class='ocrx_word' id='word_1_386' title='bbox 1464 2167 1560 2198; x_wconf 87' lang='lat' dir='ltr'>Docti</span> <span class='ocrx_word' id='word_1_387' title='bbox 1573 2165 1632 2196; x_wconf 85' lang='lat' dir='ltr'>sci-</span> 
     </span>
     <span class='ocr_line' id='line_1_69' title="bbox 911 2219 1631 2263; baseline -0.008 -9"><span class='ocrx_word' id='word_1_388' title='bbox 911 2223 992 2259; x_wconf 88' lang='lat' dir='ltr'>licet,</span> <span class='ocrx_word' id='word_1_389' title='bbox 1008 2223 1061 2263; x_wconf 85' lang='lat' dir='ltr'>qui</span> <span class='ocrx_word' id='word_1_390' title='bbox 1071 2222 1209 2252; x_wconf 83' lang='lat' dir='ltr'>Lucretii</span> <span class='ocrx_word' id='word_1_391' title='bbox 1220 2222 1359 2252; x_wconf 86' lang='lat' dir='ltr'>carmina</span> <span class='ocrx_word' id='word_1_392' title='bbox 1369 2225 1566 2257; x_wconf 86' lang='lat' dir='ltr'>curaverunt,</span> <span class='ocrx_word' id='word_1_393' title='bbox 1581 2219 1631 2249; x_wconf 85' lang='lat' dir='ltr'>in-</span> 
     </span>
     <span class='ocr_line' id='line_1_70' title="bbox 909 2271 1634 2315; baseline -0.007 -11"><span class='ocrx_word' id='word_1_394' title='bbox 909 2274 1028 2315; x_wconf 85' lang='lat' dir='ltr'>juriam</span> <span class='ocrx_word' id='word_1_395' title='bbox 1039 2274 1180 2304; x_wconf 85' lang='lat' dir='ltr'>fecerunt</span> <span class='ocrx_word' id='word_1_396' title='bbox 1194 2273 1274 2311; x_wconf 90' lang='lat' dir='ltr'>loco,</span> <span class='ocrx_word' id='word_1_397' title='bbox 1290 2281 1354 2302; x_wconf 91' lang='lat' dir='ltr'>non</span> <span class='ocrx_word' id='word_1_398' title='bbox 1365 2271 1507 2302; x_wconf 88' lang='lat' dir='ltr'>videntes</span> <span class='ocrx_word' id='word_1_399' title='bbox 1520 2280 1634 2300; x_wconf 82' lang='lat' dir='ltr'>venus-</span> 
     </span>
     <span class='ocr_line' id='line_1_71' title="bbox 912 2322 1634 2363; baseline -0.007 -6"><span class='ocrx_word' id='word_1_400' title='bbox 912 2332 1009 2357; x_wconf 86' lang='lat' dir='ltr'>tatem</span> <span class='ocrx_word' id='word_1_401' title='bbox 1031 2325 1251 2363; x_wconf 83' lang='lat' dir='ltr'>translationis,</span> <span class='ocrx_word' id='word_1_402' title='bbox 1271 2331 1303 2355; x_wconf 85' lang='lat' dir='ltr'>et</span> <span class='ocrx_word' id='word_1_403' title='bbox 1323 2335 1450 2355; x_wconf 78' lang='lat' dir='ltr'>currum</span> <span class='ocrx_word' id='word_1_404' title='bbox 1472 2322 1550 2353; x_wconf 88' lang='lat' dir='ltr'>velle</span> <span class='ocrx_word' id='word_1_405' title='bbox 1576 2332 1634 2353; x_wconf 86' lang='lat' dir='ltr'>na-</span> 
     </span>
     <span class='ocr_line' id='line_1_72' title="bbox 914 2376 1362 2413; baseline -0.004 -4"><span class='ocrx_word' id='word_1_406' title='bbox 914 2389 987 2409; x_wconf 83' lang='lat' dir='ltr'>vem.</span> <span class='ocrx_word' id='word_1_407' title='bbox 1014 2377 1068 2407; x_wconf 83' lang='lat' dir='ltr'>sic</span> <span class='ocrx_word' id='word_1_408' title='bbox 1082 2376 1232 2413; x_wconf 80' lang='lat' dir='ltr'>Catullus,</span> <span class='ocrx_word' id='word_1_409' title='bbox 1247 2376 1318 2406; x_wconf 80' lang='lat' dir='ltr'>lxiv.</span> <span class='ocrx_word' id='word_1_410' title='bbox 1333 2380 1362 2407; x_wconf 88' lang='lat'>9.</span> 
     </span>
    </p>
   </div>
   <div class='ocr_carea' id='block_1_22' title="bbox 943 2468 1626 2543">
    <p class='ocr_par' dir='ltr' id='par_1_25' title="bbox 943 2468 1626 2543">
     <span class='ocr_line' id='line_1_73' title="bbox 943 2468 1626 2503; baseline -0.007 -7"><span class='ocrx_word' id='word_1_411' title='bbox 943 2471 1012 2496; x_wconf 78' lang='lat' dir='ltr'>Diva</span> <span class='ocrx_word' id='word_1_412' title='bbox 1024 2471 1118 2503; x_wconf 84' lang='lat' dir='ltr'>quibus</span> <span class='ocrx_word' id='word_1_413' title='bbox 1129 2471 1246 2496; x_wconf 81' lang='lat' dir='ltr'>retinens</span> <span class='ocrx_word' id='word_1_414' title='bbox 1255 2470 1283 2494; x_wconf 79' lang='lat' dir='ltr'>in</span> <span class='ocrx_word' id='word_1_415' title='bbox 1294 2469 1406 2495; x_wconf 82' lang='lat' dir='ltr'>summis</span> <span class='ocrx_word' id='word_1_416' title='bbox 1416 2468 1524 2493; x_wconf 86' lang='lat' dir='ltr'>urbibus</span> <span class='ocrx_word' id='word_1_417' title='bbox 1535 2472 1626 2497; x_wconf 74' lang='lat' dir='ltr'>arces,</span> 
     </span>
     <span class='ocr_line' id='line_1_74' title="bbox 944 2509 1555 2543; baseline -0.008 -7"><span class='ocrx_word' id='word_1_418' title='bbox 944 2513 1002 2543; x_wconf 83' lang='lat' dir='ltr'>Ipsa</span> <span class='ocrx_word' id='word_1_419' title='bbox 1013 2511 1066 2537; x_wconf 81' lang='lat' dir='ltr'>levi</span> <span class='ocrx_word' id='word_1_420' title='bbox 1075 2510 1141 2536; x_wconf 81' lang='lat' dir='ltr'>fecit</span> <span class='ocrx_word' id='word_1_421' title='bbox 1150 2511 1311 2536; x_wconf 83' lang='lat' dir='ltr'>volitantem</span> <span class='ocrx_word' id='word_1_422' title='bbox 1322 2509 1430 2534; x_wconf 88' lang='lat' dir='ltr'>flamine</span> <span class='ocrx_word' id='word_1_423' title='bbox 1441 2513 1555 2532; x_wconf 82' lang='lat' dir='ltr'>currum.</span> 
     </span>
    </p>
   </div>
   <div class='ocr_carea' id='block_1_23' title="bbox 914 2590 1641 2937">
    <p class='ocr_par' dir='ltr' id='par_1_26' title="bbox 916 2590 1641 2788">
     <span class='ocr_line' id='line_1_75' title="bbox 916 2590 1637 2633; baseline -0.004 -9"><span class='ocrx_word' id='word_1_424' title='bbox 916 2592 968 2624; x_wconf 83' lang='lat' dir='ltr'>Sic</span> <span class='ocrx_word' id='word_1_425' title='bbox 995 2593 1109 2629; x_wconf 78' lang='lat' dir='ltr'>Graeci,</span> <span class='ocrx_word' id='word_1_426' title='bbox 1140 2593 1210 2626; x_wconf 69' lang='grc' dir='ltr'>ἅλας</span> <span class='ocrx_word' id='word_1_427' title='bbox 1236 2592 1331 2627; x_wconf 63' lang='grc' dir='ltr'>ἵπποι,</span> <span class='ocrx_word' id='word_1_428' title='bbox 1358 2592 1438 2633; x_wconf 69' lang='grc' dir='ltr'>ἅρμα</span> <span class='ocrx_word' id='word_1_429' title='bbox 1465 2590 1637 2625; x_wconf 59' lang='lat' dir='ltr'>Samene,</span> 
     </span>
     <span class='ocr_line' id='line_1_76' title="bbox 917 2641 1633 2682; baseline -0.008 -6"><span class='ocrx_word' id='word_1_430' title='bbox 917 2652 1026 2678; x_wconf 66' lang='grc' dir='ltr'><strong><em>πλωτη</em></strong></span> <span class='ocrx_word' id='word_1_431' title='bbox 1043 2657 1150 2682; x_wconf 65' lang='grc' dir='ltr'><strong>απηνη,</strong></span> <span class='ocrx_word' id='word_1_432' title='bbox 1173 2650 1204 2674; x_wconf 86' lang='lat' dir='ltr'>et</span> <span class='ocrx_word' id='word_1_433' title='bbox 1225 2642 1406 2679; x_wconf 85' lang='lat' dir='ltr'>consimilia,</span> <span class='ocrx_word' id='word_1_434' title='bbox 1429 2641 1468 2672; x_wconf 89' lang='lat' dir='ltr'>de</span> <span class='ocrx_word' id='word_1_435' title='bbox 1488 2641 1633 2671; x_wconf 79' lang='lat' dir='ltr'>navibus.-</span> 
     </span>
     <span class='ocr_line' id='line_1_77' title="bbox 916 2692 1641 2727; baseline -0.01 0"><span class='ocrx_word' id='word_1_436' title='bbox 916 2707 974 2727; x_wconf 91' lang='lat' dir='ltr'>nos</span> <span class='ocrx_word' id='word_1_437' title='bbox 989 2697 1075 2727; x_wconf 88' lang='lat' dir='ltr'>enirn</span> <span class='ocrx_word' id='word_1_438' title='bbox 1096 2695 1170 2726; x_wconf 89' lang='lat' dir='ltr'>alibi</span> <span class='ocrx_word' id='word_1_439' title='bbox 1192 2696 1226 2726; x_wconf 89' lang='lat' dir='ltr'>in</span> <span class='ocrx_word' id='word_1_440' title='bbox 1249 2695 1298 2726; x_wconf 84' lang='lat' dir='ltr'>his</span> <span class='ocrx_word' id='word_1_441' title='bbox 1319 2692 1548 2726; x_wconf 83' lang='lat' dir='ltr'>commentariis</span> <span class='ocrx_word' id='word_1_442' title='bbox 1569 2700 1641 2721; x_wconf 86' lang='lat' dir='ltr'>rem</span> 
     </span>
     <span class='ocr_line' id='line_1_78' title="bbox 919 2748 1089 2788; baseline 0 -10"><span class='ocrx_word' id='word_1_443' title='bbox 919 2748 1089 2788; x_wconf 67' lang='lat' dir='ltr'>attigimus</span> 
     </span>
    </p>

    <p class='ocr_par' dir='ltr' id='par_1_27' title="bbox 914 2794 1640 2937">
     <span class='ocr_line' id='line_1_79' title="bbox 960 2794 1640 2840; baseline -0.012 -10"><span class='ocrx_word' id='word_1_444' title='bbox 960 2800 1035 2830; x_wconf 90' lang='lat' dir='ltr'>Ver.</span> <span class='ocrx_word' id='word_1_445' title='bbox 1050 2803 1100 2830; x_wconf 85' lang='lat'>48.</span> <span class='ocrx_word' id='word_1_446' title='bbox 1112 2799 1276 2840; x_wconf 67' lang='lat' dir='ltr'>florerent.-</span> <span class='ocrx_word' id='word_1_447' title='bbox 1299 2799 1359 2829; x_wconf 90' lang='lat' dir='ltr'>hoc</span> <span class='ocrx_word' id='word_1_448' title='bbox 1381 2794 1578 2828; x_wconf 85' lang='lat' dir='ltr'>arbitrarium</span> <span class='ocrx_word' id='word_1_449' title='bbox 1592 2797 1640 2823; x_wconf 82' lang='lat' dir='ltr'>est</span> 
     </span>
     <span class='ocr_line' id='line_1_80' title="bbox 914 2847 1636 2892; baseline -0.011 -11"><span class='ocrx_word' id='word_1_450' title='bbox 914 2861 953 2882; x_wconf 86' lang='lat' dir='ltr'>ex</span> <span class='ocrx_word' id='word_1_451' title='bbox 967 2851 1153 2892; x_wconf 60' lang='lat' dir='ltr'>conjectura,</span> <span class='ocrx_word' id='word_1_452' title='bbox 1167 2856 1203 2880; x_wconf 86' lang='lat' dir='ltr'>ut</span> <span class='ocrx_word' id='word_1_453' title='bbox 1216 2857 1300 2881; x_wconf 86' lang='lat' dir='ltr'>recto</span> <span class='ocrx_word' id='word_1_454' title='bbox 1313 2849 1376 2880; x_wconf 86' lang='lat' dir='ltr'>talo</span> <span class='ocrx_word' id='word_1_455' title='bbox 1390 2853 1449 2879; x_wconf 88' lang='lat' dir='ltr'>stet</span> <span class='ocrx_word' id='word_1_456' title='bbox 1462 2847 1636 2887; x_wconf 86' lang='lat' dir='ltr'>figurarum</span> 
     </span>
     <span class='ocr_line' id='line_1_81' title="bbox 915 2897 1640 2937; baseline -0.014 -2"><span class='ocrx_word' id='word_1_457' title='bbox 915 2903 1123 2936; x_wconf 83' lang='lat' dir='ltr'>concinnitas:</span> <span class='ocrx_word' id='word_1_458' title='bbox 1150 2903 1188 2935; x_wconf 91' lang='lat' dir='ltr'>P.</span> <span class='ocrx_word' id='word_1_459' title='bbox 1203 2902 1244 2934; x_wconf 90' lang='lat' dir='ltr'>V.</span> <span class='ocrx_word' id='word_1_460' title='bbox 1269 2902 1317 2935; x_wconf 89' lang='lat' dir='ltr'>ed.</span> <span class='ocrx_word' id='word_1_461' title='bbox 1344 2902 1382 2936; x_wconf 85' lang='lat' dir='ltr'>B.</span> <span class='ocrx_word' id='word_1_462' title='bbox 1406 2900 1445 2932; x_wconf 89' lang='lat' dir='ltr'>L.</span> <span class='ocrx_word' id='word_1_463' title='bbox 1465 2899 1514 2931; x_wconf 88' lang='lat' dir='ltr'>M.</span> <span class='ocrx_word' id='word_1_464' title='bbox 1539 2897 1579 2928; x_wconf 93' lang='grc' dir='ltr'>Ο.</span> <span class='ocrx_word' id='word_1_465' title='bbox 1602 2899 1640 2937; x_wconf 54' lang='grc' dir='ltr'>Δ,</span> 
     </span>
    </p>
   </div>
  </div>
 </body>
</html>
