1926 3224
445 278 795 327 SPECIMEN
830 278 1475 329 CONJECTURARUM.

214 410 374 447 cientibus,
389 409 439 440 vel
452 408 692 449 applicantibu53
708 410 748 441 de
762 410 873 441 mediae
883 421 937 442 vo-

215 461 258 491 cis
281 461 431 502 exquisita
454 468 612 500 potoetate.
656 462 814 500 Davisius,
833 468 869 493 ut
883 462 937 492 alii

214 524 334 553 omnes,
350 516 430 546 hanc
441 525 507 545 rem
521 516 653 546 minime
667 515 858 555 exploratam
881 516 936 545 ha-

213 567 300 604 bens,
323 566 492 598 dictionem
514 566 699 607 ejiciendam
724 577 788 597 esse
818 567 935 597 statuit.

215 618 327 659 Neque
350 618 396 648 vir
420 618 616 649 doctissimus
644 628 676 648 se
705 617 937 648 tolerantiorem

212 668 355 708 praestitit
380 682 421 709 τῳ
442 671 549 700 calore.
595 668 766 704 Nimirum,
797 668 937 699 clausula

212 720 257 751 sic
285 721 408 751 rescribi
436 720 611 751 debet:—“
627 726 658 750 et
686 719 773 750 idem
799 719 935 750 vicissim

211 771 394 802 “mollitur
421 770 710 808 sTUPEFACTus,''
742 771 777 812 (i.
800 781 825 800 e.
851 777 934 810 post-

212 831 307 862 quam
322 821 481 862 riguerit3)
506 825 528 840 “
545 827 576 851 et
589 821 718 851 tabescit
731 820 862 852 calore.''
884 821 935 852 Ita

214 872 343 910 Statim,
353 873 452 903 Theb.
468 873 508 902 ix.
524 875 595 904 529.

242 957 348 989 Quique
357 957 405 981 sub
417 962 496 982 amne
507 956 552 981 diu
562 956 659 988 stupuit
669 962 757 986 cruor,
768 956 829 982 εἶτε
839 956 911 981 nudo

244 996 402 1021 Solvitur—.

213 1078 320 1110 Adeas
334 1077 570 1118 porro'Anthol.
585 1077 652 1108 Lat.
668 1077 712 1108 iii.
727 1081 796 1109 167.
809 1081 840 1108 5.
859 1078 933 1109 Val.

214 1131 302 1161 Max.
317 1141 345 1161 v.
363 1134 389 1160 1.
405 1136 464 1160 ext.
482 1133 509 1160 1.
531 1136 567 1160 ut
593 1129 668 1160 alios
682 1130 798 1161 multos
812 1136 935 1170 praetcr-

213 1181 345 1212 mittam.

257 1244 305 1270 11.
330 1239 390 1269 Ille
415 1238 531 1269 Statius
555 1240 611 1269 hos
626 1239 768 1279 excipiat,
793 1239 866 1270 ibid.
882 1239 934 1271 xii.

212 1293 285 1320 514.

243 1374 372 1404 Primum,
383 1381 431 1405 per
441 1380 548 1406 campos
558 1374 645 1400 infuso
656 1375 766 1405 lumine,
774 1375 872 1407 pallam

243 1413 367 1446 eonjugis
378 1414 432 1446 ipsa
442 1420 501 1439 suos
512 1415 598 1439 noscit
609 1415 758 1441 miseranda
768 1414 879 1445 labores,

1011 418 1139 450 Quamvis
1149 420 1229 443 texta
1239 418 1335 449 latent,
1342 418 1492 449 suffusaque
1498 418 1625 449 sanguine
1631 425 1700 445 moe-

1103 459 1144 481 ret

1011 498 1167 528 Purpura—.

980 578 1062 608 Haec
1077 588 1140 617 prae
1161 588 1193 608 se
1208 578 1314 608 ferunt
1327 578 1467 608 sanitatis
1481 578 1626 617 speciem,
1649 579 1703 609 sed

980 630 1013 661 in
1028 632 1137 661 morbo
1151 631 1268 660 cubant
1281 636 1396 666 tamen,
1412 630 1456 660 sic
1470 630 1656 662 amovendo:

1201 720 1352 752 suffusaque
1360 722 1499 753 sanguine,
1513 725 1637 746 nauel-:T

1039 761 1195 791 Purpura—.

978 841 1043 877 Qui
1058 842 1248 874 consuluerit
1262 843 1334 875 Val.
1347 844 1447 876 Flacc.
1461 845 1481 876 i.
1493 849 1564 877 427.
1589 847 1701 879 Avien.

977 893 1065 923 Arat.
1087 897 1158 925 255.
1183 897 1253 925 845.
1278 895 1427 926 Prudent.
1450 899 1552 936 apoth.
1575 902 1646 930 480.
1671 906 1703 930 et

975 955 1046 986 quae
1072 955 1129 976 nos
1158 947 1350 978 contulimus
1374 949 1407 979 in
1432 950 1504 980 Silv.
1534 950 1608 982 Crit.
1632 959 1704 983 sect.

976 997 1058 1028 xciii.
1074 1004 1104 1028 et
1119 1004 1193 1029 tom.
1209 1009 1235 1029 v.
1251 1010 1279 1039 p.
1297 1003 1346 1031 75.
1362 1011 1426 1031 non
1441 1001 1570 1032 dubiam
1581 1005 1702 1035 vocabit

977 1049 1243 1089 emendationem;
1272 1052 1414 1083 animoso
1443 1054 1533 1092 pocta
1561 1054 1700 1095 dignam.

979 1100 1204 1143 Παρατραγῳδα
1219 1109 1304 1141 sunt,
1319 1114 1389 1144 quae
1403 1104 1498 1145 vulgo
1513 1105 1636 1136 dantur.

982 1150 1042 1181 Sed
1057 1151 1142 1182 enim
1156 1162 1207 1182 me
1222 1154 1400 1184 chartarum
1415 1155 1530 1186 limites
1544 1163 1697 1188 coartant:

978 1204 1027 1233 sin
1042 1210 1148 1235 autem
1162 1207 1229 1237 haec
1243 1207 1309 1243 tibi,
1324 1207 1431 1240 lector!
1449 1209 1577 1240 salivam
1592 1222 1698 1242 move-

977 1261 1043 1293 ant,
1073 1261 1166 1286 tuum
1188 1262 1234 1287 est
1255 1258 1378 1289 infinita
1398 1260 1468 1296 alia,
1498 1271 1562 1291 non
1591 1263 1698 1293 minus

977 1307 1157 1345 probabilia,
1179 1308 1242 1348 qua
1258 1309 1391 1346 Graecos,
1415 1311 1476 1352 qua
1501 1312 1641 1349 Latinos,
1665 1324 1697 1344 e-

977 1357 1174 1397 mundanfia,
1188 1361 1324 1402 benigno
1338 1363 1510 1402 patrocinio
1524 1364 1563 1396 de
1578 1365 1698 1396 scriniis

977 1407 1094 1439 elicere.
1139 1409 1235 1443 Vale!
