1926 3224
266 225 357 268 162

768 223 828 270 T.
879 221 1257 270 LUCRETII

406 352 629 394 Missilibus
649 350 770 400 saxis,
793 357 833 390 et
852 363 1005 406 magno
1024 349 1209 404 pondere
1228 349 1372 400 clavae;

406 425 621 480 Multaque
639 423 871 473 vincebant,
897 423 1082 465 vitabant
1100 439 1231 479 pauca
1249 424 1426 465 latebris:

409 497 682 554 Setigerisque
700 511 819 551 pares
839 496 962 538 subus
982 497 1254 553 sylvestribus,
1276 497 1460 540 membra

405 570 631 612 Nudabant
649 578 785 621 terrae,
806 578 1011 612 nocturno
1031 579 1216 626 tempore
1236 572 1383 626 captei‚

292 646 374 685 970
407 644 576 686 Circum
596 659 637 685 se
655 643 773 694 foliis,
796 660 843 685 ac
862 644 1090 695 fraudibus,
1112 646 1374 687 involuentes.

462 717 551 758 Nec
569 717 767 773 plangore
787 717 895 758 diem
916 732 1084 774 magno,
1106 718 1326 774 solemque,
1347 733 1421 773 per
1440 733 1560 776 agros

405 791 676 841 Quaerebant‚
697 790 857 845 pavidei
877 791 1058 846 palantes
1078 792 1208 833 noctis
1228 793 1271 833 in
1291 792 1447 834 umbris
1453 811 1467 843 ς

406 865 488 906 Sed
507 865 643 906 tacitei
663 865 959 920 respectabant,
981 881 1206 923 somnoque
1228 867 1411 922 sepultei‚

260 1023 297 1049 ut
312 1017 396 1057 alibi,
419 1028 492 1050 cum
509 1019 634 1058 Ovidio,
656 1025 732 1051 met.
748 1031 777 1052 x.
794 1024 866 1053 549.

303 1070 377 1101 Ver.
394 1074 465 1102 969.
488 1072 672 1103 Nudabant:
701 1073 818 1112 po'eltice
840 1083 896 1112 pro
910 1073 978 1103 vul-

258 1121 328 1162 gari
351 1123 450 1153 Nuda
467 1124 649 1162 praebebant,
672 1123 721 1154 vel
743 1126 872 1162 dabant;
896 1125 979 1165 quod

257 1172 392 1203 editores
414 1173 677 1213 impudentissimi
703 1174 849 1205 Lucretio
873 1177 977 1206 obtru-

257 1229 377 1261 serunt,
399 1224 485 1255 libris
500 1226 661 1264 universis,
683 1225 900 1267 indignissime
914 1227 977 1257 fac-

257 1274 345 1305 tum!
370 1274 621 1315 reclamantibus,
644 1282 675 1306 et
689 1286 814 1307 summo
828 1287 979 1308 consensu

257 1330 397 1355 nostram
426 1325 594 1356 dictionem
620 1327 854 1358 ostentantibus.
891 1328 980 1358 Hinc

257 1380 365 1404 autem
380 1375 483 1405 statim
497 1375 703 1406 animadverti
715 1376 884 1416 Virgilium
899 1384 980 1408 recte

256 1425 522 1461 constituendum,
548 1432 580 1456 et
600 1425 720 1456 codices
741 1426 980 1466 adstipulantur,

255 1474 290 1505 in
305 1485 373 1515 geo.
391 1475 421 1505 ii.
438 1479 509 1506 551.

284 1548 457 1580 Corporaque
466 1550 563 1582 agresti
573 1550 655 1575 nudat
666 1551 791 1583 praedura
799 1552 935 1584 palaelfrae.

255 1604 375 1646 Vulgo,
400 1606 560 1646 paloestrc‘i,
584 1614 614 1638 et
636 1611 774 1640 nudant:
799 1609 853 1640 sed
878 1612 975 1640 nudat

254 1656 413 1687 mordicus
428 1663 562 1696 teneam,
586 1669 685 1699 quum
706 1660 746 1690 sit
763 1660 896 1699 doctius,
920 1671 977 1691 nec

252 1708 468 1739 tenuissimam
497 1710 623 1750 quidem
652 1712 786 1750 speciem
821 1713 978 1753 ambiguae

255 1759 496 1790 constructionis
510 1771 573 1799 prae
588 1772 621 1791 se
635 1761 722 1793 ferat.
746 1765 854 1803 Atque
864 1764 896 1793 in
911 1773 976 1793 cer-

253 1809 379 1840 tissimis
394 1816 439 1840 est
461 1812 636 1842 maximum
657 1814 781 1852 poetam
803 1824 866 1845 non
889 1815 976 1846 aliter

254 1860 422 1900 scripsisse,
445 1862 484 1892 ad
503 1863 576 1894 AEn.
592 1874 618 1894 v.
635 1868 706 1896 586.

346 1938 378 1962 Et
389 1943 461 1963 nunc
472 1942 547 1970 terga
560 1941 632 1972 Fuge
642 1941 812 1967 nudant—.

255 1993 290 2023 Si
305 1994 426 2026 codices
441 1997 684 2035 praestantissimi
706 2009 772 2029 non
787 1998 974 2035 addicerent,

254 2045 371 2076 Siliana
398 2047 542 2086 imitatio,
565 2055 596 2078 et
623 2050 801 2089 exemplum
827 2051 976 2089 Lucretii,

251 2107 307 2136 per
323 2108 354 2127 se
370 2108 437 2128 rem
452 2099 635 2130 evincerent.
675 2101 793 2142 Vulgo,
797 2101 901 2142 ficgfl:
929 2103 974 2132 vi-

251 2146 325 2177 deas
341 2148 511 2179 Heinsium
528 2156 561 2180 et
576 2151 805 2182 Burmannutn.
847 2153 905 2182 Est
919 2163 973 2183 au-

251 2203 316 2227 tem
331 2200 555 2239 prosopopoeia3
571 2201 659 2241 quasi
672 2202 789 2232 scilicet
803 2205 895 2242 Fuga
912 2203 976 2233 suis

251 2250 350 2280 oculis
364 2251 451 2282 nuda
465 2259 552 2294 terga
566 2260 714 2285 cerneret.
755 2255 848 2291 Quod
864 2261 974 2286 notan-

252 2299 330 2331 dum
347 2302 465 2333 sedulo.

294 2352 375 2383 Ibid.
398 2357 514 2394 captei:
533 2355 552 2386 i.
564 2366 590 2386 e.
608 2356 731 2396 irretiti,
747 2359 859 2397 prensi,
874 2365 973 2389 trans-

251 2402 367 2434 latione
392 2414 429 2434 ex
466 2405 604 2437 ferarum
632 2414 746 2438 venatu
773 2409 911 2449 sumptim
939 2417 974 2440 ut

253 2453 399 2486 Donatus
415 2456 454 2487 ad
469 2457 608 2489 Terentii
626 2460 711 2491 And.
726 2460 747 2491 i.
763 2464 790 2491 1.
806 2464 855 2492 55.

282 2520 396 2551 Egomet
408 2523 537 2548 continuo
548 2531 675 2550 mecum:
692 2526 773 2551 Certe
785 2529 872 2559 captus
882 2527 938 2552 est!

252 2581 320 2613 Nos
348 2584 481 2616 dicimus
508 2587 659 2625 similiter,
697 2590 872 2629 Overtaken,
905 2600 971 2621 sur-

251 2634 365 2672 prised.

295 2687 369 2718 Ver.
385 2692 456 2720 970.
478 2701 508 2720 se
519 2691 613 2732 soliis
629 2694 827 2725 involuentes:
853 2694 919 2726 redi
933 2694 973 2725 ad

254 2748 313 2768 ver.
332 2742 402 2769 954.
419 2741 580 2773 Homerus
593 2744 722 2775 ibidem:

328 2809 377 2837 Ὠς
389 2811 492 2840 Οὸπευς
504 2819 612 2846 φυλλοισι
624 2817 853 2849 καλυψατο-.

251 2876 295 2907 Et
305 2878 453 2910 vocabula
477 2882 596 2914 Circum
612 2886 789 2918 involaeentes
805 2886 967 2917 Vitruvius

1022 1021 1195 1061 conjunxit,
1218 1031 1247 1051 x.
1266 1024 1380 1051 11.—“
1396 1031 1435 1051 ex
1455 1020 1564 1052 ordine
1585 1021 1742 1062 progredi-

1022 1076 1045 1091 “
1061 1083 1127 1109 ens,
1144 1071 1267 1112 singula
1281 1077 1399 1110 puncta
1413 1072 1628 1110 praetereundo
1636 1078 1668 1102 et
1681 1075 1743 1103 cir-

1024 1126 1047 1142 “
1063 1121 1340 1154 cuminvolvenclo.‘’

1065 1180 1136 1211 Ver.
1161 1184 1231 1213 971.
1259 1180 1467 1217 Quorundam
1489 1180 1745 1222 philosophorum

1022 1231 1184 1271 opiniones
1218 1232 1268 1262 hic
1293 1232 1415 1262 videtur
1449 1232 1493 1262 ire
1527 1239 1745 1273 oppugnatum

1022 1289 1125 1314 noster
1130 1296 1139 1321 ;
1162 1294 1218 1322 pro
1235 1284 1347 1324 quibus
1361 1289 1598 1324 argumentatur
1613 1283 1744 1314 Manili-

1023 1346 1060 1365 us
1075 1345 1138 1364 non
1154 1335 1326 1373 invenuste,
1351 1334 1386 1365 in
1407 1336 1427 1365 i.
1451 1339 1501 1366 66.
1522 1335 1562 1366 ad
1576 1336 1661 1366 hunc
1675 1345 1742 1366 mo-

1023 1385 1113 1416 dum:

1054 1470 1120 1493 Nam
1133 1469 1203 1493 rudis
1214 1472 1276 1494 ante
1287 1469 1343 1493 illos
1354 1469 1428 1494 nullo
1438 1468 1590 1495 discrimine
1600 1469 1656 1494 vita

1054 1508 1083 1531 In
1094 1508 1209 1539 speciem
1221 1514 1347 1533 conversa
1359 1515 1470 1540 operum
1482 1508 1584 1534 ratione
1595 1509 1717 1540 carebat;

1052 1547 1084 1570 Et
1094 1547 1247 1578 stupefacta
1259 1554 1330 1571 novo
1342 1547 1474 1579 pendebat
1486 1547 1588 1572 lumine
1598 1548 1704 1578 mundi,

1050 1586 1138 1614 Tum,
1148 1586 1223 1610 velut
1231 1586 1340 1615 amissis,
1350 1592 1480 1617 moerens,
1491 1589 1551 1611 tum
1561 1587 1626 1612 laeta
1635 1587 1742 1617 renatis,

1051 1624 1253 1648 Sideribus—.

1022 1697 1127 1733 Quam
1153 1698 1338 1728 sententiam
1365 1698 1492 1737 Statius,
1518 1699 1538 1730 l.
1564 1710 1589 1730 c.
1617 1699 1657 1731 ad
1680 1710 1740 1731 ver.

1021 1751 1091 1779 957.
1121 1759 1222 1787 supra,
1253 1748 1429 1789 eloquentia
1452 1761 1531 1789 pene
1554 1751 1741 1782 Luci-etiami

1019 1807 1196 1838 persecutus
1211 1806 1272 1837 est3
1294 1801 1379 1831 haud
1400 1801 1494 1832 dubie
1515 1812 1661 1832 versuum
1682 1812 1740 1832 no-

1018 1851 1251 1889 bilissimorum,
1270 1853 1457 1891 quibuscum
1472 1863 1556 1884 nunc
1570 1863 1739 1893 versamur,

1020 1902 1154 1933 aemulati
1158 1913 1217 1933 one
1232 1904 1414 1934 concitatus:

1049 1991 1081 2014 lli
1092 1991 1157 2016 lucis
1168 1991 1297 2022 stupuisse
1308 1992 1389 2021 vices,
1403 1993 1542 2023 noctisque
1552 1993 1678 2018 feruntur

1050 2031 1157 2061 Nubila;
1176 2035 1214 2061 et,
1225 2032 1368 2056 occiduum
1380 2033 1460 2064 longe
1471 2033 1570 2057 Titana
1581 2035 1677 2063 secuti,

1048 2071 1202 2102 Desperasse
1213 2070 1354 2095 diem—-

1019 2145 1082 2175 Ubi
1105 2151 1189 2175 vasta
1213 2145 1332 2175 Barthii
1355 2145 1488 2176 eruditio
1510 2156 1567 2176 nec
1585 2153 1736 2184 nostrum,

1018 2206 1075 2227 nec
1091 2197 1270 2233 Manilium,
1292 2197 1543 2228 immemoratum
1559 2198 1689 2230 transiit.

1062 2247 1142 2278 Ibid.
1163 2249 1309 2288 plangore
1324 2260 1445 2288 magno.
1482 2248 1531 2279 Sic
1545 2249 1646 2284 Maro,
1662 2250 1735 2281 AEn.

1017 2297 1055 2328 iv.
1073 2301 1146 2328 668.

1224 2392 1330 2415 resonat
1341 2390 1439 2421 magnit
1446 2390 1608 2422 plangor-ibus
1618 2391 1713 2417 :ether-

1015 2461 1069 2492 Ad
1084 2471 1178 2502 quem
1193 2471 1315 2492 versum
1330 2461 1459 2501 proinde
1474 2463 1635 2494 varietates
1647 2465 1732 2494 clan-

1010 2516 1145 2553 goribus,
1161 2515 1347 2548 clamoribus,
1369 2521 1444 2544 sunt
1457 2513 1549 2544 nihili
1563 2515 1721 2546 faciendae.

1058 2568 1131 2599 Ver.
1149 2572 1219 2601 972.
1243 2570 1352 2600 Solent
1373 2570 1506 2601 editores
1521 2571 1679 2608 ὑπαστιζειν
1693 2570 1733 2600 ad

1019 2619 1215 2657 Quaerebant‚·
1238 2620 1294 2651 sed
1317 2635 1350 2652 era
1370 2624 1480 2661 pavidi
1502 2620 1590 2651 nobis
1611 2620 1732 2650 videtur

1015 2670 1208 2703 imbecillum
1220 2679 1250 2703 et
1261 2683 1486 2713 supervacuum
1496 2681 1568 2703 cum
1574 2673 1730 2711 plangore,

1015 2722 1172 2763 signatum
1187 2735 1259 2755 vero
1281 2731 1374 2765 atque
1388 2729 1616 2764 pervenustum,
1642 2723 1668 2752 si
1683 2733 1729 2753 re-

1013 2773 1120 2805 tuleris
1144 2775 1183 2805 ad
1212 2778 1361 2816 palantes.
1406 2773 1567 2814 Virgilius,
1597 2773 1671 2804 AEn.
1698 2774 1729 2805 ii.

1013 2828 1084 2857 489.

1040 2901 1112 2924 'rum
1123 2901 1233 2931 pavida·
1243 2901 1319 2927 tectis
1330 2903 1428 2926 matres
1439 2900 1589 2933 ingentibus
1600 2904 1694 2925 errant.
