1926 3224
284 222 380 261 334

770 210 831 258 T.
889 208 1264 258 LUCRETII

487 342 610 385 Nunc
629 355 720 397 age,
743 340 910 380 Averna
929 338 1002 380 tibi
1022 352 1115 393 quae
1135 337 1216 383 sint
1234 337 1324 379 loca
1343 352 1550 395 quomque
1566 339 1770 396 lacusque,

430 416 680 471 Expediam;
713 411 823 468 quali
845 410 991 453 natur-‘⁸³
1012 410 1186 466 praedita
1205 419 1403 454 constent.

318 492 400 531 740
489 487 715 542 Principio,
737 485 849 541 quod
871 485 1037 526 Averna
1056 493 1255 526 vocantur
1275 486 1457 535 nomine,
1477 485 1521 526 id
1541 485 1593 528 ab
1612 501 1657 528 re

432 562 663 618 Inpositum
684 567 758 610 est,
780 560 877 615 quia
896 568 991 602 sunt
1011 559 1152 602 avibus
1171 560 1376 601 contraria
1396 560 1566 610 cunctis,

435 636 472 677 E
493 636 661 692 regione
679 650 729 676 ea
747 633 859 690 quod
879 633 968 675 loca
987 648 1112 690 quom
1132 649 1279 676 venere
1297 633 1493 684 volantes,

285 810 375 839 gens,·
395 804 429 831 A.
443 801 558 840 nigeis;
579 803 612 831 Σ.
629 805 746 838 autem,
765 801 845 830 nives
850 815 860 836 ,-
877 808 915 829 ex
931 799 1012 839 glos-

289 857 398 882 satore.

333 909 416 940 Ibid.
438 911 522 940 albas
536 911 676 949 ningues.
720 909 786 939 Vix
801 909 834 939 in
849 909 944 939 dubio
959 916 1014 946 est,

287 960 367 1002 quin
385 961 484 991 Carus
500 959 747 999 pulcherrimum
770 969 895 990 carmen
921 960 1015 990 Euri-

291 1011 385 1052 pidis',
400 1011 467 1042 init.
492 1010 637 1047 Helenae,
653 1011 687 1041 in
701 1010 806 1041 animo
821 1011 959 1042 haberet:

368 1098 444 1122 Νειλυ
453 1105 498 1129 μεν
509 1095 564 1122 αἵδε
574 1095 765 1131 καλλιπαρθενω
777 1096 840 1130 bom·

367 1143 422 1173 Ὃς,
434 1153 490 1169 am
503 1143 559 1171 διας
570 1143 707 1175 ψακαὸος,
722 1144 841 1173 Atym-vu
851 1142 930 1173 πεὸον,

370 1191 465 1220 Λευκῆς
477 1199 596 1219 vasco-⁹15
607 1200 695 1224 χιονος,
707 1190 812 1225 hypocrisi
824 1200 896 1221 yuoeg.

291 1273 608 1315 Elegantissimorum
622 1281 777 1307 versuum,
793 1276 878 1301 extra
892 1274 1015 1300 contro-

291 1326 424 1356 versiam
434 1326 495 1356 levi
503 1335 606 1356 errore
617 1324 753 1365 quodam
763 1323 1020 1359 deformatorum‚

292 1376 426 1407 nitidam
441 1375 663 1412 desideramus,
673 1384 709 1404 ac
718 1373 853 1410 facilem,
869 1373 1017 1403 emenda-

290 1428 419 1459 tionem.
453 1428 628 1457 Doctorum
643 1425 816 1456 tentamina
829 1425 936 1454 minus
950 1424 1015 1464 pla-

292 1486 377 1517 cent,
403 1485 433 1509 et
448 1483 570 1509 nosmet
584 1487 693 1509 sumus
706 1482 877 1508 conatuum
892 1486 1017 1516 prorsus

291 1530 440 1561 infelices.

336 1590 410 1620 Ver.
438 1591 508 1621 737.
536 1590 682 1630 Tabificis
706 1590 824 1619 radiis.-
856 1587 1019 1629 regredere

292 1640 333 1671 ad
355 1641 375 1671 i.
394 1644 465 1671 806.

338 1702 412 1732 Ver.
429 1705 500 1734 758.
517 1703 638 1734 Averna
655 1703 727 1733 libi:
747 1702 789 1732 V.
807 1701 854 1732 ed.
870 1713 1019 1733 avernen·

293 1755 504 1785 tibus—sint:
530 1753 567 1784 P.
584 1754 624 1783 V.
639 1753 688 1783 ed.
702 1760 784 1784 sunt.

338 1813 420 1844 Ibid.
444 1815 565 1845 Averna
581 1815 647 1844 loca
661 1816 813 1854 lacusque.
860 1814 933 1844 Sine
948 1815 1019 1844 sub-

296 1865 431 1896 stantivo
458 1875 567 1895 vocem
592 1866 697 1905 posuit
723 1866 928 1902 Mantuanus,
945 1866 1019 1896 AEn.

295 1917 338 1947 iii.
354 1920 428 1946 442.

327 1997 492 2028 Divinosque
501 1997 583 2027 lacus,
593 1999 620 2022 et
633 1998 754 2027 Averna,
763 1997 888 2032 sonantia·
895 1997 988 2029 syivis:

297 2065 352 2097 ubi
367 2075 432 2096 non
444 2065 604 2105 poenitebit
618 2072 649 2096 te
664 2066 855 2096 consuluisse
871 2066 1021 2096 Servium.

339 2117 415 2147 Ver.
432 2120 503 2148 740.
524 2119 622 2157 quod:
642 2117 775 2153 Nonius,
791 2118 810 2148 i.
827 2121 876 2148 46.
892 2120 1021 2158 quidem.

297 2172 479 2200 —nomine:
505 2169 548 2200 sic
577 2169 666 2200 docte
696 2176 726 2200 et
748 2170 907 2210 exquisite,
930 2170 1023 2211 longe

297 2220 454 2261 longeque
478 2230 571 2260 supra
595 2220 738 2261 vulgares
761 2231 868 2251 sensus
884 2221 1022 2251 librario-

297 2281 380 2308 rum,
397 2271 438 2302 V.
455 2271 505 2302 ed.
519 2271 557 2302 Ο.
575 2276 609 2303 Σ.
628 2278 672 2302 Ω..
687 2272 801 2309 caeteri,
816 2283 932 2303 nomen.
965 2272 1023 2307 Sic,

298 2322 426 2364 egregio
440 2333 513 2354 cum
524 2323 654 2353 artificio
668 2323 702 2353 in
717 2324 804 2354 tenui
815 2334 847 2354 re
859 2334 891 2354 se
902 2334 1025 2365 gerens,

297 2374 464 2416 Virgilius,
482 2375 556 2406 AEn.
572 2375 612 2405 xi.
629 2378 702 2406 542.

343 2467 685 2476 ——ss
693 2455 839 2486 matrisque
849 2456 964 2479 vocavit

345 2493 451 2519 Nomine
461 2493 608 2524 Casmillae,
616 2494 721 2519 mutata
732 2498 818 2526 parte,
829 2494 981 2519 Camillam.

302 2572 354 2603 Sic
383 2572 437 2602 alii
465 2572 663 2612 saepiuscule;
701 2583 803 2614 neque
831 2573 920 2604 aliter
940 2573 1025 2604 idem

302 2624 407 2660 Maro,
430 2631 567 2656 versatus
588 2625 620 2656 in
643 2626 700 2656 hac
715 2624 869 2665 ipsissima
886 2626 1026 2665 materie,

301 2675 342 2706 ib.
358 2675 396 2706 vi.
413 2679 486 2707 242.

351 2757 430 2782 Unde
441 2757 530 2784 locum
543 2759 618 2784 Graii
627 2758 749 2784 dixerunt
760 2758 859 2784 nomine
870 2757 964 2790 Aopm.

307 2825 408 2867 Cujus
420 2828 524 2858 versus
537 2829 702 2860 sinceritati
725 2829 890 2860 Lucretius
915 2829 1025 2860 suffra-

304 2877 372 2919 gari
386 2877 599 2911 videtum-ab
614 2892 663 2912 re:
690 2881 821 2918 Nonius,
837 2893 856 2912 α
871 2892 913 2913 rc.

1099 798 1172 829 Ver.
1202 801 1273 830 741.
1311 799 1427 830 Avibus
1466 797 1621 829 contraria
1651 798 1778 828 cunctis.

1058 850 1172 881 Noster
1187 850 1317 881 strictior
1327 856 1373 881 est
1387 860 1422 880 ac
1432 849 1583 880 morosior
1591 848 1631 878 ad
1643 855 1780 889 etymon;

1060 901 1231 941 Dionysius
1246 907 1362 937 autem,
1389 907 1471 931 vates
1486 899 1700 938 nitidissimus,
1717 909 1780 930 non

1058 952 1164 991 paullo
1179 952 1302 990 melius,
1318 953 1431 992 perieg.
1448 954 1540 981 1150.
1573 952 1577 956 ’

1341 1037 1464 1061 ‘mxumo-a
1477 1025 1630 1060 δυςεμέοντος
1643 1035 1753 1056 bimum:

1058 1105 1154 1136 quem
1169 1094 1302 1124 reddidit
1316 1093 1400 1124 haud
1412 1093 1615 1133 vulgaricum
1626 1097 1785 1124 venustate

1061 1146 1250 1182 Priscianus,
1266 1154 1326 1174 ver.
1343 1147 1434 1175 1055.

1069 1224 1146 1254 Quos
1158 1222 1278 1247 volucres
1291 1226 1418 1248 metuunt
1429 1222 1508 1248 celeri
1519 1223 1675 1255 contingere
1685 1222 1789 1255 penna:

1075 1263 1155 1288 Unde
1166 1263 1230 1288 locis
1241 1264 1316 1288 Graii
1326 1266 1472 1296 posuerunt
1483 1270 1583 1290 nomen
1594 1263 1696 1289 Aornis.

1063 1334 1184 1375 Vulgo.
1207 1335 1346 1365 Aornin:
1372 1334 1426 1365 sed
1450 1335 1494 1366 ita
1519 1335 1688 1377 legendum
1711 1345 1786 1366 cum

1061 1386 1141 1416 libro
1155 1387 1308 1427 singulari
1324 1387 1355 1416 in
1371 1397 1445 1417 casu
1460 1387 1562 1425 tertio,
1584 1387 1788 1427 manifestum

1061 1438 1187 1476 facient,
1202 1448 1272 1479 quae
1287 1438 1464 1469 dederimus
1475 1438 1551 1469 olim
1565 1438 1606 1469 ad
1616 1438 1704 1480 Virg.
1718 1448 1787 1480 geo.

1058 1488 1103 1520 iii.
1123 1492 1195 1520 147.

1105 1541 1180 1572 Ver.
1197 1544 1269 1572 742.
1290 1552 1412 1573 venere:
1437 1540 1624 1572 odiosissimi
1637 1541 1788 1583 bipedum

1059 1592 1195 1623 editores
1210 1592 1399 1623 inferserunt
1413 1595 1568 1628 advenere,
1584 1592 1788 1625 reclamarent

1063 1644 1136 1675 licet
1150 1645 1258 1674 omnia
1272 1650 1373 1675 vetera
1388 1644 1588 1685 exemplaria,
1612 1655 1668 1686 per
1691 1645 1736 1676 fas
1757 1651 1788 1678 et

1063 1698 1152 1728 nefas
1166 1705 1281 1729 temere
1296 1705 1428 1730 ruentes.

1107 1751 1180 1781 Ver.
1212 1753 1284 1781 745.
1561 1751 1789 1782 Venerandum

1064 1803 1224 1834 vetustatis
1238 1803 1354 1834 altioris
1368 1803 1610 1840 monimentum,
1625 1803 1708 1845 quod
1719 1803 1789 1835 seli-

1064 1855 1149 1891 citer‚
1172 1855 1205 1885 ni
1220 1855 1370 1891 fallimur,
1395 1856 1493 1894 poetae
1507 1862 1612 1886 nostro
1626 1856 1788 1886 resuscita-

1063 1906 1176 1944 vimus,
1189 1916 1337 1947 quorsum
1354 1906 1582 1938 invideremus?
1601 1907 1700 1938 Scribi
1711 1907 1790 1938 solet

1067 1960 1204 1997 Remigii
1208 1974 1218 1994 ,·
1243 1958 1297 1988 sed
1319 1958 1355 1988 P.
1374 1958 1414 1989 V.
1440 1958 1487 1989 ed.
1515 1959 1553 1989 B.
1571 1958 1608 1989 Ο.
1638 1963 1672 1989 Δ.
1690 1963 1725 1990 Σ.
1741 1964 1786 1989 Ω.

1066 2011 1124 2049 (ut,
1140 2009 1259 2047 opinor,
1281 2008 1392 2049 reliqui
1406 2009 1522 2048 scripti,
1545 2009 1570 2039 si
1585 2019 1652 2039 rem
1667 2008 1789 2039 fidelius

1065 2060 1250 2090 haberemus
1279 2060 1484 2100 exploratam)
1516 2062 1655 2100 Remigio
1661 2074 1672 2095 ;
1712 2059 1733 2090 i.
1761 2069 1789 2091 e.

1065 2110 1150 2140 haud
1161 2110 1263 2145 dubie,
1278 2105 1498 2150 Remz'gi5,sive
1509 2113 1688 2151 Remigium.
1712 2111 1790 2142 Jam

1067 2171 1139 2192 vero
1152 2163 1281 2192 verbum
1297 2164 1450 2194 obliviscor
1466 2173 1530 2193 non
1542 2172 1685 2203 respuere
1697 2173 1790 2204 quar-

1067 2219 1135 2244 tum
1152 2223 1271 2252 casum,
1294 2214 1526 2244 indoctissimus
1541 2214 1582 2244 sit
1595 2224 1718 2245 necesse
1733 2221 1789 2252 est,

1067 2266 1121 2306 qui
1137 2265 1290 2307 congestis
1304 2266 1454 2305 exemplis
1469 2266 1526 2296 sibi
1541 2266 1790 2297 demonstratum

1067 2316 1149 2347 velit.

1111 2368 1192 2399 Ibid.
1218 2371 1385 2409 Remigiom
1402 2380 1585 2410 pennarum.
1630 2369 1791 2411 Virgilius,

1065 2421 1108 2451 ad
1124 2421 1198 2451 AEn.
1213 2420 1252 2451 vi.
1270 2424 1318 2452 19.
1341 2422 1408 2452 haec
1421 2427 1583 2454 mutuatus
1602 2427 1661 2452 est:

1326 1753 1505 1791 Remigium.

1382 2504 1442 2534 tibi,
1452 2504 1562 2535 Phoebe,
1573 2504 1688 2530 sacravit

1129 2543 1268 2575 Remigium
1280 2544 1391 2569 alarum.

1068 2622 1228 2653 Lucianus
1251 2622 1396 2660 Timone,
1421 2623 1462 2656 de
1485 2624 1652 2660 Mercurio,
1681 2623 1736 2664 qui
1756 2622 1789 2653 in

1068 2673 1182 2704 coelum
1197 2674 1359 2705 revolaret:
1387 2676 1400 2705 ὅ
1414 2689 1465 2715 μεν
1479 2678 1668 2711 απεληλυθεν,
1693 2675 1729 2708 ὣς
1745 2673 1788 2704 δσ-

1069 2739 1121 2756 κει·
1153 2739 1341 2769 τεκμαιρομι
1365 2741 1423 2769 ’γαρ
1453 2733 1502 2771 Ti}
1524 2731 1678 2772 1-:11‘13214
1702 2729 1788 2756 ΤΩΝ

1070 2783 1246 2809 ΠΤΕΡΩΝ.
1283 2779 1463 2810 Lambinus.

1070 2828 1203 2859 Nosmet
1216 2835 1322 2860 autem
1337 2829 1440 2860 videas
1461 2830 1494 2859 in
1515 2826 1790 2859 animadversioni-

1069 2881 1130 2912 bus
1143 2880 1183 2913 ad
1198 2881 1309 2921 Eurip.
1328 2882 1397 2913 Ion.
1417 2884 1486 2914 162.
1501 2887 1540 2917 ,et
1563 2886 1717 2919 nostrum,
1743 2878 1790 2909 iii.

1919 371 1922 379 -
1912 282 1926 350 -r-v.
