1926 3224
263 233 352 273 124·

764 230 823 276 T.
864 227 1236 277 LUCRETII

405 357 495 399 Nec
514 358 620 412 potis
639 364 698 398 est
718 357 845 407 cerni,
866 357 963 412 quia
981 372 1139 399 cassum
1157 357 1310 399 lumine
1327 357 1475 400 fertur.

462 430 707 485 Vorsarique
725 439 873 485 potest,
893 430 1038 487 globus
1057 439 1117 481 ut,
1140 431 1173 472 si
1191 431 1310 481 forte,
1333 431 1447 486 pilai,

298 505 379 543 720
409 503 594 545 Dimidia
616 517 668 544 ex
686 511 803 558 parte
823 504 1013 546 candenti
1033 505 1187 546 lumine
1206 505 1374 555 tinctus3

405 576 701 632 Vorsandoque
719 577 887 633 globum
907 579 1122 620 varianteis
1142 579 1261 620 edere
1280 578 1443 620 formas.

405 649 613 704 Denique,
637 665 728 691 eam
747 660 921 706 partem,
945 668 1245 708 quaequomque
1265 662 1325 692 est
1343 652 1507 708 ignibus
1526 658 1658 702 aucta,

404 721 475 761 Ad
495 724 668 775 speciem
690 725 812 764 vortit
833 726 966 775 nobis,
988 726 1207 779 oculosque
1227 725 1439 779 patenteis:

303 874 384 906 Ibid.
408 876 507 906 Haud
522 876 609 907 aliter
623 878 790 916 Epicurus,
805 878 887 917 apud
899 879 977 910 Dio-

260 935 373 966 genem
389 926 558 963 Laenium,
575 938 605 957 x.
625 932 672 959 94.
719 934 771 959 Em
788 943 818 960 τε
835 930 979 971 ενδεχεται

261 990 312 1009 ‘rm
328 985 444 1010 σεληιην
460 979 488 1015 εξ
503 978 606 1011 ἑαυτῆς
623 991 698 1018 εχειν
710 992 742 1009 ‘ro
752 986 820 1019 φως·
835 980 978 1021 ενδεχεφαι

259 1025 297 1063 δε,
311 1041 371 1057 ατο
387 1039 425 1057 τυ
438 1029 512 1060 ἥλιε.

305 1086 377 1116 Ver.
395 1089 466 1117 714.
483 1088 667 1126 splendoris:
694 1087 734 1118 V.
749 1088 795 1119 ed.
811 1091 977 1129 splendore;

260 1137 340 1167 sorte
355 1147 395 1167 an
409 1147 465 1176 pro
479 1140 643 1177 splendore.
684 1139 814 1179 Versus,
824 1141 883 1171 hoc
893 1149 982 1181 pacto

260 1188 454 1224 constitutus
471 1189 570 1229 magis
584 1189 729 1228 placeret:

305 1264 422 1295 volvier,
434 1268 461 1290 et
472 1265 559 1289 variis
569 1265 721 1297 splendorem
733 1267 844 1293 reddere
845 1268 949 1300 sormir.

263 1331 324 1362 Sed
338 1332 497 1362 codicibus
511 1332 690 1363 melioribus
705 1335 924 1373 obtemperem.

303 1394 376 1424 Ver.
401 1397 470 1425 717.
505 1396 661 1436 olficiens:
695 1395 714 1424 i.
737 1406 763 1425 e.
787 1399 984 1434 intercedens,

259 1454 292 1474 se
305 1444 513 1484 interponens.
561 1445 681 1482 Cicero,
709 1444 748 1475 de
771 1452 832 1475 nat.
852 1445 934 1476 deor.
950 1447 982 1477 ii.

262 1497 374 1526 19.—“
390 1495 455 1534 ipsa
471 1495 555 1524 enim
579 1497 690 1525 umbra
712 1502 809 1531 terrae‚
835 1497 892 1526 soli
917 1497 983 1537 qff-

261 1551 284 1566 ‘⁴
301 1550 390 1584 ciens,
406 1555 530 1579 noctem
545 1548 673 1580 efficit.”
718 1551 783 1580 Adi
799 1550 838 1581 ad
853 1551 935 1581 dicta
950 1551 982 1581 in

261 1609 322 1629 ver.
339 1603 409 1630 887.

303 1659 378 1688 Ver.
406 1661 477 1690 719.
496 1661 600 1699 globus
626 1662 723 1699 pila'i:
760 1661 782 1691 i.
810 1671 836 1691 e.
859 1661 985 1701 globosa

261 1710 340 1749 pila;
356 1717 444 1740 erant
455 1711 539 1740 enim
549 1712 638 1742 aliter
650 1711 791 1752 figuratae
805 1712 884 1751 pilae.
909 1713 985 1743 Ovi-

260 1761 343 1799 dius,
360 1762 428 1792 fast.
442 1762 481 1792 vi.
499 1766 570 1793 269.

307 1838 404 1866 Terra,
412 1837 472 1868 pile
483 1837 583 1866 similis,
593 1838 666 1862 mullo
679 1838 819 1864 fulcimine
830 1840 935 1864 nixa—.

267 1900 436 1937 Caeterum,
448 1901 480 1932 J.
494 1900 616 1938 Douza,
630 1901 661 1930 in
673 1902 754 1931 notis
762 1902 800 1932 ad
813 1903 984 1940 Catullum,

262 1961 327 1990 cap.
343 1952 381 1980 iv.
400 1961 456 1990 pro
472 1953 508 1987 si,
534 1951 719 1982 emendabat
733 1954 784 1989 sit,
811 1953 915 1983 minus
930 1964 984 1983 ne-

261 2003 400 2038 cessario,
423 2003 563 2042 quamvis
578 2004 781 2033 rectissimam
805 2005 984 2044 interpreta-

261 2053 380 2083 tionem
394 2052 455 2082 loci
466 2054 592 2092 juvenis
606 2054 803 2085 acutissimus
817 2055 983 2092 edocuerit,

263 2109 294 2133 et
309 2103 394 2133 aliud
409 2110 630 2143 argumentum
646 2104 719 2134 hinc
744 2105 864 2135 institui
886 2106 984 2145 po'e‘ta.

263 2155 371 2185 Berosi
387 2165 500 2194 nempe
515 2155 654 2185 doctrina
665 2156 744 2195 jam,
769 2163 802 2186 ut
818 2157 900 2187 idem
917 2168 983 2187 mo-

263 2212 328 2242 net,
353 2205 440 2235 nobis
467 2206 649 2245 exponitur3
672 2213 702 2236 et
732 2207 902 2243 Vitruvius,
930 2219 982 2238 eo-

262 2255 336 2285 dem
360 2255 472 2286 Douza
494 2256 660 2295 indicatm,
685 2258 904 2289 adscribendus
929 2265 983 2294 est,

263 2306 302 2336 ad
324 2307 366 2336 ix.
392 2310 420 2337 4.
466 2311 488 2325 ‘⁴
506 2307 600 2337 Nunc
623 2308 661 2338 de
690 2310 835 2339 crescenti
865 2309 986 2340 lumine

264 2360 286 2375 “
302 2357 387 2387 lunae
403 2368 746 2400 nemmwrloxeque,
769 2360 814 2389 uti
838 2360 986 2390 traditum

265 2411 287 2426 “
303 2415 349 2438 est
369 2409 460 2438 nobis
475 2419 494 2438 a
509 2409 690 2449 majoribus,
717 2410 828 2441 dicam.
853 2411 986 2441 Berosus

265 2466 287 2480 ‘⁴
304 2463 390 2492 —ita
405 2469 449 2492 est
465 2462 630 2501 professus,
648 2465 747 2502 pilam
764 2474 829 2494 esse
844 2476 878 2494 et
893 2467 983 2494 dimi-

265 2515 288 2530 “
303 2511 355 2542 dici
367 2520 458 2552 parte
473 2516 663 2551 candentem,
677 2514 795 2555 reliqua
807 2516 918 2545 habere
929 2525 987 2545 cae-

265 2567 288 2582 “
304 2564 392 2594 ruleo
427 2564 538 2595 colore.
595 2566 679 2595 Cum
707 2572 823 2603 autem,
860 2577 985 2597 cursum

267 2618 287 2631 “
304 2615 424 2644 itineris
438 2616 485 2645 sui
502 2626 641 2656 pergenS,
659 2617 774 2647 subiret
788 2619 893 2647 orbem
906 2617 985 2654 solis,

267 2670 289 2684 ‘¹
307 2673 382 2696 tunc
396 2678 465 2697 eam
481 2668 574 2697 radiis
588 2675 618 2698 et
640 2669 759 2708 impetu
786 2670 896 2700 caloris
921 2680 986 2700 cor-

267 2720 290 2734 “
307 2717 376 2756 ripi,
412 2719 608 2760 convertique
646 2721 846 2751 candentem:
859 2740 903 2745 —
913 2732 986 2751 cum

269 2771 291 2785 “
307 2774 412 2797 autem
428 2779 464 2798 ea
475 2777 599 2800 evocata
610 2771 649 2801 ad
659 2771 731 2802 solis
740 2774 817 2802 orbis
829 2772 987 2811 superiora

268 2822 290 2836 “
307 2825 432 2857 spectet,
464 2826 537 2851 tunc
566 2822 744 2852 inferiorem
769 2830 886 2862 partem
910 2823 985 2862 ejus.

268 2873 291 2889 “
306 2869 391 2911 quod
419 2870 554 2901 candens
581 2882 644 2902 non
675 2873 726 2911 sit,
756 2880 880 2913 propter
909 2874 987 2905 a'e'ris

1022 884 1044 899 ‘⁶
1063 880 1311 919 similitudinem,
1327 883 1490 912 obscuram
1506 881 1600 911 videri
1610 881 1741 911 z-etc,''

1021 942 1102 972 quae,
1125 932 1278 963 minutius
1294 932 1438 970 deducta,
1455 938 1529 962 sunt
1544 932 1628 971 apud
1642 932 1747 971 ipsum

1022 983 1218 1024 perlegenda.
1266 984 1314 1013 Sic
1338 989 1444 1013 autem
1467 983 1631 1013 rescribere
1653 983 1746 1014 debe·

1023 1045 1107 1064 mus:
1133 1034 1239 1075 vulgo,
1269 1036 1483 1068 diminutione,
1514 1039 1545 1063 et
1568 1035 1658 1064 orbes.
1703 1034 1747 1064 Et

1024 1084 1162 1114 maximo
1191 1094 1282 1123 opere
1310 1084 1422 1113 Douza
1443 1083 1620 1113 laudandus
1641 1090 1687 1114 est
1711 1093 1748 1114 ac

1025 1134 1219 1174 plaudendus
1233 1134 1362 1164 eruditis
1373 1135 1413 1164 ob
1425 1134 1583 1174 egregiam
1594 1134 1668 1164 huic
1679 1134 1749 1165 loeo

1026 1192 1169 1216 navatam
1185 1186 1397 1226 sagacitatem,
1413 1185 1655 1226 doctrinamque.

1068 1237 1145 1268 Ver.
1160 1240 1233 1268 720.
1251 1243 1357 1276 parte:
1384 1236 1427 1266 sic
1442 1246 1551 1266 omnes
1565 1236 1645 1272 libri,
1670 1246 1748 1275 prae-

1026 1294 1072 1318 ter
1087 1289 1124 1320 B.
1142 1293 1176 1319 Δ.
1196 1295 1236 1318 Π.
1258 1288 1324 1328 qui,
1348 1298 1422 1318 cum
1447 1287 1536 1318 editis
1559 1287 1749 1328 vulgaribuS,

1026 1341 1140 1370 habent
1165 1342 1256 1380 parti
1261 1355 1272 1375 ,·
1297 1339 1351 1370 sed
1381 1339 1460 1369 illud
1489 1339 1521 1369 in
1547 1340 1605 1369 hac
1630 1338 1749 1369 caesura

1025 1391 1132 1420 multis
1146 1390 1292 1430 equidem
1305 1390 1423 1420 vicibus
1437 1395 1626 1429 anteponam
1642 1391 1683 1420 ob
1694 1391 1748 1430 ju-

1026 1442 1209 1472 cundiorem
1234 1442 1343 1471 saltem
1359 1452 1487 1471 sonum:
1516 1442 1615 1481 prisca
1630 1441 1681 1472 Pii
1695 1451 1750 1471 ex·

1027 1493 1188 1533 emplaria,
1199 1500 1290 1534 parte
1307 1496 1329 1524 ἰι
1339 1508 1349 1529 ,·
1376 1493 1691 1533 inepte—candenti.-
1710 1493 1750 1524 V.

1027 1545 1074 1575 ed.
1092 1551 1136 1575 Ω.
1151 1547 1282 1575 cadenti.

1070 1595 1151 1625 Ibid.
1174 1597 1290 1626 lumine
1320 1598 1453 1627 tinctus:
1479 1595 1566 1636 quasi
1595 1598 1752 1628 immersus

1028 1646 1152 1676 sciJicet.
1200 1646 1269 1682 Sed,
1293 1647 1346 1687 qui
1361 1647 1404 1676 sic
1419 1647 1541 1677 locutus
1555 1653 1601 1677 est
1613 1648 1680 1678 sine
1689 1648 1751 1687 epi-

1028 1699 1120 1732 theto,
1138 1697 1279 1727 nondum
1307 1697 1423 1735 inveni,
1453 1698 1594 1738 quamvis
1615 1698 1752 1729 formula

1027 1749 1066 1777 sit
1085 1747 1215 1777 omnino
1236 1747 1372 1786 speciosa
1397 1754 1427 1777 et
1455 1747 1630 1786 laudabilis,
1651 1758 1751 1788 quum

1029 1800 1067 1830 de
1081 1802 1156 1835 luce,
1171 1805 1207 1829 ut
1211 1801 1329 1841 fluido,
1345 1800 1460 1838 passim
1471 1800 1635 1830 Lucretius
1645 1800 1751 1840 loqua-

1027 1858 1086 1881 tur.
1131 1851 1199 1881 Nos
1214 1860 1304 1889 super
1323 1851 1381 1880 hac
1409 1861 1441 1880 re
1465 1850 1603 1881 diximus
1619 1851 1750 1889 affatim,

1028 1902 1067 1932 ad
1082 1902 1115 1931 ii.
1132 1904 1202 1932 147.
1225 1907 1317 1941 atque
1333 1900 1406 1931 alibi
1422 1911 1643 1941 saepenumero.

1072 1953 1144 1983 Ver.
1161 1956 1232 1984 721.
1253 1955 1419 1983 varianteis
1440 1955 1525 1984 edere
1539 1953 1678 1993 formas.-
1709 1953 1748 1984 V.

1028 2003 1074 2033 ed.
1092 2005 1227 2034 varianti
1241 2005 1341 2033 sedere
1345 2003 1484 2043 sormas‚·
1503 2004 1544 2034 O.
1564 2009 1598 2033 Δ.
1612 2005 1751 2034 varianti

1027 2057 1093 2086 sede
1108 2055 1283 2095 reformans.

1070 2107 1144 2136 Ver.
1161 2109 1230 2137 722.
1246 2108 1405 2146 Denique:
1424 2106 1467 2136 sic
1483 2106 1518 2136 P.
1535 2105 1633 2136 Vind.
1650 2106 1690 2136 V.
1701 2105 1749 2137 ed.

1029 2158 1066 2188 B.
1094 2157 1134 2188 Ο.
1162 2163 1195 2187 Δ.
1214 2164 1253 2187 Π.
1273 2162 1307 2187 Σ.
1326 2163 1369 2188 Ω.
1393 2157 1495 2187 editur
1517 2156 1620 2196 vulgo,
1647 2158 1750 2187 Doni-

1027 2219 1112 2242 cum;
1139 2207 1205 2237 sine
1220 2207 1305 2237 libris
1319 2208 1450 2246 scriptis,
1466 2207 1498 2237 ni
1516 2207 1614 2237 fallor.

1072 2259 1147 2288 Ver.
1177 2261 1247 2288 725.
1281 2260 1378 2288 oculos
1399 2260 1568 2298 potenteis:
1594 2258 1612 2287 i.
1628 2267 1654 2287 e.
1679 2261 1751 2288 “os

1030 2313 1051 2328 “
1069 2309 1317 2340 manifestissime
1339 2312 1511 2345 obversum,
1537 2316 1567 2339 et
1592 2308 1752 2340 illumina-

1031 2364 1136 2390 “tum
1159 2361 1257 2400 plene,
1287 2361 1332 2390 ita
1361 2367 1396 2390 ut
1426 2361 1525 2391 oculis
1552 2360 1753 2400 apertissimis

1030 2412 1160 2442 “Luna
1184 2422 1240 2442 nos
1265 2412 1445 2451 adspiciat.¹’
1491 2412 1566 2443 Hoc
1589 2411 1683 2442 modo
1703 2411 1752 2442 in-

1030 2463 1197 2503 telligenda
1232 2469 1277 2493 est
1313 2464 1529 2494 venustissima
1558 2464 1688 2503 phrasis,
1721 2468 1753 2494 et

1031 2515 1131 2554 specie
1146 2525 1270 2554 prorsus
1285 2516 1403 2555 poetica
1425 2515 1572 2556 figurata3
1596 2514 1751 2545 editorum

1030 2573 1136 2596 tamen
1152 2566 1273 2596 nemini
1292 2573 1444 2606 percepta,
1471 2567 1519 2597 vel
1535 2566 1750 2605 interpretum,

1030 2628 1100 2647 eam
1115 2617 1155 2647 ad
1170 2618 1276 2647 oculos
1291 2618 1468 2656 spectatoris
1482 2617 1676 2647 inscitissime
1702 2625 1750 2645 re·

1032 2670 1216 2699 vocantium.
1254 2671 1292 2700 Os
1308 2670 1459 2700 nimirum
1474 2669 1512 2699 de
1524 2667 1620 2698 stellis
1634 2666 1751 2697 locutio

1030 2721 1210 2761 pervulgata
1225 2727 1285 2758 est;
1302 2723 1405 2752 oculus
1415 2726 1519 2750 autem
1531 2719 1573 2748 sic
1585 2718 1752 2756 adhibitus,

1030 2773 1132 2802 multo
1149 2773 1254 2803 rarior.
1301 2773 1368 2802 Nos
1382 2773 1414 2802 in
1430 2773 1509 2801 hanc
1524 2780 1590 2800 rem
1604 2769 1749 2810 quaedam

1030 2833 1094 2852 non
1117 2823 1247 2853 minime
1268 2823 1412 2853 facientia
1433 2822 1499 2862 jam
1525 2820 1697 2857 attulimus,
1716 2821 1752 2850 in

1034 2874 1106 2905 Silv.
1125 2875 1201 2906 Crit.
1217 2874 1235 2905 i.
1254 2885 1282 2914 p.
1300 2878 1369 2906 129.
1406 2873 1542 2912 Plinius,
1558 2879 1618 2903 nat.
1634 2872 1704 2903 hist.
1719 2871 1751 2903 ii.
