1926 3224
656 232 890 281 LIBER
941 230 1244 281 SEXTUS.

347 365 488 421 Usque
508 365 626 415 adeo,
649 364 750 406 tetra
773 364 1008 405 nimborum
1028 373 1149 406 nocte
1170 362 1326 415 coorta,

347 439 579 494 Inpendent
597 447 697 480 atrae
722 438 969 479 Formidinis
990 452 1063 479 ora
1082 453 1272 493 superne,

344 513 484 562 Quom
505 513 717 554 conmoliri
738 519 952 565 tempestas
972 510 1143 552 fulmina
1163 520 1327 567 coeptat.

230 592 311 628 255
402 587 620 634 Praeterea,
646 598 828 639 persaepe
848 583 966 639 niger
985 598 1148 638 quoque
1167 599 1243 639 per
1263 601 1375 626 mare
1395 585 1572 635 nimbus,

343 661 404 702 Ut
424 659 524 714 picis
544 673 567 698 e
590 657 695 698 coelo
715 656 935 697 demissum
954 656 1125 706 flumen,
1148 657 1192 697 iu
1213 658 1344 699 undas

345 734 413 775 Sic
432 731 555 780 cad-it,
577 739 617 771 et
637 730 764 771 fertur
784 729 961 771 tenebris
975 731 1143 785 procu13
1177 739 1217 772 et
1235 731 1360 773 trahit
1380 740 1526 783 atram,

344 803 598 846 Fulminibus
617 804 845 861 gravidam,
864 811 1159 859 tempestatem,
1184 814 1305 862 atque
1325 806 1529 860 procellis3

342 878 527 936 Ignibus,
555 893 602 920 ac
624 879 768 930 ventis,
790 893 884 920 cum
902 879 1047 935 primis
1067 880 1153 935 ipse
1174 880 1363 936 repletus:

197 1035 266 1068 Nec
281 1035 328 1067 vel
350 1036 423 1067 huic
445 1034 514 1066 loco
535 1035 650 1067 desunt
671 1034 791 1067 codices
813 1035 921 1072 odiosi,

199 1089 253 1129 qui
269 1090 397 1119 Fulmen
413 1088 592 1125 exhibeant;
616 1099 714 1129 usque
736 1088 814 1119 adeo
835 1099 923 1119 voces

198 1139 264 1170 istae
280 1140 394 1179 passim
409 1138 646 1169 confunduntur
668 1139 701 1168 in
723 1139 922 1170 membranis.

202 1192 354 1223 Conferas
369 1191 546 1229 Valerium,
562 1191 685 1232 Argon.
704 1191 735 1222 ii.
754 1195 823 1222 115.

243 1257 323 1288 Ibid.
350 1259 384 1288 in
407 1259 516 1287 undas.
545 1256 619 1286 Hoc
642 1255 754 1295 posuit,
785 1255 869 1296 quo'd
892 1255 923 1285 in

199 1309 279 1339 mari
295 1308 387 1338 latior
402 1307 501 1338 oculis
522 1313 700 1347 prospectus
715 1312 808 1346 patet,
832 1306 874 1336 ita
891 1312 927 1336 ut

199 1370 254 1400 per
267 1360 370 1401 majus
384 1359 521 1398 spatium
536 1368 624 1388 casus
638 1357 751 1397 pluviae
775 1358 926 1387 observari

199 1420 305 1456 queat:
332 1415 406 1445 hinc
421 1413 507 1444 enim
528 1413 693 1444 dilucidior
708 1412 810 1443 evadit
830 1423 923 1453 argu·

200 1466 300 1496 menti
314 1465 360 1495 vis
374 1471 406 1495 et
419 1475 540 1504 scopus.

245 1525 319 1555 Ver.
337 1528 408 1556 257.
431 1531 459 1555 et
469 1525 595 1565 fertur.-
621 1523 663 1554 sic
689 1533 808 1559 omnes,
831 1533 925 1554 omne

202 1586 315 1617 geum,
338 1575 420 1613 libri,
446 1580 556 1614 praetcr
580 1580 615 1605 Δ.
631 1575 684 1614 qui
706 1575 760 1604 dat
779 1577 924 1611 mazeriis,-

201 1626 274 1657 satis
287 1627 412 1657 insulse.
456 1626 500 1656 Et
514 1625 708 1663 lectionibus,
724 1636 801 1666 quas
813 1636 924 1664 reprae·

201 1683 323 1708 sentare
345 1677 433 1707 nobis
454 1676 620 1706 auctoritas
642 1676 801 1706 vetustatis
821 1676 924 1716 jussit,

200 1728 280 1758 nihil
302 1727 512 1768 undequaque
537 1726 744 1765 commodius,
779 1733 810 1757 et
831 1727 927 1757 totius

201 1780 352 1811 sermonis
359 1780 455 1811 colori
469 1779 703 1821 congruentius,
716 1779 815 1819 optari
827 1779 926 1810 debet.

203 1832 339 1872 Nempe,
363 1837 385 1851 “
401 1833 528 1863 nimbus
543 1832 651 1872 piceus
665 1832 698 1862 in
714 1841 842 1862 omnem
857 1842 926 1871 par-

207 1887 229 1903 “
244 1890 309 1915 tem
331 1885 440 1923 fertur,
464 1891 494 1915 et
520 1884 719 1925 dispergitur,
746 1895 816 1915 cum
841 1890 927 1914 tene-

203 1938 226 1954 “
241 1934 335 1966 bris.'’
360 1936 441 1966 Haec
455 1942 561 1966 autem
575 1946 674 1977 quum
690 1935 773 1966 docti
784 1935 841 1965 viri
850 1945 924 1965 con-

202 1997 335 2028 coquere
361 1987 538 2028 nequirent,
568 1988 795 2018 substituerunt
809 1988 926 2029 fertus,

202 2049 260 2078 pro
263 2039 381 2080 fertur.
428 2039 489 2070 Sed
511 2039 621 2070 saltem
644 2045 709 2070 erat
730 2039 928 2070 scribendum

191 2091 317 2132 finus,-
351 2091 403 2121 cui
427 2102 485 2122 nos
513 2091 614 2132 Angli
639 2091 770 2122 libenter
794 2091 926 2131 oppede-

203 2154 287 2182 mus,
310 2149 346 2174 ut
372 2144 589 2185 ingratissimae
616 2145 762 2175 omnium
790 2144 929 2175 dictioni.

207 2195 326 2226 Glossae
341 2203 473 2226 veteres:
501 2200 524 2215 “
541 2199 670 2235 Fartus,
680 2196 928 2237 μεμεστωμενος.”

207 2246 282 2276 Hoc
305 2252 410 2277 autem
437 2248 564 2287 insuper
589 2248 791 2278 incommodo
815 2248 928 2286 premi-

208 2304 259 2328 tur
267 2297 428 2339 ingeniosa
439 2299 599 2337 divinatio,
610 2299 693 2339 quod
708 2299 844 2338 postulet
857 2299 928 2329 uni-

207 2359 366 2379 versorum
387 2349 602 2389 exemplorum
619 2360 707 2380 voces
728 2355 757 2380 et
778 2351 875 2380 trahit
896 2349 929 2379 in

208 2401 345 2430 adtrahit
360 2400 542 2430 mutandas:
569 2411 639 2441 quae
661 2410 709 2430 res
731 2406 776 2430 est
789 2399 929 2439 plenissi-

207 2461 261 2481 ma
276 2451 468 2490 temeritatis,
483 2459 514 2482 et
525 2452 657 2483 minime
672 2451 839 2482 toleranda.
854 2451 929 2482 Vir.

208 2501 313 2543 gilius,
328 2502 369 2532 ad
385 2503 458 2532 AEn.
475 2503 516 2534 xi.
532 2507 602 2534 906.

240 2591 280 2616 Sic
293 2592 374 2616 ambo
385 2592 420 2616 ad
430 2599 521 2616 muros
531 2592 625 2624 rapidi,
634 2595 749 2623 totoque
748 2592 876 2623 feruntur

239 2630 346 2662 Agmine
355 2639 364 2655 .-

207 2711 228 2742 i.
253 2722 279 2742 e.
309 2723 376 2743 cum
403 2713 538 2752 agmine.
583 2714 626 2744 Et
654 2714 698 2743 ita
725 2713 841 2753 passim
870 2713 931 2744 alii.

209 2763 373 2794 Bentleius
400 2778 434 2795 το
457 2767 546 2796 terris
578 2765 680 2802 Fabri,
713 2775 770 2805 pro
793 2766 932 2801 tenebris,

210 2816 358 2854 probavit.

256 2865 337 2897 Ibid.
359 2873 458 2898 atrum
485 2874 696 2908 tempestatem.
733 2868 836 2907 Idem,
861 2868 935 2899 ibid.

215 2925 242 2947 v.
259 2920 329 2949 695.

1315 1036 1402 1061 effusis
1415 1037 1543 1061 imbribus
1553 1040 1612 1062 atra

1029 1076 1168 1107 Tempestas
1178 1075 1234 1100 sine
1245 1081 1321 1100 more
1332 1075 1468 1100 furit-——.

1011 1146 1083 1176 Ver.
1107 1149 1179 1178 258.
1202 1147 1284 1176 Haec
1309 1146 1465 1184 delibavit,
1493 1154 1523 1177 et
1545 1147 1690 1188 sublegit,

967 1209 1096 1235 memor,
1119 1210 1174 1238 pro
1188 1210 1286 1238 more,
1309 1200 1438 1240 hujusce
1457 1199 1516 1230 loci
1529 1200 1692 1240 Virgilius,

968 1251 1006 1281 ad
1022 1261 1088 1291 geo.
1105 1251 1125 1281 i.
1140 1255 1213 1281 323.
1236 1258 1267 1281 et
1292 1262 1310 1281 a
1332 1251 1479 1282 Lucretio
1502 1258 1588 1282 certo
1603 1253 1693 1283 certi-

971 1313 1006 1332 us
1021 1301 1234 1332 emendandus
1249 1308 1307 1332 est:

986 1385 1062 1415 Saepe
1075 1383 1156 1408 etiam
1167 1383 1322 1409 inmensum
1338 1384 1410 1408 coelo
1420 1383 1497 1409 venit
1507 1391 1606 1415 agmen
1615 1391 1697 1415 aqua-

1093 1430 1166 1453 rum,

985 1463 1105 1495 Etfetam
1117 1463 1269 1494 glomerant
1280 1466 1472 1495 tempestatem
1483 1463 1612 1489 imbribus
1621 1464 1696 1494 atris,

982 1503 1124 1528 Conlectae
1136 1510 1173 1528 ex
1183 1503 1250 1533 alto,
1266 1503 1358 1528 nubes.

971 1581 1070 1612 Vides
1086 1581 1193 1612 omnia
1207 1580 1366 1622 quadrare.
1402 1580 1581 1621 Respondet
1595 1593 1610 1612 e
1625 1584 1696 1612 coelo

972 1638 1134 1666 demissum
1153 1638 1277 1676 flumen
1309 1650 1350 1677 τῳ
1380 1638 1450 1666 coelo
1485 1639 1565 1668 venit
1588 1648 1696 1676 agmen

970 1699 1139 1728 aquarum;
1175 1695 1206 1718 et
1234 1695 1333 1719 atram
1365 1695 1567 1728 tempestatem
1591 1691 1697 1728 gravi-

971 1743 1042 1770 dam
1054 1743 1204 1780 procellc's,
1222 1741 1366 1781 ‹rqfitam
1377 1747 1578 1781 tempestatem
1591 1742 1697 1771 imbri-

972 1792 1026 1821 bus
1041 1793 1137 1822 atris:
1163 1791 1309 1831 denique,
1325 1802 1384 1821 vox
1400 1794 1506 1828 trahit,
1525 1806 1566 1831 erqo
1581 1793 1697 1823 conlec-

971 1848 1020 1873 ια’.
1066 1841 1134 1871 Nec
1160 1842 1280 1880 dubito,
1308 1843 1384 1883 quin
1407 1842 1506 1881 ipsam
1529 1842 1699 1872 dictionem

969 1895 1131 1933 gravidam
1155 1893 1314 1932 positurus
1336 1899 1413 1923 esset
1431 1894 1531 1929 Maro,
1555 1893 1614 1922 nisi
1638 1899 1698 1922 sta-

971 1943 1029 1974 tim
1044 1943 1236 1974 adhibuisset
1247 1945 1280 1974 in
1294 1954 1354 1974 ver.
1367 1947 1439 1975 519.
1456 1943 1580 1974 ibidem.
1599 1944 1700 1973 Amor

971 2001 1079 2026 tamen
1103 1996 1242 2026 veritatis
1270 1996 1418 2027 lectorem
1447 1996 1606 2026 monitum
1633 1996 1701 2025 vult

973 2048 1118 2078 nonnihil
1133 2048 1330 2079 infirmatum
1340 2048 1434 2078 fuisse
1450 2059 1553 2078 meam
1570 2048 1701 2087 Virgilii

974 2100 1239 2139 emendationem,
1263 2111 1333 2141 quae
1355 2100 1505 2140 leguntur
1527 2099 1610 2139 apud
1630 2110 1700 2129 nos-

974 2158 1069 2187 trum,
1096 2152 1135 2181 iv.
1163 2155 1234 2182 170.
1259 2152 1320 2181 nisi
1341 2151 1423 2181 nihil
1450 2151 1536 2180 aliud
1563 2151 1701 2181 sinerent

975 2209 1057 2234 recta
1086 2203 1275 2233 constructio
1308 2209 1339 2233 et
1367 2208 1513 2233 venustas
1542 2203 1701 2234 orationis.

977 2254 1086 2284 Habet
1107 2255 1202 2284 etiam
1228 2254 1456 2289 Tacitus,‘hist.
1478 2254 1498 2283 i.
1527 2257 1575 2284 18.
1587 2254 1700 2294 fedum

975 2306 1120 2336 imbribus
1142 2308 1241 2336 diem:
1267 2305 1321 2335 sed
1337 2315 1450 2346 ·neque
1472 2306 1531 2334 hoc
1558 2305 1702 2344 presserit

976 2357 1119 2387 Maronis
1147 2357 1386 2393 restitutionem,
1413 2367 1511 2396 quum
1537 2356 1630 2397 longe
1652 2357 1700 2386 di-

968 2418 1060 2438 rversa
1076 2407 1115 2437 sit
1131 2408 1265 2438 duarum
1281 2408 1476 2438 locutionum
1492 2408 1578 2437 ratio.
1603 2407 1701 2437 Recte

974 2460 1144 2490 deformari
1165 2460 1278 2490 dicitur
1299 2463 1364 2490 dies
1386 2459 1554 2496 imbribus3
1576 2465 1700 2498 tempes-

973 2518 1064 2542 tatem
1086 2521 1161 2541 vero
1183 2512 1227 2541 ita
1249 2511 1416 2542 deformari
1439 2510 1509 2550 quis
1534 2510 1582 2540 vel
1604 2510 1702 2540 fando

975 2562 1181 2594 inaudiverit?
1209 2563 1379 2600 Caeterum,
1401 2561 1459 2591 sibi
1482 2561 1641 2601 appositus
1656 2567 1703 2592 est

976 2615 1061 2646 idem
1078 2616 1285 2652 Mantuanus,
1314 2614 1352 2644 ad
1370 2615 1446 2644 AEn.
1461 2614 1480 2643 i.
1497 2617 1547 2644 51.

976 2704 1122 2729 Nimborum
1135 2703 1162 2727 'm
1173 2703 1299 2734 patriam,
1310 2703 1368 2728 loca
1372 2703 1430 2734 feta
1439 2702 1589 2727 furentibus
1599 2700 1704 2731 austris,

979 2744 1094 2769 AEoliam
1106 2743 1251 2768 venit—.

979 2814 1067 2844 Hinc
1083 2813 1188 2849 discas,
1205 2813 1289 2854 quali
1300 2812 1422 2853 judicio
1436 2812 1520 2843 docti
1530 2812 1627 2842 velint
1643 2811 1702 2842 im-

979 2871 1101 2896 mutare
1115 2864 1341 2904 pulcherrimos
1356 2864 1465 2894 incerti
1485 2864 1583 2902 po'e'tae
1599 2872 1705 2893 versus

986 2918 1019 2948 in
1038 2916 1168 2948 Anthol.
1184 2917 1251 2948 Lat.
1268 2917 1378 2947 Burm.
1394 2916 1439 2946 iii.
1457 2919 1508 2946 82.
1526 2919 1577 2947 19.
