1926 3224
580 209 812 257 LIBER
860 207 1160 257 SEXTUS.

1519 216 1608 256 561

331 341 464 383 Hocc’
484 340 605 382 etiam
626 355 746 396 super
765 348 838 391 est,
856 339 941 395 ipsa
962 354 1085 396 quam
1100 339 1235 380 dicere
1254 337 1306 380 de
1324 351 1369 380 re

157 418 240 454 980
271 414 521 471 Adgredior,
543 414 654 471 quod
674 414 898 456 dicundum
917 414 1030 469 prius
1050 428 1135 454 esse
1153 412 1325 454 videtur.

271 488 407 530 Multa
426 489 625 530 foramina
644 503 768 543 quom
789 488 909 528 variis
929 488 1010 528 sint
1029 486 1189 527 reddita
1207 486 1344 538 rebus,

269 562 466 603 Dissimili
486 564 592 603 inter
611 576 653 602 se
671 559 817 601 natura
838 560 1011 614 praedita
1031 559 1182 600 debent

269 636 382 686 Esse,
404 642 444 675 et
463 635 614 675 habere
628 648 742 674 suam
757 640 947 673 naturam
968 646 1156 687 quaeque,
1178 633 1354 687 viasque.

268 709 434 764 Quippe
453 716 493 748 et
513 709 621 749 enim
636 707 759 748 varici
781 721 919 748 sensus
939 706 1214 747 animantibus
1233 707 1389 757 insunt,

153 786 234 824 985
267 782 457 831 Quorum
478 784 647 837 quisque
668 796 783 823 suam
803 781 970 836 proprie
990 795 1076 822 rem
1096 781 1270 836 percipit
1289 782 1332 822 in
1353 796 1405 822 se.

265 856 372 897 Nam
394 863 608 910 penetrare
627 856 706 896 alio
726 855 896 905 sonitus,
919 855 1077 910 alioque
1097 869 1283 911 saporem

265 930 482 971 Cernimus
503 944 526 971 e
545 929 664 979 sucis,
687 928 766 969 alio
785 928 941 970 nidoris
961 928 1118 970 odores.

160 1098 234 1128 Ver.
251 1099 322 1129 975.
345 1099 576 1129 amaracinum:
603 1097 697 1129 Vind.
715 1103 758 1130 Ω.
773 1110 840 1130 ma-

116 1150 250 1180 ricinum
256 1165 267 1185 ,·
285 1149 325 1179 V.
341 1149 387 1179 ed.
400 1151 566 1185 moricum
585 1149 624 1185 Q.
633 1152 838 1186 maruciam,-

119 1206 156 1232 Δ.
177 1206 211 1232 Σ.
235 1201 433 1230 maritimum.
478 1200 522 1230 Et
546 1201 602 1230 hos
627 1211 731 1230 versus
752 1200 840 1230 aliter

115 1255 214 1294 possis
231 1255 463 1295 interpungere,
483 1256 541 1285 hoc
557 1255 651 1285 modo
666 1255 792 1286 scilicet:

144 1344 279 1375 Denique,
299 1344 482 1369 amaracinum
505 1344 606 1376 fugitat
622 1352 675 1375 sus,
697 1350 724 1370 et
741 1346 836 1376 timet;

237 1395 319 1413 omne

145 1437 325 1468 Unguentum
336 1443 400 1461 nam
411 1436 529 1468 setigeris
539 1436 618 1461 subus
630 1443 691 1462 acre
703 1443 836 1462 venenum

237 1478 276 1501 est
289 1482 296 1500 ε

111 1554 166 1586 sed
181 1561 310 1596 receptae
325 1555 539 1586 distinctiones
550 1555 651 1596 magis
663 1556 793 1595 placent.

156 1615 237 1646 Ibid.
273 1619 488 1646 amaracinum
514 1615 639 1656 fugitat
675 1627 734 1646 sus.
793 1617 833 1645 A.

115 1665 238 1696 Gellius
266 1667 301 1696 in
329 1667 429 1706 operis
457 1667 653 1706 praefatione:
695 1670 717 1684 “
732 1667 835 1696 Vetus

111 1721 134 1738 ‘⁴
150 1718 298 1759 adagium
311 1724 365 1753 est,
383 1717 472 1747 Nihil
484 1727 557 1747 cum
569 1717 682 1748 fidibus
692 1718 832 1758 gracu103

112 1773 135 1790 “
151 1771 231 1801 nihil
245 1781 318 1801 cum
335 1772 513 1801 amaracino
528 1769 609 1800 sui.’'

152 1830 229 1860 Ver.
249 1833 320 1861 974.
342 1831 444 1860 subus:
463 1829 503 1859 V.
520 1828 567 1859 ed.
582 1830 687 1866 subiis,·
706 1834 740 1860 Δ.
756 1831 830 1867 suis;

111 1885 147 1913 Σ.
162 1890 246 1919 vero,
261 1882 372 1912 suibus.

153 1940 228 1970 Ver.
256 1942 327 1972 976.
360 1951 495 1971 coenum:
523 1940 561 1971 O.
584 1945 620 1971 A.
649 1943 744 1978 coem';
768 1952 832 1971 non

108 1985 203 2030 male,
229 1991 283 2022 sed
305 2002 342 2022 ex
369 1998 550 2030 correctore,
573 1997 609 2022 ut
624 1999 745 2032 putem:
771 2003 829 2024 nec

106 2043 239 2083 vulgatis
268 2042 412 2073 dissentit
434 2043 559 2073 Nonius
581 2043 760 2081 Marcellus,
789 2045 828 2075 iv.

107 2097 179 2126 425.

150 2154 225 2186 Ver.
241 2157 313 2187 977.
335 2157 438 2187 suibus
463 2158 529 2187 hoec
552 2159 678 2188 munda.
724 2157 831 2192 Quam

107 2207 230 2243 damus,
245 2208 426 2238 constitutio
449 2208 553 2238 versus
576 2209 667 2238 nobis
692 2218 724 2238 se
739 2209 829 2238 obtu-

104 2259 194 2295 lerat,
213 2265 244 2289 et
258 2259 360 2289 arrisit
370 2259 445 2289 olim
461 2259 544 2296 aliis;
561 2269 628 2295 nec,
641 2260 666 2289 si
681 2260 829 2290 attentius

106 2310 213 2340 omnia
228 2310 387 2347 intuearis,
403 2320 467 2340 non
479 2310 615 2340 maxime
626 2310 724 2340 facilis
738 2317 830 2351 atque

105 2362 272 2401 probabilis
286 2361 414 2392 videtur.
460 2362 578 2403 Vulgo,
593 2363 683 2393 subus
697 2364 762 2394 lzaec
783 2374 830 2394 res

107 2416 239 2444 munda:
264 2413 318 2444 sed
346 2424 406 2444 vox
436 2424 483 2445 res
511 2414 760 2444 additamentum
783 2420 830 2445 est

103 2465 279 2504 doctorum,
302 2471 403 2496 metro
424 2466 589 2496 suffultum
611 2466 767 2504 euntium,
790 2467 828 2497 de

103 2518 210 2558 quoin
226 2518 283 2547 hac
298 2516 415 2547 caesura
430 2517 516 2547 haud
527 2523 642 2547 temere
651 2517 827 2548 timendum

103 2570 320 2604 est.—suibus‚·
344 2568 387 2598 ita
402 2574 505 2598 noster
519 2568 553 2598 in
575 2579 601 2599 v,
617 2573 689 2600 968.
712 2568 827 2608 scripti,

103 2620 311 2650 subus.—lzoec
326 2621 455 2650 munda:
482 2620 523 2649 V.
539 2618 586 2650 ed.
609 2621 674 2650 lzoec
688 2621 822 2654 maneta,-

102 2671 140 2702 L.
155 2673 300 2706 cz'vunda;
329 2671 367 2701 O.
388 2676 424 2702 Δ.
442 2674 506 2702 lzoec
521 2677 584 2701 lam
599 2673 713 2701 munda
717 2687 728 2708 ;
744 2671 827 2711 quod

103 2722 299 2752 sarcinatoris
314 2728 360 2752 est
375 2722 460 2752 haud
475 2722 569 2752 dubie
585 2722 712 2752 librarii:
738 2723 775 2752 P.
792 2727 826 2753 Σ.

103 2776 167 2804 Icaec
171 2774 316 2813 jucunda
323 2790 334 2810 ;
358 2774 452 2804 ctiam
468 2775 555 2810 bene,
571 2781 602 2804 et
616 2774 698 2804 favet
713 2774 749 2804 L.
766 2774 826 2804 uisi

103 2824 188 2864 quod
203 2825 316 2856 rectius
330 2827 490 2865 spurcities
505 2831 536 2855 et
549 2827 663 2856 munda
675 2825 826 2855 dictiones

103 2876 159 2907 sibi
175 2877 308 2908 invicem
323 2884 528 2919 opponantur.
574 2878 708 2914 Interea,
731 2877 823 2908 cavil-

884 1096 1014 1130 lationes
1028 1097 1207 1140 nugatorias
1218 1103 1248 1129 et
1259 1098 1398 1130 indoctas
1409 1098 1556 1131 Lambini
1572 1099 1606 1130 in

887 1151 1055 1192 Gifanium
1069 1151 1149 1182 nihil
1164 1161 1276 1182 moror.

930 1214 1003 1244 Ver.
1020 1217 1090 1246 978.
1113 1217 1202 1246 totez':
1229 1215 1266 1245 P.
1281 1217 1357 1252 παῖ,-
1380 1220 1412 1246 et
1427 1216 1467 1246 V.
1482 1215 1530 1247 ed.
1544 1218 1604 1248 vol-

882 1265 1163 1295 nera11tur.—Mox
1178 1266 1213 1296 P.
1229 1268 1315 1306 quia,
1331 1276 1387 1305 pro
1401 1277 1503 1307 quam.

926 1326 1000 1356 Ver.
1018 1329 1088 1358 985.
1098 1328 1224 1366 proprie
1230 1329 1381 1367 percipit:
1400 1328 1440 1358 V.
1453 1327 1500 1358 ed.
1509 1339 1606 1369 prope

876 1380 1030 1417 praecijn't.
1604 1421 1607 1424 Ι

926 1438 1001 1468 Ver.
1025 1440 1097 1469 986.
1120 1440 1199 1469 alio:
1225 1439 1243 1469 i.
1260 1449 1286 1469 e.
1309 1439 1342 1468 in
1365 1439 1464 1470 alium
1486 1439 1604 1480 locum,

882 1489 931 1520 vel
946 1490 1032 1520 aliud
1047 1501 1148 1531 genus
1162 1491 1331 1522 foraminis.
1370 1493 1459 1523 Nihil
1473 1493 1605 1532 planius.

883 1541 1103 1572 Audacissime
1112 1543 1185 1573 fecit
1194 1544 1376 1580 Lambinus,
1388 1545 1489 1575 Fabro
1499 1545 1605 1576 lauda-

880 1599 940 1630 tus,
971 1600 1001 1624 et
1023 1594 1174 1633 patienter
1198 1595 1367 1626 editoribus
1389 1596 1526 1636 auditus,
1549 1599 1604 1639 qui

880 1647 940 1676 alio
957 1651 1003 1676 ter
1017 1647 1051 1676 in
1065 1649 1128 1677 alia
1144 1647 1312 1677 mutaverit
1332 1654 1440 1678 contra
1461 1649 1604 1681 libros.-

879 1699 942 1727 alio
969 1700 1096 1729 sonitus:
1123 1703 1159 1729 Δ.
1180 1700 1242 1729 alio
1268 1703 1442 1740 sonituque;
1467 1706 1502 1733 Σ.
1527 1704 1603 1733 alios

875 1750 1000 1779 sonitus.

920 1808 994 1839 Ver.
1012 1812 1082 1841 987.
1097 1813 1227 1842 nidoris:
1240 1811 1342 1842 Vind.
1355 1813 1395 1842 V.
1408 1812 1455 1843 ed.
1471 1815 1601 1845 nidores.

876 1859 993 1890 —Post
1007 1861 1092 1891 hunc
1111 1872 1234 1892 versum
1257 1873 1334 1893 verr.
1351 1867 1421 1895 994.
1439 1867 1512 1895 995.
1537 1865 1600 1894 col-

875 1909 1018 1941 locantur
1033 1912 1066 1941 in
1078 1912 1116 1942 P.
1128 1912 1223 1943 Vind.
1237 1914 1278 1945 V..
1290 1913 1337 1943 ed.
1355 1914 1394 1944 O.
1408 1915 1447 1950 Q.
1461 1920 1495 1945 Δ.
1509 1920 1542 1946 Σ.
1557 1922 1600 1946 Ω.

877 1972 964 2003 aeque
994 1964 1090 2001 bene3
1114 1970 1207 2004 atque
1236 1964 1270 1994 in
1300 1975 1353 1994 sex
1381 1967 1601 2004 posterioribus

874 2017 1103 2057 exemplaribus
1125 2028 1183 2048 suo
1205 2018 1273 2048 loco
1296 2025 1487 2057 repetuntur.
1532 2021 1601 2051 Nos

873 2069 1033 2108 sequimur
1056 2069 1091 2098 L.
1116 2070 1163 2099 M.
1190 2069 1278 2099 codd.
1301 2070 1344 2099 sic
1367 2076 1517 2108 ponentes
1539 2081 1600 2102 ver.

875 2123 947 2152 995.
969 2120 1023 2160 qui
1047 2130 1108 2150 ver.
1133 2123 1203 2151 988.
1226 2126 1271 2150 est
1295 2121 1473 2161 vulgarium
1489 2122 1599 2153 editio-

875 2182 963 2207 num,
975 2178 1005 2201 et
1019 2172 1052 2201 in
1063 2171 1183 2211 scriptis
1198 2172 1344 2204 omnibus
1359 2174 1508 2213 exemplis
1522 2185 1598 2206 verr.

876 2227 946 2256 995.
964 2227 1034 2255 994.
1049 2224 1191 2254 comitari
1206 2224 1291 2255 solet.

917 2284 998 2315 Ibid.
1020 2286 1155 2315 nidoris:
1180 2284 1200 2316 i.
1217 2295 1242 2316 e.
1265 2287 1473 2317 ambustorum
1496 2298 1598 2318 rerum

872 2335 989 2366 odoris.

917 2396 989 2427 Ver.
1003 2400 1075 2429 988.
1092 2399 1246 2428 Praeterea
1255 2411 1265 2427 .·
1285 2398 1321 2428 P.
1334 2398 1375 2428 V.
1389 2398 1435 2429 ed.
1449 2399 1486 2429 B.
1497 2401 1596 2438 Prop-

872 2455 950 2480 terea
957 2465 968 2485 ‚·
987 2459 1045 2480 nec
1057 2450 1194 2489 profecto
1204 2449 1481 2482 male—manare:
1501 2451 1596 2482 Vind.

873 2503 912 2538 Q.
927 2513 1058 2533 manere.

913 2563 988 2593 Ver.
1006 2567 1076 2595 989.
1091 2565 1201 2603 lignis:
1219 2563 1263 2594 ita
1277 2563 1314 2594 L.
1331 2563 1378 2593 M.
1395 2568 1437 2600 at,
1453 2573 1508 2602 per
1522 2563 1595 2592 soli·

871 2618 935 2643 tam
951 2614 1179 2650 confusionem,
1196 2614 1232 2644 P.
1251 2614 1289 2645 O.
1307 2621 1354 2645 Ω.
1372 2616 1466 2654 tignis
1471 2629 1482 2650 ;
1494 2614 1535 2643 V.
1547 2612 1595 2644 ed.

872 2672 908 2698 A.
925 2672 959 2698 Σ.
983 2669 1080 2706 ignis.-
1105 2665 1212 2706 vulgo,
1232 2677 1290 2705 per
1303 2667 1388 2705 ligna
1396 2681 1406 2701 ;
1431 2664 1596 2695 temerario

872 2720 1021 2757 facinore,
1044 2725 1151 2750 contra
1175 2720 1270 2749 libros
1285 2725 1400 2749 veteres
1424 2719 1596 2757 universos,

869 2783 1060 2814 quamquam
1092 2772 1248 2803 collatoris
1276 2771 1373 2802 Vind.
1403 2771 1595 2811 negligentia

869 2826 950 2855 hanc
966 2825 1151 2864 scripturam
1167 2823 1255 2854 codd.
1271 2823 1334 2853 suis
1348 2823 1490 2862 imputet.

913 2877 985 2908 Ver.
1002 2876 1074 2909 9'90.
1096 2879 1188 2908 vitro.-
1217 2874 1313 2906 Vind.
1330 2877 1410 2906 intro
1416 2890 1428 2912 ;
1445 2874 1591 2905 eum-eis-

829 2936 930 2967 Aa2
