1926 3224
313 226 408 270 342

815 221 875 268 Τ.
916 219 1292 268 LUCRETII

451 354 657 409 Tempore
678 365 728 392 eo
747 351 780 391 si
800 349 973 392 odorata
992 357 1066 400 aet,
1088 349 1171 406 quo
1190 357 1400 392 menstrua
1418 348 1547 393 solvit.
1563 350 1566 352 ’

506 426 724 481 Multaque
741 433 941 480 praeterea
960 423 1196 482 languentia
1214 424 1399 466 membra
1417 439 1491 480 per
1510 431 1621 468 artus

451 501 638 550 Solvunt,
660 507 782 556 atque
801 500 981 541 animam
1002 497 1245 540 labefactant
1265 498 1428 540 sedibus
1447 499 1569 541 intus.

505 574 712 629 Denique,
735 573 768 614 si
788 572 927 614 calidis
947 573 1071 614 etiam
1091 580 1256 614 contere
1275 572 1449 614 lavabris

337 652 418 688 800
450 647 630 698 Plenior,
651 656 692 689 et
709 647 832 689 fueris
852 647 953 689 solio
971 647 1162 689 ferventis
1182 650 1321 703 aqua‘1'3

449 721 588 771 Quam
607 722 722 763 facile
740 722 784 762 in
805 722 942 763 medio
962 721 1010 762 fit
1029 722 1111 763 utei
1133 722 1203 763 des
1223 737 1331 777 saepe
1351 721 1513 763 ruinas?

506 795 827 852 Carbonumque
845 796 980 854 gravis
999 796 1072 848 vis,
1095 804 1217 853 atque
1236 797 1355 847 odor,
1377 797 1607 837 insinuatur

304 955 369 980 rata
391 949 424 980 in
447 949 545 980 animi
569 949 715 990 deliquio.
757 950 864 982 Julius
890 950 1027 988 Solinus,

304 1011 370 1040 cap.
395 1001 516 1031 xii.-“
531 1001 593 1043 qud
621 1004 722 1033 odoris
752 1003 888 1033 novitate
913 1004 1028 1043 obsepi-

304 1055 328 1070 “
343 1059 403 1090 tus,
420 1052 642 1094 aliquantisper
656 1063 712 1092 pro
722 1055 857 1084 exanimi
867 1052 1026 1094 jactitatus

304 1104 465 1135 “est-—.'’
511 1105 562 1135 Sic
591 1105 655 1135 alii.
703 1105 790 1135 Hinc
820 1111 925 1136 autem
956 1106 1029 1135 satis

302 1160 430 1191 constat,
453 1156 577 1194 phrases
592 1155 665 1186 istas
678 1158 792 1195 sopitus
817 1158 928 1196 quiete,
950 1167 1026 1186 som-

300 1216 349 1241 no,
372 1216 408 1236 ac
430 1206 556 1243 similes,
581 1207 665 1248 (vide
687 1207 727 1236 sis
749 1206 793 1236 iii.
818 1209 889 1236 452.
914 1205 1023 1244 1051.)

300 1257 387 1288 haud
401 1268 467 1289 esse
488 1258 622 1289 inaniter
643 1257 860 1288 redundantes.
899 1256 942 1286 Et
964 1257 1025 1286 huc

301 1307 382 1338 refer
392 1309 616 1349 Porphyrium,
632 1308 671 1338 de
682 1310 757 1338 abst.
769 1307 812 1337 iii.
829 1310 856 1337 7.
876 1312 930 1337 Koea
946 1307 962 1339 ἦ
973 1320 1025 1338 κυ-

301 1371 358 1390 εσα
373 1360 472 1395 ἵππος,
500 1359 609 1390 ετειδαν
624 1366 796 1400 οσφρησηται
820 1365 918 1399 λυχνε
933 1370 1026 1389 morso·-

303 1410 430 1449 ξεσμενυ,
453 1411 622 1448 affigamus,
643 1410 677 1443 ὦς
694 1412 841 1451 ανέρωπος.

345 1469 419 1498 Ver.
437 1470 507 1500 795.
529 1471 575 1499 ei:
602 1468 645 1498 sic
662 1468 698 1498 P.
717 1468 758 1499 Ο.
778 1475 813 1500 Δ.
829 1473 863 1500 Σ.
890 1475 934 1499 Ω.
956 1468 1024 1498 vul-

299 1529 352 1559 go,
376 1521 419 1550 eii
423 1533 434 1555 ;
459 1519 524 1558 sed,
551 1526 587 1550 ut
609 1519 730 1559 opinor,
758 1521 873 1561 absque
895 1521 1026 1551 vetustis

299 1570 536 1610 exemplaribus.

344 1622 424 1654 Ibid.
447 1625 585 1654 nzanibus
611 1626 738 1660 teneris;
762 1636 857 1664 χερσιν
881 1624 1024 1660 Erulum

299 1674 473 1711 Homerus,
497 1675 558 1706 Od.
582 1681 620 1706 Φ.
645 1678 716 1706 150.
743 1681 775 1705 et
796 1677 929 1706 nitidum
953 1687 1026 1716 opus

300 1726 384 1766 apud
399 1727 535 1758 eundem
550 1727 637 1757 audit
653 1728 730 1758 icen-ov
744 1741 903 1769 μαρμαρεον
919 1733 950 1757 et
965 1741 1024 1767 αγ-

303 1784 383 1814 λαον,
409 1778 446 1808 11.
463 1784 500 1809 X.
520 1782 591 1809 441.
619 1778 679 1809 Od.
705 1785 733 1809 Β.
750 1782 823 1810 109.
861 1778 1024 1819 Virgilius,

302 1829 377 1859 AEn.
394 1829 436 1859 xi.
455 1832 527 1860 578.

360 1907 429 1932 Tela
439 1914 518 1931 manu
524 1907 581 1938 jam
594 1910 653 1932 tum
665 1907 750 1931 teneni
763 1907 875 1939 puerilia
888 1908 973 1932 torsit.

302 1978 364 2010 Sed
379 1979 463 2009 enim
479 1978 694 2009 ornatissimus
707 1979 847 2019 ejusdem
863 1980 961 2018 po‘e'tae
975 1979 1021 2009 lo-

301 2041 364 2066 cus,
380 2030 452 2061 ibid.
468 2030 511 2061 ix.
526 2033 597 2062 475.
613 2031 686 2061 huic
696 2031 885 2062 Lucretiano
895 2041 958 2061 nou
974 2031 1022 2062 ni-

300 2081 345 2112 hil
361 2081 466 2112 debet:

463 2162 564 2187 subitus
575 2161 680 2187 miserae
694 2162 766 2186 calor
778 2169 835 2187 ossa
845 2162 965 2193 reliquit:

330 2203 442 2227 Excussi
451 2202 576 2227 manibus
587 2202 664 2232 radii,
675 2202 850 2233 revolutaque
861 2208 951 2234 pensa:

301 2277 399 2308 nobili
413 2277 554 2318 quamvis
568 2277 735 2308 duumviro
751 2277 937 2307 Latinorum
954 2277 1024 2307 Ho-

301 2339 406 2360 merea
420 2329 472 2360 fax
488 2328 674 2369 praeluxerit,
691 2339 728 2359 ex
746 2329 784 2359 Il.
800 2334 837 2359 X.
853 2331 926 2359 447.

322 2421 433 2445 Κωκυτυ
445 2417 467 2444 δ’
478 2427 566 2448 ἥκετε,
587 2428 634 2444 και
645 2427 763 2450 οιμωγγῆ,
785 2427 836 2443 aero
847 2423 938 2452 empye·

322 2467 378 2494 Τῆς
393 2464 415 2491 δ’
431 2465 543 2499 ελελιχθη
555 2476 625 2497 yma,
641 2475 733 2499 χωμσιι
747 2464 771 2490 ξε
783 2464 804 2490 οἱ
815 2473 899 2491 mxu-t
914 2473 1005 2499 κερκις.

303 2544 456 2575 Fortassis
483 2550 589 2574 autem
614 2545 725 2575 teneris
751 2545 891 2574 manibus
912 2543 1027 2573 rectius

302 2594 544 2634 interpretemur
557 2605 613 2634 per
629 2596 739 2637 ὑγραις,
762 2594 927 2631 flexilibus,
944 2593 1024 2624 mol-

301 2645 396 2685 libus,
418 2647 594 2688 languidis;
618 2647 657 2678 de
678 2646 741 2687 qua
761 2657 794 2677 re
817 2652 939 2677 nosmet
953 2655 1027 2675 con·

305 2697 427 2728 sulendi
442 2698 482 2729 ad
499 2698 574 2729 Silv.
594 2698 669 2728 Crit.
684 2698 728 2728 iii.
744 2707 773 2737 p.
789 2700 860 2728 157.
883 2703 914 2727 et
936 2706 1027 2736 supe-

303 2746 382 2784 rius,
396 2748 428 2778 ii.
445 2752 517 2780 596.
562 2749 651 2779 Hinc
673 2755 754 2779 recte
776 2748 878 2787 capias
901 2747 1028 2786 Euripi-

304 2796 390 2836 dem,
413 2799 521 2830 Pboen.
549 2803 638 2830 1448.
662 2800 715 2831 ubi
738 2809 872 2840 magnus
893 2797 1027 2829 Valcke-

304 2849 427 2886 na'e'ruS‚
450 2851 561 2891 etalii,
583 2852 694 2883 versati
717 2857 791 2883 sunt
811 2860 907 2892 quam
921 2849 1028 2881 infeli.

304 2910 440 2932 emitae:

1030 1772 1034 1776 ·
1069 1758 1091 1773 “
1107 1766 1159 1786 ras
1173 1755 1300 1794 penitus
1315 1753 1530 1794 propagatus.''

1504 955 1627 981 Ἐτεοκλῆς
1638 953 1704 984 ava}

1149 1004 1236 1027 Ηκεσε
1245 1007 1349 1035 'wmpog'
1362 1000 1473 1033 zqtmom
1483 1001 1607 1025 ‘TPPAN
1620 1001 1729 1031 XEPA,

1150 1050 1231 1077 Φωνω
1241 1057 1285 1081 μεν
1300 1058 1334 1073 uz
1346 1055 1521 1080 αφηκεν--.

1070 1127 1090 1156 i.
1106 1137 1131 1156 e.
1155 1135 1288 1155 manum
1309 1131 1410 1155 morte
1430 1126 1580 1163 laxatam,
1596 1124 1793 1166 languidam-

1070 1187 1140 1217 que.

1112 1230 1185 1260 Ver.
1202 1231 1272 1261 796.
1284 1232 1427 1261 odorata:
1448 1230 1483 1261 P.
1500 1231 1590 1261 odora
1600 1245 1611 1267 ;
1630 1236 1674 1261 Ω..
1687 1233 1795 1262 odora-

1068 1290 1144 1314 tata.

1114 1333 1194 1365 Ibid.
1216 1336 1244 1366 si
1265 1335 1389 1365 odorata
1411 1338 1462 1364 est.
1508 1332 1677 1363 Rationem
1701 1333 1796 1364 metri

1068 1386 1182 1416 clarius
1195 1385 1368 1426 perspicies,
1385 1384 1580 1415 rescribendo
1589 1384 1629 1414 ad
1642 1384 1794 1425 antiquis-

1069 1437 1181 1467 simam
1197 1446 1352 1473 normam,
1370 1437 1414 1466 sei
1421 1449 1430 1465 :
1457 1435 1573 1465 senties
1586 1434 1683 1472 enim,
1697 1434 1796 1466 alterii

1069 1489 1166 1519 vocali
1191 1488 1275 1524 elisa,
1299 1487 1427 1518 alteram
1456 1485 1600 1527 relinqui.
1646 1487 1796 1519 Similiter

1069 1541 1102 1571 in
1121 1540 1238 1571 Graecis
1253 1541 1312 1570 hoc
1327 1549 1426 1580 genus
1441 1539 1605 1568 vocabulis.

1114 1601 1187 1630 Ver.
1205 1604 1275 1632 797.
1291 1601 1471 1639 languentia
1485 1601 1614 1630 membra
1621 1611 1678 1640 per
1692 1606 1794 1632 artus:

1070 1653 1151 1682 “ita
1180 1652 1306 1689 scilicet,
1335 1657 1372 1681 ut
1396 1651 1452 1680 iste
1478 1650 1610 1691 languor
1631 1651 1663 1680 in
1686 1651 1795 1682 omnia

1070 1707 1092 1722 “
1109 1705 1238 1735 membra
1254 1702 1457 1738 diffundatur,
1482 1712 1537 1741 per
1551 1713 1659 1733 omnes
1660 1703 1794 1743 junctu-

1573 1753 1661 1790 Quid
1681 1755 1796 1786 distent

1068 1805 1149 1835 inter
1163 1816 1194 1835 se
1209 1806 1339 1836 membra
1364 1811 1395 1834 ct
1409 1811 1506 1841 artus,
1529 1804 1603 1835 alibi
1619 1815 1676 1836 nos
1698 1815 1794 1846 expo-

1068 1858 1196 1889 suimus.

1110 1910 1185 1941 Ver.
1203 1914 1273 1942 798.
1295 1916 1403 1950 atquc:
1431 1909 1467 1940 P.
1483 1916 1590 1950 utque;
1614 1916 1645 1941 et
1661 1916 1695 1943 Σ.
1713 1913 1793 1944 labe.

1055 1963 1195 2003 faciunt.

1112 2012 1190 2044 ibid.
1215 2015 1335 2043 Solvzmt
1351 2019 1442 2052 atque
1455 2012 1647 2053 labefizctant.
1686 2015 1793 2047 Amo-

1066 2064 1146 2101 bius,
1170 2063 1220 2094 lib.
1239 2063 1269 2093 ii.
1287 2074 1315 2102 p.
1334 2067 1382 2093 81.
1408 2067 1429 2081 ‘⁴
1448 2063 1533 2098 Quid
1544 2070 1589 2094 est
1600 2064 1694 2101 enim,
1710 2066 1794 2107 quod

1071 2119 1092 2133 “
1109 2116 1247 2144 humana
1263 2114 1389 2154 ingenia
1402 2115 1599 2154 labefactare,
1622 2117 1792 2156 dissolvere,

1070 2169 1091 2184 “
1109 2165 1212 2195 studio
1227 2164 1480 2194 contradictionis
1495 2175 1560 2194 non
1576 2165 1792 2199 audeant—?”

1112 2217 1185 2247 Ver.
1203 2220 1273 2248 799.
1295 2218 1338 2247 si:
1365 2216 1505 2246 hodierni
1529 2216 1661 2247 editores
1683 2228 1721 2248 ex
1742 2229 1792 2250 ar.

1069 2268 1173 2305 bitrio,
1195 2269 1224 2298 si
1240 2270 1287 2304 in;
1314 2277 1370 2306 pro
1383 2266 1474 2297 soliti:
1495 2267 1792 2302 temeritate—cim-

1069 2326 1142 2357 tere,
1165 2319 1213 2348 vel
1228 2325 1380 2356 cunctere,
1403 2320 1551 2350 lavabris:
1577 2318 1614 2349 P.
1631 2319 1672 2350 V.
1687 2319 1734 2351 ed.
1752 2319 1792 2352 0.

1070 2378 1104 2405 Σ.
1121 2385 1188 2404 cum
1204 2379 1231 2403 te
1246 2374 1409 2409 relat-aris,-
1431 2371 1526 2403 vind.
1543 2379 1660 2404 cunctoe
1675 2376 1792 2406 relava-

1068 2427 1112 2454 ris
1118 2441 1128 2460 ;
1147 2425 1185 2460 Q.
1201 2430 1339 2454 cunctere
1353 2426 1485 2460 lavaris‚·
1506 2429 1541 2454 Δ.
1556 2431 1694 2456 cunctere
1707 2427 1793 2456 tava-

1070 2481 1130 2509 cris
1135 2494 1146 2514 ;
1173 2484 1217 2508 Ω.
1233 2484 1350 2509 contere
1366 2478 1678 2517 lavari.—Profecto‚
1694 2488 1792 2520 qum-

1070 2536 1139 2559 turn
1155 2530 1262 2567 sciam,
1283 2539 1341 2560 vox
1364 2531 1521 2560 lambrum
1547 2530 1621 2560 alibi
1649 2540 1713 2561 non
1737 2540 1791 2561 ex·

1071 2588 1140 2620 stat,
1163 2582 1217 2613 sed
1231 2583 1365 2622 speciem
1388 2583 1551 2622 primitivae
1573 2583 1716 2614 dictionis
1728 2593 1794 2622 prae

1071 2645 1103 2665 se
1126 2635 1201 2672 fert;
1224 2634 1319 2671 unde,
1344 2634 1468 2665 AEolico
1489 2635 1648 2675 digamma
1669 2634 1793 2674 extrito,

1071 2686 1190 2717 sactum
1211 2692 1258 2716 est
1277 2687 1426 2723 Ιααὸνιυη,
1450 2692 1481 2716 et
1502 2688 1628 2716 labrum.
1673 2685 1793 2716 Saltem

1071 2737 1285 2768 sincerissimae
1299 2738 1488 2768 membranae
1503 2737 1539 2767 L.
1557 2737 1603 2766 M.
1627 2735 1793 2767 audiendae

1070 2796 1155 2828 sunt,
1178 2795 1208 2819 et
1223 2790 1281 2820 hoc
1303 2799 1403 2830 genus
1417 2787 1566 2819 vocabula
1586 2787 1701 2818 rariora
1721 2797 1792 2828 pas-

1071 2841 1132 2872 sim
1145 2840 1250 2871 scribis
1263 2840 1395 2870 indoctis
1408 2838 1562 2878 corrumpi
1577 2837 1685 2869 solent.

1114 2901 1190 2932 Ver.
1203 2904 1273 2933 800.
1295 2906 1322 2932 et
1327 2899 1449 2942 fueris.-
1477 2905 1521 2931 n.
1543 2898 1695 2940 qfflueris,·
1718 2895 1792 2931 reli-
