1926 3224
274 223 368 264 204

773 216 833 265 T.
881 213 1258 264 LUCRETII

420 349 561 398 Quam
580 345 691 387 lubet
708 345 753 385 in
772 345 947 386 formam
967 353 1008 386 et
1025 344 1170 387 faciem
1189 345 1404 387 decurrere
1421 360 1579 397 rerum5

418 422 475 463 Et
493 433 682 476 prorsum
701 432 825 474 quam
843 418 904 459 vis
922 418 966 459 in
986 426 1106 460 acuta
1124 433 1172 460 ac
1187 419 1328 479 tenuia
1346 433 1464 475 posse

417 494 673 536 Mucronum
691 492 787 534 duci
805 491 964 549 fastigia
982 492 1266 548 procudendo,

274 573 385 610 ,1265
418 567 480 610 Ut
500 567 576 608 sibi
594 566 674 608 tela
691 573 855 622 parent3
887 565 1096 622 sylvasque
1114 574 1155 607 et
1174 566 1333 607 caedere
1350 567 1522 622 possint,

419 641 719 697 Materiemque
738 640 892 690 dolare,
923 640 1055 681 levare
1075 655 1123 681 ac
1141 639 1285 681 radere
1304 641 1435 698 tigna,

418 715 475 757 Et
493 715 700 757 terebrare
718 714 857 763 etiam,
887 727 935 754 ac
953 714 1216 769 pertundere,
1246 729 1400 770 perque
1418 714 1563 756 forare.

476 789 566 830 Nec
585 790 720 830 minus
740 794 912 845 argento
930 787 1062 829 facere
1079 788 1170 830 haec
1190 804 1370 844 auroque
1389 789 1605 844 parabant,

419 863 559 912 Quam
578 862 700 904 validi
727 862 907 917 primum
926 861 1111 904 violentis
1129 862 1282 904 viribus
1305 863 1414 904 aeris:

277 937 385 978 1270
415 935 705 993 Nequidquam
711 954 725 987 3
756 936 950 992 quoniam
969 936 1138 978 cedebat
1156 937 1263 979 victa
1280 944 1472 992 potestas,

417 1009 506 1051 Nec
525 1017 715 1065 poterant
733 1010 885 1065 pariter
904 1009 1054 1052 durum
1074 1009 1255 1052 subferre
1272 1009 1467 1051 laborem.

302 1181 401 1213 Jussisti
411 1182 488 1207 mota
498 1181 602 1207 victum
614 1189 659 1207 mc
671 1189 794 1213 quaerere
804 1183 893 1214 gleb'a,
904 1200 907 1201 ν

301 1223 335 1246 Et
343 1221 444 1247 steriles
452 1221 537 1253 spinas
547 1222 634 1253 sparsi
645 1228 693 1253 pro
704 1221 782 1254 fruge
791 1222 929 1246 levandas.

270 1293 290 1323 i.
306 1303 331 1323 e.
354 1293 515 1329 tollendas,
540 1292 747 1323 demetendas.
794 1291 833 1321 In
857 1291 993 1331 vulgari-

270 1344 329 1374 bus
343 1343 530 1374 editionibus
545 1343 589 1373 ita
603 1343 693 1373 scribi
708 1341 785 1372 solet
800 1352 918 1371 versus:

316 1416 455 1442 Materiem
467 1416 577 1445 laevam,
587 1415 687 1445 dolare,
703 1421 733 1438 ac
745 1414 837 1439 radere
847 1413 930 1445 tigna.

273 1486 464 1517 Sententiam
487 1486 649 1516 certiorem
670 1485 783 1526 quibus
805 1485 894 1521 ferre,
920 1496 993 1516 cum

269 1538 325 1569 tibi
341 1538 522 1569 recensitam
538 1537 652 1568 dedero
673 1537 813 1568 lectionis
837 1537 993 1568 dissimili-

268 1590 666 1620 tudinem—Materiam
708 1595 748 1619 n.
771 1590 993 1620 fiscanum.—

268 1642 388 1672 dolare:
415 1640 510 1672 Vind.
534 1643 688 1676 dolarenc;
713 1640 798 1681 quod
810 1647 991 1680 corruptum

268 1699 314 1723 est
328 1703 366 1723 ex
381 1694 469 1723 dola?
483 1700 522 1728 ee,
545 1692 611 1723 cod.
629 1699 674 1723 Ω.
696 1691 862 1732 scriptura:
890 1693 930 1722 V.
945 1692 992 1722 ed.

267 1746 381 1780 delere,·
409 1750 450 1775 11.
468 1749 503 1775 Σ.
527 1745 793 1774 dolaret.—levare
817 1754 872 1774 ac:
898 1743 934 1774 P.
953 1755 991 1775 ac

265 1798 371 1832 laevitu
396 1795 450 1826 sed
464 1796 532 1836 ejus
551 1795 643 1834 prisci
668 1795 756 1825 codd.
779 1795 907 1834 receptis
929 1794 990 1825 lec-

266 1847 413 1878 tionibus*
429 1845 715 1885 conspirant—ac.-
750 1846 787 1875 B.
813 1845 849 1875 L.
876 1845 924 1875 M.
951 1845 990 1876 O.

268 1903 303 1929 Δ.
321 1905 367 1930 Ω.
383 1901 569 1938 (eL—tigna:
595 1898 635 1928 V.
662 1897 710 1927 ed.
732 1900 831 1937 sigua.
875 1897 990 1928 Malim

267 1950 413 1991 equidem
427 1952 532 1990 Iigna;
558 1949 611 1980 sed
626 1949 729 1980 videas
745 1949 783 1979 vi.
802 1952 870 1980 102.
915 1949 989 1979 Vir.

267 2002 368 2042 gilius,
390 2011 458 2042 geo.
474 2002 493 2031 i.
513 2005 582 2031 144.

298 2082 365 2106 Nam
377 2080 456 2112 primi
467 2079 557 2105 cuneis
566 2080 722 2104 scindebant
732 2079 809 2105 fissile
819 2080 925 2112 IIgnmn.

269 2143 319 2174 Sic
347 2143 481 2183 denique
503 2142 754 2173 commodissime
784 2143 875 2173 scribi
903 2153 991 2182 posse

265 2205 388 2226 versum
405 2205 476 2225 mea
490 2194 550 2225 fert
568 2195 732 2232 sententia,
755 2194 888 2235 qualiter
902 2194 992 2225 video

266 2247 364 2278 ferme
379 2246 535 2277 Lambino
549 2247 713 2286 placuisse:

295 2320 491 2351 materiemque
502 2320 602 2350 dolare,
617 2326 648 2344 ac
658 2319 741 2344 levia
753 2318 854 2344 reddere
865 2319 944 2352 ligna.

267 2384 335 2414 Nec
351 2390 456 2414 tamen
471 2383 544 2414 satis
557 2393 673 2414 caussae
687 2388 826 2423 apparet,
842 2384 882 2413 ob
896 2392 991 2424 quam

266 2436 431 2476 purissima
446 2436 635 2476 exemplaria
649 2436 872 2476 proculcemus.

308 2487 384 2517 Ver.
402 2490 492 2519 1267.
516 2489 720 2528 pertundere:
745 2487 786 2517 V.
811 2486 858 2517 ed.
879 2497 989 2526 percu-

265 2541 335 2569 dere
344 2554 354 2575 ;
379 2538 398 2569 i.
414 2549 439 2569 e.
458 2541 632 2579 pertMere,
657 2538 683 2569 si
705 2545 717 2569 ε
733 2547 806 2568 cum
820 2548 837 2568 c
851 2542 990 2567 tantum-

266 2589 361 2620 modo
375 2596 486 2621 mutes.

308 2641 382 2671 Ver.
400 2644 492 2673 1269.
508 2643 606 2672 validi
618 2642 708 2672 oeris:
733 2646 855 2681 χαλκος
870 2652 992 2682 arsum,

267 2693 365 2724 Hom.
381 2694 420 2725 ad
438 2695 476 2726 Il.
495 2700 527 2726 E.
544 2698 615 2726 292.
638 2695 657 2724 i.
673 2704 699 2724 e.
719 2706 839 2736 στερεος,
858 2693 990 2731 validus,

267 2754 304 2774 ex
319 2744 485 2784 interprete
501 2745 670 2786 Hesychio.

309 2795 383 2825 Ver.
411 2799 501 2826 1270.
530 2803 678 2836 potestas:
710 2796 732 2826 i.
759 2805 785 2826 e.
806 2795 912 2833 robur,
934 2792 990 2832 vis,

266 2856 302 2877 ac
329 2845 468 2883 finnitas,
498 2848 566 2877 auri
599 2847 795 2888 argentique:
832 2855 992 2887 compares

266 2906 342 2928 verr.
361 2900 452 2928 1241.
470 2900 563 2929 1285.
583 2898 687 2939 ibique
700 2903 855 2930 annotata.

1079 1184 1154 1214 Ver.
1172 1186 1263 1214 1271.
1279 1188 1440 1222 poterant.-
1463 1181 1507 1213 sic
1528 1182 1665 1213 universi
1678 1182 1760 1220 libri.

1036 1241 1145 1275 praeter
1170 1235 1208 1266 B.
1233 1240 1267 1266 Δ.
1289 1241 1329 1265 Π.
1351 1235 1405 1274 qui
1431 1235 1545 1265 habent
1564 1241 1696 1274 poterat,
1719 1235 1761 1267 ad

1035 1293 1165 1327 gustum
1189 1285 1432 1316 insulsissimum
1449 1285 1613 1316 editorum.
1649 1286 1760 1316 Tacita

1037 1337 1226 1368 constructio
1248 1347 1285 1367 ea
1307 1342 1366 1374 est,
1389 1336 1514 1376 qualem
1532 1347 1612 1376 saepe
1627 1337 1760 1368 offendi-

1038 1399 1109 1418 mus
1140 1389 1174 1419 in
1204 1389 1341 1420 Lucretii
1379 1388 1527 1425 carmine,
1563 1389 1760 1419 suavissimas

1036 1440 1187 1470 sermonis
1211 1441 1373 1471 varietates
1397 1440 1554 1470 indefesso
1575 1440 1679 1470 studio
1704 1450 1760 1471 au-

1036 1491 1190 1530 cupantis:
1215 1494 1238 1510 “
1255 1493 1323 1522 AVec
1350 1497 1483 1530 potestas
1505 1491 1574 1521 auri
1589 1496 1681 1531 atque
1703 1500 1761 1530 po-

1037 1545 1060 1560 “
1077 1548 1169 1572 testas
1183 1543 1302 1582 argenti
1319 1541 1497 1582 poterant:''
1522 1542 1570 1572 hae
1584 1544 1656 1572 ἀπα.»
1676 1541 1760 1572 scili-

1036 1599 1084 1623 cet
1098 1593 1359 1631 potestates—Et
1374 1593 1538 1634 Virgilius,
1554 1603 1623 1634 geo.
1640 1592 1672 1624 ii.
1687 1596 1758 1624 412.

1036 1649 1073 1673 ut
1086 1649 1200 1682 noster,
1215 1646 1311 1674 durus
1325 1645 1419 1674 labor.

1079 1704 1153 1734 Ver.
1171 1707 1262 1735 1272.
1283 1715 1326 1736 aes
1347 1704 1467 1734 exsulat
1481 1703 1579 1735 vind.
1594 1704 1636 1734 V.
1658 1703 1704 1735 ed.
1723 1709 1758 1736 Σ.

1033 1754 1192 1794 —jacebat
1201 1768 1211 1784 :
1238 1761 1282 1786 Ω..
1294 1755 1452 1795 jacebant.
1495 1754 1539 1784 Et
1556 1765 1629 1784 uam
1652 1753 1684 1784 in
1700 1755 1760 1784 hoc

1034 1805 1102 1835 loco
1117 1811 1300 1845 potestatem
1311 1806 1403 1835 habet
1417 1804 1657 1845 exquishiorem,
1673 1810 1758 1834 tran-

1033 1857 1138 1887 sitioni
1153 1857 1302 1887 orationis
1316 1856 1513 1886 solummodo
1527 1855 1760 1886 inservientem:

1034 1909 1103 1939 vide
1118 1909 1158 1939 sis
1173 1909 1255 1940 dicta
1269 1908 1309 1939 ad
1325 1908 1366 1938 iii.
1384 1911 1411 1939 7.
1434 1914 1465 1939 et
1479 1907 1688 1944 Priscianum,
1704 1907 1758 1939 lib.

1034 1961 1115 1991 xviii.
1130 1972 1159 2000 p.
1176 1964 1268 1991 1170.

1077 2019 1156 2050 Ibid.
1171 2031 1280 2050 aurum
1287 2020 1420 2060 jacebat.
1446 2020 1492 2049 M.
1510 2018 1647 2057 Tullius,
1663 2018 1758 2049 Tusc.

1032 2072 1131 2111 dispp.
1146 2071 1166 2101 i.
1181 2075 1209 2102 2.
1233 2074 1255 2089 “
1273 2071 1388 2101 Honos
1401 2071 1454 2100 alit
1473 2077 1564 2108 artes,
1586 2080 1757 2111 omnesque

1034 2126 1056 2142 “
1073 2122 1284 2153 incenduntur
1299 2122 1338 2152 ad
1354 2122 1455 2152 studia
1470 2121 1584 2162 glori&
1590 2122 1757 2162 jacentque

1034 2178 1056 2193 “
1071 2185 1106 2205 ea
1137 2185 1265 2214 semper,
1295 2185 1362 2214 quae
1385 2176 1469 2214 apud
1491 2184 1620 2214 quosque
1643 2175 1757 2213 impro-

1035 2231 1057 2247 “
1073 2228 1216 2259 bantur-2⁸

1076 2279 1151 2309 Ver.
1168 2282 1261 2310 1275.
1280 2285 1432 2310 retusum:
1459 2279 1499 2308 V..
1522 2276 1570 2308 ed.
1598 2288 1755 2314 recusum;

1036 2336 1081 2360 Ω.
1116 2340 1283 2361 recussum-
1321 2329 1443 2360 Eadem
1479 2335 1525 2359 est
1554 2329 1683 2359 varietas
1717 2327 1759 2359 ad

1035 2381 1146 2411 Horat.
1163 2380 1212 2411 od.
1227 2383 1278 2412 55.
1293 2384 1343 2412 59.

1077 2433 1152 2463 Ver.
1170 2434 1262 2464 1275.
1283 2434 1450 2463 volvunda:
1476 2431 1512 2462 P.
1533 2430 1631 2462 Vind.
1647 2431 1688 2461 V.
1710 2430 1757 2462 ed.

1033 2486 1172 2516 volvendo
1178 2499 1189 2520 ;
1223 2483 1316 2519 male,
1346 2483 1430 2524 quod
1461 2482 1533 2513 satis
1561 2492 1599 2512 ex
1625 2481 1759 2522 Virgilio

1033 2535 1191 2576 patuisset,
1228 2534 1283 2575 qui
1311 2533 1482 2564 formulam
1511 2532 1659 2573 sublegit:
1691 2530 1757 2562 aedi

1033 2601 1095 2621 ver.
1111 2594 1183 2622 515.
1205 2590 1224 2620 i.
1240 2600 1265 2620 c.
1288 2597 1363 2620 celas
1379 2588 1515 2625 mobilis,
1527 2587 1574 2617 vel
1588 2586 1733 2617 volubilis.

1078 2649 1159 2681 Ibid.
1180 2656 1314 2689 tempora
1331 2659 1453 2680 rerum:
1478 2647 1497 2678 i.
1513 2656 1539 2677 c.
1553 2644 1756 2681 conditiones,

1033 2713 1069 2733 ac
1092 2703 1334 2742 tempestivitates
1362 2700 1463 2741 quasi,
1492 2707 1605 2728 rerum.
1649 2696 1757 2737 Virgi-

1034 2753 1104 2790 lius,
1130 2754 1204 2784 A'En.
1219 2752 1269 2783 vii.
1283 2755 1334 2783 57.

1167 2826 1214 2857 qui
1224 2831 1308 2858 reges,
1319 2823 1413 2848 Erato!
1433 2827 1495 2853 quae
1507 2824 1616 2854 tempora
1627 2827 1724 2846 rerum:

1035 2895 1055 2925 i.
1071 2905 1096 2926 e.
1111 2893 1300 2936 peculiarem
1315 2897 1442 2923 statum.
1488 2890 1571 2921 Vide
1585 2889 1735 2921 Servium.
