<?xml version="1.0" encoding="UTF-8"?>
<!DOCTYPE html PUBLIC "-//W3C//DTD XHTML 1.0 Transitional//EN"
    "http://www.w3.org/TR/xhtml1/DTD/xhtml1-transitional.dtd">
<html xmlns="http://www.w3.org/1999/xhtml" xml:lang="en" lang="en">
 <head>
  <title>
</title>
<meta http-equiv="Content-Type" content="text/html;charset=utf-8" />
  <meta name='ocr-system' content='tesseract 3.04.00' />
  <meta name='ocr-capabilities' content='ocr_page ocr_carea ocr_par ocr_line ocrx_word'/>
</head>
<body>
  <div class='ocr_page' id='page_1' title='image "./tlucretiicarider03lucruoft_0350.png"; bbox 0 0 1926 3224; ppageno 0'>
   <div class='ocr_carea' id='block_1_1' title="bbox 348 241 439 282">
    <p class='ocr_par' dir='ltr' id='par_1_1' title="bbox 348 241 439 282">
     <span class='ocr_line' id='line_1_1' title="bbox 348 241 439 282; baseline 0.022 -2"><span class='ocrx_word' id='word_1_1' title='bbox 348 241 439 282; x_wconf 80' lang='lat'><strong>328</strong></span> 
     </span>
    </p>
   </div>
   <div class='ocr_carea' id='block_1_2' title="bbox 850 240 1326 292">
    <p class='ocr_par' dir='ltr' id='par_1_2' title="bbox 850 240 1326 292">
     <span class='ocr_line' id='line_1_2' title="bbox 850 240 1326 292; baseline 0.013 -6"><span class='ocrx_word' id='word_1_2' title='bbox 850 241 909 287; x_wconf 93' lang='grc' dir='ltr'><strong>Τ.</strong></span> <span class='ocrx_word' id='word_1_3' title='bbox 948 240 1326 292; x_wconf 88' lang='lat' dir='ltr'><strong>LUCRETII</strong></span> 
     </span>
    </p>
   </div>
   <div class='ocr_carea' id='block_1_3' title="bbox 373 366 1745 714">
    <p class='ocr_par' dir='ltr' id='par_1_3' title="bbox 487 366 1745 572">
     <span class='ocr_line' id='line_1_3' title="bbox 489 366 1620 428; baseline 0.013 -22"><span class='ocrx_word' id='word_1_4' title='bbox 489 366 768 416; x_wconf 70' lang='lat' dir='ltr'><strong>Nominitant3</strong></span> <span class='ocrx_word' id='word_1_5' title='bbox 801 381 877 409; x_wconf 90' lang='lat' dir='ltr'><strong>nos</strong></span> <span class='ocrx_word' id='word_1_6' title='bbox 896 370 1008 424; x_wconf 92' lang='lat' dir='ltr'><strong>quod</strong></span> <span class='ocrx_word' id='word_1_7' title='bbox 1027 370 1161 414; x_wconf 85' lang='lat' dir='ltr'><strong>fauces</strong></span> <span class='ocrx_word' id='word_1_8' title='bbox 1179 373 1455 428; x_wconf 85' lang='lat' dir='ltr'><strong>perhibemus,</strong></span> <span class='ocrx_word' id='word_1_9' title='bbox 1476 385 1517 419; x_wconf 89' lang='lat' dir='ltr'><strong>et</strong></span> <span class='ocrx_word' id='word_1_10' title='bbox 1536 393 1620 421; x_wconf 86' lang='lat' dir='ltr'><strong>ora.</strong></span> 
     </span>
     <span class='ocr_line' id='line_1_4' title="bbox 491 439 1745 501; baseline 0.012 -20"><span class='ocrx_word' id='word_1_11' title='bbox 491 440 597 481; x_wconf 89' lang='lat' dir='ltr'><strong>Sunt</strong></span> <span class='ocrx_word' id='word_1_12' title='bbox 616 439 770 495; x_wconf 86' lang='lat' dir='ltr'>aliquot</span> <span class='ocrx_word' id='word_1_13' title='bbox 790 456 953 498; x_wconf 93' lang='lat' dir='ltr'><strong>quoque</strong></span> <span class='ocrx_word' id='word_1_14' title='bbox 971 458 1051 495; x_wconf 90' lang='lat' dir='ltr'><strong>res,</strong></span> <span class='ocrx_word' id='word_1_15' title='bbox 1073 460 1247 501; x_wconf 85' lang='lat' dir='ltr'><strong>quarum</strong></span> <span class='ocrx_word' id='word_1_16' title='bbox 1268 463 1391 491; x_wconf 87' lang='lat' dir='ltr'><strong>unam</strong></span> <span class='ocrx_word' id='word_1_17' title='bbox 1411 450 1547 493; x_wconf 86' lang='lat' dir='ltr'><strong>dicere</strong></span> <span class='ocrx_word' id='word_1_18' title='bbox 1566 467 1745 496; x_wconf 87' lang='lat' dir='ltr'>caussam</span> 
     </span>
     <span class='ocr_line' id='line_1_5' title="bbox 487 511 1638 572; baseline 0.012 -21"><span class='ocrx_word' id='word_1_19' title='bbox 487 511 586 553; x_wconf 91' lang='lat' dir='ltr'><strong>Non</strong></span> <span class='ocrx_word' id='word_1_20' title='bbox 607 513 700 554; x_wconf 88' lang='lat' dir='ltr'><strong>satis</strong></span> <span class='ocrx_word' id='word_1_21' title='bbox 721 522 796 565; x_wconf 92' lang='lat' dir='ltr'><strong>est,</strong></span> <span class='ocrx_word' id='word_1_22' title='bbox 818 530 961 558; x_wconf 88' lang='lat' dir='ltr'><strong>verum</strong></span> <span class='ocrx_word' id='word_1_23' title='bbox 980 517 1131 572; x_wconf 87' lang='lat' dir='ltr'><strong>plureis</strong></span> <span class='ocrx_word' id='word_1_24' title='bbox 1138 538 1151 570; x_wconf 73' lang='grc' dir='ltr'><strong><em>ς</em></strong></span> <span class='ocrx_word' id='word_1_25' title='bbox 1182 521 1293 563; x_wconf 90' lang='lat' dir='ltr'><strong>unde</strong></span> <span class='ocrx_word' id='word_1_26' title='bbox 1312 537 1396 564; x_wconf 89' lang='lat' dir='ltr'><strong>una</strong></span> <span class='ocrx_word' id='word_1_27' title='bbox 1415 531 1552 566; x_wconf 85' lang='lat' dir='ltr'><strong>tamen</strong></span> <span class='ocrx_word' id='word_1_28' title='bbox 1572 526 1638 568; x_wconf 92' lang='lat' dir='ltr'><strong>sit.</strong></span> 
     </span>
    </p>

    <p class='ocr_par' dir='ltr' id='par_1_4' title="bbox 373 585 1579 714">
     <span class='ocr_line' id='line_1_6' title="bbox 373 585 1575 652; baseline 0.013 -28"><span class='ocrx_word' id='word_1_29' title='bbox 373 586 453 626; x_wconf 85' lang='lat'><strong>705</strong></span> <span class='ocrx_word' id='word_1_30' title='bbox 488 585 649 640; x_wconf 86' lang='lat' dir='ltr'><strong>Corpus</strong></span> <span class='ocrx_word' id='word_1_31' title='bbox 668 594 714 628; x_wconf 86' lang='lat' dir='ltr'><strong>ut</strong></span> <span class='ocrx_word' id='word_1_32' title='bbox 734 589 971 631; x_wconf 88' lang='lat' dir='ltr'><strong>exanimum</strong></span> <span class='ocrx_word' id='word_1_33' title='bbox 991 592 1024 632; x_wconf 87' lang='lat' dir='ltr'><strong>si</strong></span> <span class='ocrx_word' id='word_1_34' title='bbox 1044 593 1155 647; x_wconf 92' lang='lat' dir='ltr'><strong>quod</strong></span> <span class='ocrx_word' id='word_1_35' title='bbox 1175 595 1318 648; x_wconf 87' lang='lat' dir='ltr'><strong>procul</strong></span> <span class='ocrx_word' id='word_1_36' title='bbox 1337 596 1423 651; x_wconf 90' lang='lat' dir='ltr'><strong>ipse</strong></span> <span class='ocrx_word' id='word_1_37' title='bbox 1437 597 1575 652; x_wconf 89' lang='lat' dir='ltr'><strong>jacere</strong></span> 
     </span>
     <span class='ocr_line' id='line_1_7' title="bbox 486 659 1579 714; baseline 0.014 -15"><span class='ocrx_word' id='word_1_38' title='bbox 486 659 724 714; x_wconf 89' lang='lat' dir='ltr'><strong>Conspicias</strong></span> <span class='ocrx_word' id='word_1_39' title='bbox 743 661 936 714; x_wconf 89' lang='lat' dir='ltr'><strong>hominis,</strong></span> <span class='ocrx_word' id='word_1_40' title='bbox 956 664 1005 706; x_wconf 82' lang='lat' dir='ltr'><strong>-fit</strong></span> <span class='ocrx_word' id='word_1_41' title='bbox 1025 674 1070 707; x_wconf 88' lang='lat' dir='ltr'><strong>ut</strong></span> <span class='ocrx_word' id='word_1_42' title='bbox 1090 669 1246 709; x_wconf 86' lang='lat' dir='ltr'><strong>omneis</strong></span> <span class='ocrx_word' id='word_1_43' title='bbox 1266 669 1401 712; x_wconf 79' lang='lat' dir='ltr'><strong>dicere</strong></span> <span class='ocrx_word' id='word_1_44' title='bbox 1421 686 1579 714; x_wconf 81' lang='lat' dir='ltr'><strong>caussas</strong></span> 
     </span>
    </p>
   </div>
   <div class='ocr_carea' id='block_1_4' title="bbox 485 732 1063 786">
    <p class='ocr_par' dir='ltr' id='par_1_5' title="bbox 485 732 1063 786">
     <span class='ocr_line' id='line_1_8' title="bbox 485 732 1063 786; baseline 0.014 -13"><span class='ocrx_word' id='word_1_45' title='bbox 485 732 714 776; x_wconf 82' lang='lat' dir='ltr'><strong>Conveniat</strong></span> <span class='ocrx_word' id='word_1_46' title='bbox 732 735 815 786; x_wconf 78' lang='lat' dir='ltr'><strong>leti,</strong></span> <span class='ocrx_word' id='word_1_47' title='bbox 837 737 997 780; x_wconf 85' lang='lat' dir='ltr'><strong>dicatur</strong></span> <span class='ocrx_word' id='word_1_48' title='bbox 1016 748 1063 781; x_wconf 92' lang='lat' dir='ltr'><strong>ut</strong></span> 
     </span>
    </p>
   </div>
   <div class='ocr_carea' id='block_1_5' title="bbox 1082 741 1304 784">
    <p class='ocr_par' dir='ltr' id='par_1_6' title="bbox 1082 741 1304 784">
     <span class='ocr_line' id='line_1_9' title="bbox 1082 741 1304 784; baseline 0.018 -4"><span class='ocrx_word' id='word_1_49' title='bbox 1082 741 1189 782; x_wconf 90' lang='lat' dir='ltr'><strong>illius</strong></span> <span class='ocrx_word' id='word_1_50' title='bbox 1209 758 1304 784; x_wconf 89' lang='lat' dir='ltr'><strong>una.</strong></span> 
     </span>
    </p>
   </div>
   <div class='ocr_carea' id='block_1_6' title="bbox 486 805 1621 875">
    <p class='ocr_par' dir='ltr' id='par_1_7' title="bbox 486 805 1621 875">
     <span class='ocr_line' id='line_1_10' title="bbox 486 805 1621 875; baseline 0.012 -28"><span class='ocrx_word' id='word_1_51' title='bbox 486 805 594 848; x_wconf 83' lang='lat' dir='ltr'><strong>Nam</strong></span> <span class='ocrx_word' id='word_1_52' title='bbox 615 822 748 864; x_wconf 89' lang='lat' dir='ltr'><strong>neque</strong></span> <span class='ocrx_word' id='word_1_53' title='bbox 767 825 861 852; x_wconf 92' lang='lat' dir='ltr'><strong>eum</strong></span> <span class='ocrx_word' id='word_1_54' title='bbox 881 811 1006 864; x_wconf 88' lang='lat' dir='ltr'><strong>ferro,</strong></span> <span class='ocrx_word' id='word_1_55' title='bbox 1028 829 1104 856; x_wconf 91' lang='lat' dir='ltr'><strong>nec</strong></span> <span class='ocrx_word' id='word_1_56' title='bbox 1127 815 1293 873; x_wconf 86' lang='lat' dir='ltr'><strong>frigore,</strong></span> <span class='ocrx_word' id='word_1_57' title='bbox 1315 819 1477 860; x_wconf 87' lang='lat' dir='ltr'><strong>vincere</strong></span> <span class='ocrx_word' id='word_1_58' title='bbox 1493 820 1621 875; x_wconf 90' lang='lat' dir='ltr'><strong>possis</strong></span> 
     </span>
    </p>
   </div>
   <div class='ocr_carea' id='block_1_7' title="bbox 328 977 1064 1692">
    <p class='ocr_par' dir='ltr' id='par_1_8' title="bbox 333 977 1064 1479">
     <span class='ocr_line' id='line_1_11' title="bbox 339 977 1062 1024; baseline 0.015 -16"><span class='ocrx_word' id='word_1_59' title='bbox 339 987 419 1015; x_wconf 62' lang='grc' dir='ltr'><strong>σωκ,-</strong></span> <span class='ocrx_word' id='word_1_60' title='bbox 445 977 484 1009; x_wconf 92' lang='lat' dir='ltr'><strong>O.</strong></span> <span class='ocrx_word' id='word_1_61' title='bbox 503 983 537 1010; x_wconf 93' lang='grc' dir='ltr'><strong>Δ.</strong></span> <span class='ocrx_word' id='word_1_62' title='bbox 559 982 668 1012; x_wconf 83' lang='lat' dir='ltr'><strong>verlice</strong></span> <span class='ocrx_word' id='word_1_63' title='bbox 690 993 736 1018; x_wconf 86' lang='lat' dir='ltr'><strong>m,·</strong></span> <span class='ocrx_word' id='word_1_64' title='bbox 761 986 796 1014; x_wconf 84' lang='grc' dir='ltr'><strong>Σ.</strong></span> <span class='ocrx_word' id='word_1_65' title='bbox 810 986 919 1016; x_wconf 79' lang='lat' dir='ltr'><strong>vertice</strong></span> <span class='ocrx_word' id='word_1_66' title='bbox 940 987 991 1024; x_wconf 77' lang='lat' dir='ltr'><strong>nl;</strong></span> <span class='ocrx_word' id='word_1_67' title='bbox 1017 992 1062 1018; x_wconf 84' lang='grc' dir='ltr'><strong>Ω.</strong></span> 
     </span>
     <span class='ocr_line' id='line_1_12' title="bbox 337 1032 1064 1072; baseline 0.014 -12"><span class='ocrx_word' id='word_1_68' title='bbox 337 1032 446 1061; x_wconf 66' lang='lat' dir='ltr'><strong>vertice</strong></span> <span class='ocrx_word' id='word_1_69' title='bbox 470 1032 522 1061; x_wconf 83' lang='lat' dir='ltr'><strong>in.-</strong></span> <span class='ocrx_word' id='word_1_70' title='bbox 547 1042 617 1072; x_wconf 82' lang='lat' dir='ltr'><strong>quae</strong></span> <span class='ocrx_word' id='word_1_71' title='bbox 645 1034 826 1071; x_wconf 82' lang='lat' dir='ltr'><strong>posteriores</strong></span> <span class='ocrx_word' id='word_1_72' title='bbox 854 1038 1064 1069; x_wconf 87' lang='lat' dir='ltr'><strong>aberrationes</strong></span> 
     </span>
     <span class='ocr_line' id='line_1_13' title="bbox 337 1081 1064 1127; baseline 0.014 -17"><span class='ocrx_word' id='word_1_73' title='bbox 337 1086 458 1111; x_wconf 86' lang='lat' dir='ltr'><strong>cunctae</strong></span> <span class='ocrx_word' id='word_1_74' title='bbox 486 1081 576 1112; x_wconf 88' lang='lat' dir='ltr'><strong>facile</strong></span> <span class='ocrx_word' id='word_1_75' title='bbox 606 1083 800 1115; x_wconf 83' lang='lat' dir='ltr'><strong>exorirentur</strong></span> <span class='ocrx_word' id='word_1_76' title='bbox 834 1089 1064 1127; x_wconf 66' lang='lat' dir='ltr'><strong>compendiaria</strong></span> 
     </span>
     <span class='ocr_line' id='line_1_14' title="bbox 339 1132 1064 1176; baseline 0.012 -14"><span class='ocrx_word' id='word_1_77' title='bbox 339 1132 490 1172; x_wconf 69' lang='lat' dir='ltr'><strong>scriptura</strong></span> <span class='ocrx_word' id='word_1_78' title='bbox 515 1146 553 1164; x_wconf 72' lang='lat' dir='ltr'><strong>eta</strong></span> <span class='ocrx_word' id='word_1_79' title='bbox 575 1137 666 1170; x_wconf 85' lang='lat' dir='ltr'><strong>enim,</strong></span> <span class='ocrx_word' id='word_1_80' title='bbox 690 1136 774 1176; x_wconf 90' lang='lat' dir='ltr'><strong>quod</strong></span> <span class='ocrx_word' id='word_1_81' title='bbox 788 1137 920 1169; x_wconf 89' lang='lat' dir='ltr'><strong>Vossius</strong></span> <span class='ocrx_word' id='word_1_82' title='bbox 935 1146 966 1170; x_wconf 88' lang='lat' dir='ltr'><strong>et</strong></span> <span class='ocrx_word' id='word_1_83' title='bbox 981 1140 1064 1170; x_wconf 91' lang='lat' dir='ltr'><strong>Tur-</strong></span> 
     </span>
     <span class='ocr_line' id='line_1_15' title="bbox 335 1185 1063 1229; baseline 0.011 -16"><span class='ocrx_word' id='word_1_84' title='bbox 335 1185 442 1220; x_wconf 81' lang='lat' dir='ltr'><strong>nebus,</strong></span> <span class='ocrx_word' id='word_1_85' title='bbox 475 1185 620 1216; x_wconf 89' lang='lat' dir='ltr'><strong>Bentleio</strong></span> <span class='ocrx_word' id='word_1_86' title='bbox 648 1188 808 1225; x_wconf 83' lang='lat' dir='ltr'><strong>probante,</strong></span> <span class='ocrx_word' id='word_1_87' title='bbox 847 1191 1063 1229; x_wconf 87' lang='lat' dir='ltr'><strong>restituerunt;</strong></span> 
     </span>
     <span class='ocr_line' id='line_1_16' title="bbox 335 1237 1061 1274; baseline 0.01 -10"><span class='ocrx_word' id='word_1_88' title='bbox 335 1243 449 1274; x_wconf 87' lang='lat' dir='ltr'><strong>nempe</strong></span> <span class='ocrx_word' id='word_1_89' title='bbox 474 1238 584 1267; x_wconf 78' lang='lat' dir='ltr'><strong>vertice</strong></span> <span class='ocrx_word' id='word_1_90' title='bbox 610 1237 644 1272; x_wconf 69' lang='grc' dir='ltr'><strong>ἦ,</strong></span> <span class='ocrx_word' id='word_1_91' title='bbox 667 1237 716 1266; x_wconf 85' lang='lat' dir='ltr'><strong>vel</strong></span> <span class='ocrx_word' id='word_1_92' title='bbox 738 1243 997 1270; x_wconf 69' lang='lat' dir='ltr'><strong>eim—crateres.-</strong></span> <span class='ocrx_word' id='word_1_93' title='bbox 1025 1246 1061 1272; x_wconf 84' lang='grc' dir='ltr'><strong>Σ.</strong></span> 
     </span>
     <span class='ocr_line' id='line_1_17' title="bbox 333 1287 1062 1333; baseline 0.008 -18"><span class='ocrx_word' id='word_1_94' title='bbox 333 1291 477 1322; x_wconf 85' lang='lat' dir='ltr'><strong>creteres,·</strong></span> <span class='ocrx_word' id='word_1_95' title='bbox 517 1287 634 1317; x_wconf 86' lang='lat' dir='ltr'><strong>Ionice.</strong></span> <span class='ocrx_word' id='word_1_96' title='bbox 689 1287 896 1319; x_wconf 88' lang='lat' dir='ltr'><strong>Phavorinus:</strong></span> <span class='ocrx_word' id='word_1_97' title='bbox 939 1296 1062 1333; x_wconf 71' lang='lat' dir='ltr'><strong>Kpom-np·</strong></span> 
     </span>
     <span class='ocr_line' id='line_1_18' title="bbox 333 1338 1060 1378; baseline 0.01 -12"><span class='ocrx_word' id='word_1_98' title='bbox 333 1348 460 1369; x_wconf 68' lang='lat' dir='ltr'><strong>ama-von</strong></span> <span class='ocrx_word' id='word_1_99' title='bbox 478 1349 515 1366; x_wconf 69' lang='lat' dir='ltr'><strong>»ru</strong></span> <span class='ocrx_word' id='word_1_100' title='bbox 531 1349 554 1366; x_wconf 81' lang='grc' dir='ltr'><strong>εν</strong></span> <span class='ocrx_word' id='word_1_101' title='bbox 570 1350 610 1378; x_wconf 67' lang='grc' dir='ltr'><strong>γῃ</strong></span> <span class='ocrx_word' id='word_1_102' title='bbox 628 1349 718 1378; x_wconf 65' lang='lat' dir='ltr'><strong>aeupof.</strong></span> <span class='ocrx_word' id='word_1_103' title='bbox 751 1338 875 1369; x_wconf 83' lang='lat' dir='ltr'><strong>Tritum</strong></span> <span class='ocrx_word' id='word_1_104' title='bbox 891 1346 944 1371; x_wconf 82' lang='lat' dir='ltr'><strong>est.</strong></span> <span class='ocrx_word' id='word_1_105' title='bbox 975 1341 1060 1373; x_wconf 82' lang='lat' dir='ltr'><strong>Mal-</strong></span> 
     </span>
     <span class='ocr_line' id='line_1_19' title="bbox 333 1385 1059 1434; baseline 0.014 -20"><span class='ocrx_word' id='word_1_106' title='bbox 333 1385 397 1416; x_wconf 89' lang='lat' dir='ltr'><strong>lem</strong></span> <span class='ocrx_word' id='word_1_107' title='bbox 413 1395 485 1416; x_wconf 79' lang='lat' dir='ltr'><strong>vero</strong></span> <span class='ocrx_word' id='word_1_108' title='bbox 504 1386 612 1417; x_wconf 84' lang='lat' dir='ltr'><strong>Graece</strong></span> <span class='ocrx_word' id='word_1_109' title='bbox 637 1388 786 1427; x_wconf 73' lang='lat' dir='ltr'><strong>scriptum</strong></span> <span class='ocrx_word' id='word_1_110' title='bbox 813 1390 846 1420; x_wconf 86' lang='lat' dir='ltr'><strong>in</strong></span> <span class='ocrx_word' id='word_1_111' title='bbox 874 1391 967 1430; x_wconf 86' lang='lat' dir='ltr'><strong>Caro,</strong></span> <span class='ocrx_word' id='word_1_112' title='bbox 993 1407 1059 1434; x_wconf 75' lang='grc' dir='ltr'><strong>κρη-</strong></span> 
     </span>
     <span class='ocr_line' id='line_1_20' title="bbox 333 1437 817 1479; baseline 0.012 -14"><span class='ocrx_word' id='word_1_113' title='bbox 333 1450 422 1478; x_wconf 53' lang='lat' dir='ltr'><strong>enpa-</strong></span> <span class='ocrx_word' id='word_1_114' title='bbox 448 1437 494 1466; x_wconf 86' lang='lat' dir='ltr'><strong>uti</strong></span> <span class='ocrx_word' id='word_1_115' title='bbox 509 1447 577 1468; x_wconf 90' lang='lat' dir='ltr'><strong>mos</strong></span> <span class='ocrx_word' id='word_1_116' title='bbox 591 1443 637 1468; x_wconf 87' lang='lat' dir='ltr'><strong>est</strong></span> <span class='ocrx_word' id='word_1_117' title='bbox 652 1439 718 1479; x_wconf 87' lang='lat' dir='ltr'><strong>ejus</strong></span> <span class='ocrx_word' id='word_1_118' title='bbox 733 1439 817 1472; x_wconf 82' lang='lat' dir='ltr'><strong>alibi.</strong></span> 
     </span>
    </p>

    <p class='ocr_par' dir='ltr' id='par_1_9' title="bbox 328 1497 1056 1692">
     <span class='ocr_line' id='line_1_21' title="bbox 376 1497 1055 1546; baseline 0.016 -21"><span class='ocrx_word' id='word_1_119' title='bbox 376 1497 450 1527; x_wconf 87' lang='lat' dir='ltr'><strong>Ver.</strong></span> <span class='ocrx_word' id='word_1_120' title='bbox 468 1500 537 1528; x_wconf 77' lang='lat'><strong>702.</strong></span> <span class='ocrx_word' id='word_1_121' title='bbox 553 1509 606 1528; x_wconf 81' lang='lat' dir='ltr'><strong>nos</strong></span> <span class='ocrx_word' id='word_1_122' title='bbox 617 1502 714 1539; x_wconf 84' lang='lat' dir='ltr'><strong>quod:</strong></span> <span class='ocrx_word' id='word_1_123' title='bbox 740 1501 784 1530; x_wconf 80' lang='lat' dir='ltr'><strong>ita</strong></span> <span class='ocrx_word' id='word_1_124' title='bbox 798 1501 887 1533; x_wconf 87' lang='lat' dir='ltr'><strong>docte</strong></span> <span class='ocrx_word' id='word_1_125' title='bbox 902 1510 933 1533; x_wconf 91' lang='lat' dir='ltr'><strong>et</strong></span> <span class='ocrx_word' id='word_1_126' title='bbox 947 1505 1055 1546; x_wconf 84' lang='lat' dir='ltr'><strong>exqui-</strong></span> 
     </span>
     <span class='ocr_line' id='line_1_22' title="bbox 331 1547 1056 1588; baseline 0.017 -12"><span class='ocrx_word' id='word_1_127' title='bbox 331 1547 388 1577; x_wconf 81' lang='lat' dir='ltr'><strong>site</strong></span> <span class='ocrx_word' id='word_1_128' title='bbox 411 1549 598 1588; x_wconf 84' lang='lat' dir='ltr'><strong>conspicitur</strong></span> <span class='ocrx_word' id='word_1_129' title='bbox 619 1550 652 1580; x_wconf 92' lang='lat' dir='ltr'><strong>in</strong></span> <span class='ocrx_word' id='word_1_130' title='bbox 669 1551 765 1583; x_wconf 88' lang='lat' dir='ltr'><strong>Vind.</strong></span> <span class='ocrx_word' id='word_1_131' title='bbox 783 1553 819 1583; x_wconf 94' lang='lat' dir='ltr'><strong>L.</strong></span> <span class='ocrx_word' id='word_1_132' title='bbox 837 1555 884 1584; x_wconf 87' lang='lat' dir='ltr'><strong>M.</strong></span> <span class='ocrx_word' id='word_1_133' title='bbox 909 1561 943 1586; x_wconf 92' lang='lat' dir='ltr'><strong>A.</strong></span> <span class='ocrx_word' id='word_1_134' title='bbox 961 1561 994 1587; x_wconf 84' lang='grc' dir='ltr'><strong>Σ.</strong></span> <span class='ocrx_word' id='word_1_135' title='bbox 1013 1563 1056 1587; x_wconf 86' lang='grc' dir='ltr'><strong>Ω.</strong></span> 
     </span>
     <span class='ocr_line' id='line_1_23' title="bbox 330 1597 1055 1644; baseline 0.017 -17"><span class='ocrx_word' id='word_1_136' title='bbox 330 1597 437 1638; x_wconf 85' lang='lat' dir='ltr'><strong>vulgo,</strong></span> <span class='ocrx_word' id='word_1_137' title='bbox 451 1610 505 1630; x_wconf 77' lang='lat' dir='ltr'><strong>nos</strong></span> <span class='ocrx_word' id='word_1_138' title='bbox 518 1611 611 1640; x_wconf 67' lang='grc' dir='ltr'><strong>φατε,-</strong></span> <span class='ocrx_word' id='word_1_139' title='bbox 634 1603 748 1644; x_wconf 86' lang='lat' dir='ltr'><strong>absque</strong></span> <span class='ocrx_word' id='word_1_140' title='bbox 763 1604 933 1636; x_wconf 89' lang='lat' dir='ltr'><strong>codicibus:</strong></span> <span class='ocrx_word' id='word_1_141' title='bbox 955 1606 992 1638; x_wconf 91' lang='lat' dir='ltr'><strong>V.</strong></span> <span class='ocrx_word' id='word_1_142' title='bbox 1008 1608 1055 1639; x_wconf 88' lang='lat' dir='ltr'><strong>ed.</strong></span> 
     </span>
     <span class='ocr_line' id='line_1_24' title="bbox 328 1650 599 1692; baseline 0.007 -11"><span class='ocrx_word' id='word_1_143' title='bbox 328 1661 399 1686; x_wconf 80' lang='lat' dir='ltr'><strong>nos,·</strong></span> <span class='ocrx_word' id='word_1_144' title='bbox 426 1650 465 1681; x_wconf 93' lang='lat' dir='ltr'><strong>O.</strong></span> <span class='ocrx_word' id='word_1_145' title='bbox 480 1662 599 1692; x_wconf 79' lang='lat' dir='ltr'><strong>nosque.</strong></span> 
     </span>
    </p>
   </div>
   <div class='ocr_carea' id='block_1_8' title="bbox 326 1709 1055 2005">
    <p class='ocr_par' dir='ltr' id='par_1_10' title="bbox 326 1709 1055 2005">
     <span class='ocr_line' id='line_1_25' title="bbox 374 1709 1053 1751; baseline 0.016 -12"><span class='ocrx_word' id='word_1_146' title='bbox 374 1709 456 1740; x_wconf 87' lang='lat' dir='ltr'><strong>Ibid.</strong></span> <span class='ocrx_word' id='word_1_147' title='bbox 470 1711 592 1751; x_wconf 82' lang='lat' dir='ltr'><strong>fauces.</strong></span> <span class='ocrx_word' id='word_1_148' title='bbox 639 1713 726 1744; x_wconf 85' lang='lat' dir='ltr'><strong>Hinc</strong></span> <span class='ocrx_word' id='word_1_149' title='bbox 743 1715 897 1748; x_wconf 84' lang='lat' dir='ltr'><strong>Heinsius</strong></span> <span class='ocrx_word' id='word_1_150' title='bbox 921 1718 988 1749; x_wconf 83' lang='lat' dir='ltr'><strong>Silii</strong></span> <span class='ocrx_word' id='word_1_151' title='bbox 1008 1718 1053 1749; x_wconf 93' lang='lat' dir='ltr'><strong>lo-</strong></span> 
     </span>
     <span class='ocr_line' id='line_1_26' title="bbox 329 1761 1055 1809; baseline 0.015 -20"><span class='ocrx_word' id='word_1_152' title='bbox 329 1769 403 1790; x_wconf 90' lang='lat' dir='ltr'><strong>cum</strong></span> <span class='ocrx_word' id='word_1_153' title='bbox 427 1761 589 1802; x_wconf 74' lang='lat' dir='ltr'><strong>ingeniosa</strong></span> <span class='ocrx_word' id='word_1_154' title='bbox 614 1773 651 1793; x_wconf 91' lang='lat' dir='ltr'><strong>ac</strong></span> <span class='ocrx_word' id='word_1_155' title='bbox 680 1765 849 1797; x_wconf 71' lang='lat' dir='ltr'><strong>certissima</strong></span> <span class='ocrx_word' id='word_1_156' title='bbox 877 1769 1055 1809; x_wconf 71' lang='lat' dir='ltr'><strong>conjectura</strong></span> 
     </span>
     <span class='ocr_line' id='line_1_27' title="bbox 328 1811 1055 1858; baseline 0.014 -18"><span class='ocrx_word' id='word_1_157' title='bbox 328 1811 518 1850; x_wconf 83' lang='lat' dir='ltr'><strong>emendavit,</strong></span> <span class='ocrx_word' id='word_1_158' title='bbox 545 1813 626 1844; x_wconf 88' lang='lat' dir='ltr'><strong>Pun.</strong></span> <span class='ocrx_word' id='word_1_159' title='bbox 650 1815 713 1845; x_wconf 82' lang='lat' dir='ltr'><strong>viii.</strong></span> <span class='ocrx_word' id='word_1_160' title='bbox 731 1819 802 1848; x_wconf 85' lang='lat'><strong>655.</strong></span> <span class='ocrx_word' id='word_1_161' title='bbox 825 1823 857 1848; x_wconf 85' lang='lat' dir='ltr'><strong>at</strong></span> <span class='ocrx_word' id='word_1_162' title='bbox 878 1818 1055 1858; x_wconf 84' lang='lat' dir='ltr'><strong>depravavit</strong></span> 
     </span>
     <span class='ocr_line' id='line_1_28' title="bbox 328 1863 1055 1912; baseline 0.018 -22"><span class='ocrx_word' id='word_1_163' title='bbox 328 1867 435 1892; x_wconf 80' lang='lat' dir='ltr'><strong>tamen</strong></span> <span class='ocrx_word' id='word_1_164' title='bbox 461 1863 571 1894; x_wconf 86' lang='lat' dir='ltr'><strong>eodem</strong></span> <span class='ocrx_word' id='word_1_165' title='bbox 598 1872 745 1905; x_wconf 87' lang='lat' dir='ltr'><strong>ternpore.</strong></span> <span class='ocrx_word' id='word_1_166' title='bbox 792 1869 908 1908; x_wconf 88' lang='lat' dir='ltr'><strong>Sponte</strong></span> <span class='ocrx_word' id='word_1_167' title='bbox 931 1879 1055 1912; x_wconf 83' lang='lat' dir='ltr'><strong>egomet</strong></span> 
     </span>
     <span class='ocr_line' id='line_1_29' title="bbox 326 1913 1054 1962; baseline 0.018 -21"><span class='ocrx_word' id='word_1_168' title='bbox 326 1922 431 1943; x_wconf 86' lang='lat' dir='ltr'><strong>veram</strong></span> <span class='ocrx_word' id='word_1_169' title='bbox 460 1913 625 1945; x_wconf 87' lang='lat' dir='ltr'><strong>lectionem</strong></span> <span class='ocrx_word' id='word_1_170' title='bbox 657 1918 856 1957; x_wconf 86' lang='lat' dir='ltr'><strong>excuderam,</strong></span> <span class='ocrx_word' id='word_1_171' title='bbox 891 1927 983 1962; x_wconf 83' lang='lat' dir='ltr'><strong>atque</strong></span> <span class='ocrx_word' id='word_1_172' title='bbox 1011 1923 1054 1954; x_wconf 88' lang='lat' dir='ltr'><strong>sic</strong></span> 
     </span>
     <span class='ocr_line' id='line_1_30' title="bbox 327 1966 986 2005; baseline 0.018 -12"><span class='ocrx_word' id='word_1_173' title='bbox 327 1974 419 2003; x_wconf 87' lang='lat' dir='ltr'><strong>porro</strong></span> <span class='ocrx_word' id='word_1_174' title='bbox 434 1966 646 1998; x_wconf 88' lang='lat' dir='ltr'><strong>rescribendos</strong></span> <span class='ocrx_word' id='word_1_175' title='bbox 660 1979 726 2000; x_wconf 84' lang='lat' dir='ltr'><strong>esse</strong></span> <span class='ocrx_word' id='word_1_176' title='bbox 742 1980 845 2002; x_wconf 87' lang='lat' dir='ltr'><strong>versus</strong></span> <span class='ocrx_word' id='word_1_177' title='bbox 859 1983 986 2005; x_wconf 85' lang='lat' dir='ltr'><strong>censeo:</strong></span> 
     </span>
    </p>
   </div>
   <div class='ocr_carea' id='block_1_9' title="bbox 339 2040 1014 2189">
    <p class='ocr_par' dir='ltr' id='par_1_11' title="bbox 339 2040 1014 2189">
     <span class='ocr_line' id='line_1_31' title="bbox 342 2040 1014 2100; baseline 0.016 -17"><span class='ocrx_word' id='word_1_178' title='bbox 342 2040 452 2084; x_wconf 58' lang='lat' dir='ltr'><strong>AE¹tnaeis</strong></span> <span class='ocrx_word' id='word_1_179' title='bbox 462 2067 570 2092; x_wconf 87' lang='lat' dir='ltr'><strong>quoque</strong></span> <span class='ocrx_word' id='word_1_180' title='bbox 581 2066 763 2095; x_wconf 83' lang='lat' dir='ltr'><strong>contorquens</strong></span> <span class='ocrx_word' id='word_1_181' title='bbox 774 2072 789 2090; x_wconf 89' lang='lat' dir='ltr'><strong>e</strong></span> <span class='ocrx_word' id='word_1_182' title='bbox 796 2067 921 2097; x_wconf 79' lang='lat' dir='ltr'><strong>faucibus</strong></span> <span class='ocrx_word' id='word_1_183' title='bbox 931 2068 1014 2100; x_wconf 84' lang='lat' dir='ltr'><strong>ignes,</strong></span> 
     </span>
     <span class='ocr_line' id='line_1_32' title="bbox 341 2106 1010 2148; baseline 0.019 -19"><span class='ocrx_word' id='word_1_184' title='bbox 341 2106 458 2131; x_wconf 80' lang='lat' dir='ltr'><strong>Lemnius</strong></span> <span class='ocrx_word' id='word_1_185' title='bbox 469 2107 602 2139; x_wconf 77' lang='lat' dir='ltr'><strong>intonuit3</strong></span> <span class='ocrx_word' id='word_1_186' title='bbox 619 2111 786 2143; x_wconf 83' lang='lat' dir='ltr'><strong>scopulisque</strong></span> <span class='ocrx_word' id='word_1_187' title='bbox 799 2113 825 2138; x_wconf 86' lang='lat' dir='ltr'><strong>in</strong></span> <span class='ocrx_word' id='word_1_188' title='bbox 836 2116 926 2140; x_wconf 88' lang='lat' dir='ltr'><strong>nubila</strong></span> <span class='ocrx_word' id='word_1_189' title='bbox 934 2117 1010 2148; x_wconf 84' lang='lat' dir='ltr'><strong>jactis</strong></span> 
     </span>
     <span class='ocr_line' id='line_1_33' title="bbox 339 2153 977 2189; baseline 0.02 -13"><span class='ocrx_word' id='word_1_190' title='bbox 339 2153 492 2186; x_wconf 79' lang='lat' dir='ltr'><strong>Phlegraeus</strong></span> <span class='ocrx_word' id='word_1_191' title='bbox 501 2156 591 2188; x_wconf 80' lang='lat' dir='ltr'><strong>tetigit</strong></span> <span class='ocrx_word' id='word_1_192' title='bbox 602 2158 763 2189; x_wconf 81' lang='lat' dir='ltr'><strong>trepidantia</strong></span> <span class='ocrx_word' id='word_1_193' title='bbox 773 2160 857 2186; x_wconf 84' lang='lat' dir='ltr'><strong>sidera</strong></span> <span class='ocrx_word' id='word_1_194' title='bbox 868 2166 977 2189; x_wconf 80' lang='lat' dir='ltr'><strong>vortex.</strong></span> 
     </span>
    </p>
   </div>
   <div class='ocr_carea' id='block_1_10' title="bbox 320 2236 1052 2700">
    <p class='ocr_par' dir='ltr' id='par_1_12' title="bbox 320 2236 1052 2700">
     <span class='ocr_line' id='line_1_34' title="bbox 325 2236 1049 2286; baseline 0.019 -20"><span class='ocrx_word' id='word_1_195' title='bbox 325 2236 441 2278; x_wconf 89' lang='lat' dir='ltr'><strong>Vulgo,</strong></span> <span class='ocrx_word' id='word_1_196' title='bbox 477 2241 630 2279; x_wconf 65' lang='lat' dir='ltr'><strong>Etruros,</strong></span> <span class='ocrx_word' id='word_1_197' title='bbox 661 2245 812 2282; x_wconf 79' lang='lat' dir='ltr'><strong>cautibus,</strong></span> <span class='ocrx_word' id='word_1_198' title='bbox 842 2256 879 2276; x_wconf 91' lang='lat' dir='ltr'><strong>ac</strong></span> <span class='ocrx_word' id='word_1_199' title='bbox 916 2249 1049 2286; x_wconf 83' lang='lat' dir='ltr'><strong>Vesbius,-</strong></span> 
     </span>
     <span class='ocr_line' id='line_1_35' title="bbox 323 2289 1052 2339; baseline 0.018 -21"><span class='ocrx_word' id='word_1_200' title='bbox 323 2289 425 2327; x_wconf 88' lang='lat' dir='ltr'><strong>nullo,</strong></span> <span class='ocrx_word' id='word_1_201' title='bbox 452 2291 499 2321; x_wconf 85' lang='lat' dir='ltr'><strong>vel</strong></span> <span class='ocrx_word' id='word_1_202' title='bbox 528 2302 668 2333; x_wconf 86' lang='lat' dir='ltr'><strong>congruo</strong></span> <span class='ocrx_word' id='word_1_203' title='bbox 691 2295 806 2333; x_wconf 87' lang='lat' dir='ltr'><strong>minus,</strong></span> <span class='ocrx_word' id='word_1_204' title='bbox 838 2304 930 2339; x_wconf 85' lang='lat' dir='ltr'><strong>atque</strong></span> <span class='ocrx_word' id='word_1_205' title='bbox 958 2300 1052 2330; x_wconf 76' lang='lat' dir='ltr'><strong>etiam</strong></span> 
     </span>
     <span class='ocr_line' id='line_1_36' title="bbox 322 2347 1052 2382; baseline 0.018 -12"><span class='ocrx_word' id='word_1_206' title='bbox 322 2348 507 2379; x_wconf 87' lang='lat' dir='ltr'><strong>monstroso,</strong></span> <span class='ocrx_word' id='word_1_207' title='bbox 541 2354 642 2375; x_wconf 85' lang='lat' dir='ltr'><strong>sensu.</strong></span> <span class='ocrx_word' id='word_1_208' title='bbox 686 2347 740 2378; x_wconf 84' lang='lat' dir='ltr'><strong>Ad</strong></span> <span class='ocrx_word' id='word_1_209' title='bbox 762 2355 899 2380; x_wconf 91' lang='lat' dir='ltr'><strong>nostram</strong></span> <span class='ocrx_word' id='word_1_210' title='bbox 914 2357 1052 2382; x_wconf 87' lang='lat' dir='ltr'><strong>mentem</strong></span> 
     </span>
     <span class='ocr_line' id='line_1_37' title="bbox 323 2395 1050 2442; baseline 0.018 -20"><span class='ocrx_word' id='word_1_211' title='bbox 323 2399 436 2423; x_wconf 87' lang='lat' dir='ltr'><strong>cuncta</strong></span> <span class='ocrx_word' id='word_1_212' title='bbox 451 2395 638 2426; x_wconf 85' lang='lat' dir='ltr'><strong>amicissime</strong></span> <span class='ocrx_word' id='word_1_213' title='bbox 658 2397 739 2428; x_wconf 85' lang='lat' dir='ltr'><strong>inter</strong></span> <span class='ocrx_word' id='word_1_214' title='bbox 761 2410 794 2430; x_wconf 89' lang='lat' dir='ltr'><strong>se</strong></span> <span class='ocrx_word' id='word_1_215' title='bbox 809 2403 998 2442; x_wconf 87' lang='lat' dir='ltr'><strong>conspirant,</strong></span> <span class='ocrx_word' id='word_1_216' title='bbox 1020 2410 1050 2435; x_wconf 89' lang='lat' dir='ltr'><strong>et</strong></span> 
     </span>
     <span class='ocr_line' id='line_1_38' title="bbox 323 2443 1048 2486; baseline 0.018 -13"><span class='ocrx_word' id='word_1_217' title='bbox 323 2443 480 2476; x_wconf 86' lang='lat' dir='ltr'><strong>illustrant</strong></span> <span class='ocrx_word' id='word_1_218' title='bbox 494 2457 526 2476; x_wconf 87' lang='lat' dir='ltr'><strong>se</strong></span> <span class='ocrx_word' id='word_1_219' title='bbox 540 2447 689 2480; x_wconf 86' lang='lat' dir='ltr'><strong>vicissim:</strong></span> <span class='ocrx_word' id='word_1_220' title='bbox 717 2452 857 2483; x_wconf 84' lang='lat' dir='ltr'><strong>conferas</strong></span> <span class='ocrx_word' id='word_1_221' title='bbox 872 2453 964 2485; x_wconf 84' lang='lat' dir='ltr'><strong>velim</strong></span> <span class='ocrx_word' id='word_1_222' title='bbox 980 2465 1048 2486; x_wconf 87' lang='lat' dir='ltr'><strong>mo-</strong></span> 
     </span>
     <span class='ocr_line' id='line_1_39' title="bbox 322 2493 1048 2542; baseline 0.019 -18"><span class='ocrx_word' id='word_1_223' title='bbox 322 2493 364 2524; x_wconf 90' lang='lat' dir='ltr'><strong>do</strong></span> <span class='ocrx_word' id='word_1_224' title='bbox 378 2495 468 2537; x_wconf 84' lang='lat' dir='ltr'><strong>Virg.</strong></span> <span class='ocrx_word' id='word_1_225' title='bbox 493 2498 569 2528; x_wconf 86' lang='lat' dir='ltr'><strong>AEn.</strong></span> <span class='ocrx_word' id='word_1_226' title='bbox 587 2499 637 2530; x_wconf 86' lang='lat' dir='ltr'><strong>vii.</strong></span> <span class='ocrx_word' id='word_1_227' title='bbox 655 2502 725 2531; x_wconf 87' lang='lat'><strong>786.</strong></span> <span class='ocrx_word' id='word_1_228' title='bbox 749 2512 816 2542; x_wconf 88' lang='lat' dir='ltr'><strong>geo.</strong></span> <span class='ocrx_word' id='word_1_229' title='bbox 838 2504 857 2534; x_wconf 86' lang='lat' dir='ltr'><strong>i.</strong></span> <span class='ocrx_word' id='word_1_230' title='bbox 873 2504 947 2537; x_wconf 78' lang='lat'><strong>472.</strong></span> <span class='ocrx_word' id='word_1_231' title='bbox 974 2506 1048 2538; x_wconf 82' lang='lat' dir='ltr'><strong>Stat.</strong></span> 
     </span>
     <span class='ocr_line' id='line_1_40' title="bbox 320 2543 1050 2588; baseline 0.019 -14"><span class='ocrx_word' id='word_1_232' title='bbox 320 2543 388 2576; x_wconf 81' lang='lat' dir='ltr'><strong>silv.</strong></span> <span class='ocrx_word' id='word_1_233' title='bbox 403 2546 441 2577; x_wconf 90' lang='lat' dir='ltr'><strong>iv.</strong></span> <span class='ocrx_word' id='word_1_234' title='bbox 459 2552 489 2578; x_wconf 89' lang='grc'><strong>6.</strong></span> <span class='ocrx_word' id='word_1_235' title='bbox 504 2552 553 2580; x_wconf 80' lang='grc'><strong>49.</strong></span> <span class='ocrx_word' id='word_1_236' title='bbox 577 2560 651 2580; x_wconf 89' lang='lat' dir='ltr'><strong>nam</strong></span> <span class='ocrx_word' id='word_1_237' title='bbox 667 2551 753 2582; x_wconf 92' lang='lat' dir='ltr'><strong>locus</strong></span> <span class='ocrx_word' id='word_1_238' title='bbox 776 2555 953 2587; x_wconf 88' lang='lat' dir='ltr'><strong>morosioris</strong></span> <span class='ocrx_word' id='word_1_239' title='bbox 967 2567 1050 2588; x_wconf 89' lang='lat' dir='ltr'><strong>curae</strong></span> 
     </span>
     <span class='ocr_line' id='line_1_41' title="bbox 320 2598 1049 2643; baseline 0.021 -17"><span class='ocrx_word' id='word_1_240' title='bbox 320 2606 385 2627; x_wconf 87' lang='lat' dir='ltr'><strong>non</strong></span> <span class='ocrx_word' id='word_1_241' title='bbox 401 2598 532 2639; x_wconf 74' lang='lat' dir='ltr'><strong>indiget,</strong></span> <span class='ocrx_word' id='word_1_242' title='bbox 556 2606 649 2642; x_wconf 81' lang='lat' dir='ltr'><strong>atque</strong></span> <span class='ocrx_word' id='word_1_243' title='bbox 670 2603 703 2633; x_wconf 91' lang='lat' dir='ltr'><strong>in</strong></span> <span class='ocrx_word' id='word_1_244' title='bbox 724 2612 830 2643; x_wconf 87' lang='lat' dir='ltr'><strong>aperto</strong></span> <span class='ocrx_word' id='word_1_245' title='bbox 845 2613 891 2637; x_wconf 87' lang='lat' dir='ltr'><strong>est</strong></span> <span class='ocrx_word' id='word_1_246' title='bbox 905 2607 945 2638; x_wconf 90' lang='lat' dir='ltr'><strong>de</strong></span> <span class='ocrx_word' id='word_1_247' title='bbox 957 2610 1049 2640; x_wconf 83' lang='lat' dir='ltr'><strong>rebus</strong></span> 
     </span>
     <span class='ocr_line' id='line_1_42' title="bbox 321 2650 1025 2700; baseline 0.018 -22"><span class='ocrx_word' id='word_1_248' title='bbox 321 2654 407 2679; x_wconf 83' lang='lat' dir='ltr'><strong>extra.</strong></span> <span class='ocrx_word' id='word_1_249' title='bbox 425 2650 552 2682; x_wconf 81' lang='lat' dir='ltr'><strong>ltaliam</strong></span> <span class='ocrx_word' id='word_1_250' title='bbox 567 2653 777 2686; x_wconf 84' lang='lat' dir='ltr'><strong>accidentibus</strong></span> <span class='ocrx_word' id='word_1_251' title='bbox 792 2658 915 2697; x_wconf 78' lang='lat' dir='ltr'><strong>po&#39;etam</strong></span> <span class='ocrx_word' id='word_1_252' title='bbox 930 2659 1025 2700; x_wconf 89' lang='lat' dir='ltr'><strong>loqui.</strong></span> 
     </span>
    </p>
   </div>
   <div class='ocr_carea' id='block_1_11' title="bbox 366 2708 1047 2760">
    <p class='ocr_par' dir='ltr' id='par_1_13' title="bbox 366 2708 1047 2760">
     <span class='ocr_line' id='line_1_43' title="bbox 366 2708 1047 2760; baseline 0.018 -22"><span class='ocrx_word' id='word_1_253' title='bbox 366 2708 446 2740; x_wconf 90' lang='lat' dir='ltr'><strong>Ibid.</strong></span> <span class='ocrx_word' id='word_1_254' title='bbox 469 2722 531 2742; x_wconf 85' lang='lat' dir='ltr'><strong>ora.</strong></span> <span class='ocrx_word' id='word_1_255' title='bbox 577 2712 629 2743; x_wconf 91' lang='lat' dir='ltr'><strong>Sic</strong></span> <span class='ocrx_word' id='word_1_256' title='bbox 642 2714 802 2755; x_wconf 83' lang='lat' dir='ltr'><strong>Lucanus,</strong></span> <span class='ocrx_word' id='word_1_257' title='bbox 823 2717 842 2748; x_wconf 91' lang='lat' dir='ltr'><strong>i.</strong></span> <span class='ocrx_word' id='word_1_258' title='bbox 859 2721 930 2750; x_wconf 84' lang='lat'><strong>545.</strong></span> <span class='ocrx_word' id='word_1_259' title='bbox 953 2730 1047 2760; x_wconf 90' lang='lat' dir='ltr'><strong>quem</strong></span> 
     </span>
    </p>
   </div>
   <div class='ocr_carea' id='block_1_12' title="bbox 321 2760 1046 2842">
    <p class='ocr_par' dir='ltr' id='par_1_14' title="bbox 321 2760 1046 2842">
     <span class='ocr_line' id='line_1_44' title="bbox 321 2760 1046 2804; baseline 0.021 -18"><span class='ocrx_word' id='word_1_260' title='bbox 321 2760 509 2792; x_wconf 82' lang='lat' dir='ltr'><strong>versiculum</strong></span> <span class='ocrx_word' id='word_1_261' title='bbox 532 2762 799 2804; x_wconf 86' lang='lat' dir='ltr'><strong>Drakenborchio‚</strong></span> <span class='ocrx_word' id='word_1_262' title='bbox 823 2768 864 2800; x_wconf 91' lang='lat' dir='ltr'><strong>ad</strong></span> <span class='ocrx_word' id='word_1_263' title='bbox 884 2769 904 2800; x_wconf 91' lang='lat' dir='ltr'><strong>l.</strong></span> <span class='ocrx_word' id='word_1_264' title='bbox 925 2780 950 2800; x_wconf 87' lang='lat' dir='ltr'><strong>c.</strong></span> <span class='ocrx_word' id='word_1_265' title='bbox 979 2770 1046 2801; x_wconf 87' lang='lat' dir='ltr'><strong>Silii</strong></span> 
     </span>
     <span class='ocr_line' id='line_1_45' title="bbox 321 2808 485 2842; baseline 0.018 -3"><span class='ocrx_word' id='word_1_266' title='bbox 321 2808 485 2842; x_wconf 82' lang='lat' dir='ltr'><strong>debemus:</strong></span> 
     </span>
    </p>
   </div>
   <div class='ocr_carea' id='block_1_13' title="bbox 365 2898 979 2937">
    <p class='ocr_par' dir='ltr' id='par_1_15' title="bbox 365 2898 979 2937">
     <span class='ocr_line' id='line_1_46' title="bbox 365 2898 979 2937; baseline 0.023 -15"><span class='ocrx_word' id='word_1_267' title='bbox 365 2898 419 2924; x_wconf 67' lang='lat' dir='ltr'><strong>nra</strong></span> <span class='ocrx_word' id='word_1_268' title='bbox 436 2899 515 2926; x_wconf 80' lang='lat' dir='ltr'><strong>ferox</strong></span> <span class='ocrx_word' id='word_1_269' title='bbox 527 2903 622 2930; x_wconf 80' lang='lat' dir='ltr'><strong>siculae</strong></span> <span class='ocrx_word' id='word_1_270' title='bbox 635 2905 738 2933; x_wconf 76' lang='lat' dir='ltr'><strong>laxavit</strong></span> <span class='ocrx_word' id='word_1_271' title='bbox 748 2908 871 2934; x_wconf 80' lang='lat' dir='ltr'><strong>Mulciber</strong></span> <span class='ocrx_word' id='word_1_272' title='bbox 879 2911 979 2937; x_wconf 78' lang='lat' dir='ltr'><em>AEtnae:</em></span> 
     </span>
    </p>
   </div>
   <div class='ocr_carea' id='block_1_14' title="bbox 1105 988 1829 1071">
    <p class='ocr_par' dir='ltr' id='par_1_16' title="bbox 1105 988 1829 1071">
     <span class='ocr_line' id='line_1_47' title="bbox 1105 988 1829 1026; baseline 0.008 -6"><span class='ocrx_word' id='word_1_273' title='bbox 1105 988 1189 1020; x_wconf 84' lang='lat' dir='ltr'><strong>unde</strong></span> <span class='ocrx_word' id='word_1_274' title='bbox 1212 996 1317 1022; x_wconf 88' lang='lat' dir='ltr'><strong>nostra</strong></span> <span class='ocrx_word' id='word_1_275' title='bbox 1340 991 1517 1023; x_wconf 82' lang='lat' dir='ltr'><strong>emendatio</strong></span> <span class='ocrx_word' id='word_1_276' title='bbox 1545 992 1633 1023; x_wconf 85' lang='lat' dir='ltr'><strong>valde</strong></span> <span class='ocrx_word' id='word_1_277' title='bbox 1665 993 1829 1026; x_wconf 79' lang='lat' dir='ltr'><strong>confirma-</strong></span> 
     </span>
     <span class='ocr_line' id='line_1_48' title="bbox 1107 1046 1166 1071; baseline 0.017 -1"><span class='ocrx_word' id='word_1_278' title='bbox 1107 1046 1166 1071; x_wconf 87' lang='lat' dir='ltr'><strong>tur.</strong></span> 
     </span>
    </p>
   </div>
   <div class='ocr_carea' id='block_1_15' title="bbox 1105 1099 1830 1385">
    <p class='ocr_par' dir='ltr' id='par_1_17' title="bbox 1105 1099 1830 1385">
     <span class='ocr_line' id='line_1_49' title="bbox 1150 1099 1829 1141; baseline 0.012 -13"><span class='ocrx_word' id='word_1_279' title='bbox 1150 1099 1224 1128; x_wconf 90' lang='lat' dir='ltr'><strong>Ver.</strong></span> <span class='ocrx_word' id='word_1_280' title='bbox 1241 1102 1313 1130; x_wconf 80' lang='lat'><strong>703.</strong></span> <span class='ocrx_word' id='word_1_281' title='bbox 1338 1103 1415 1131; x_wconf 79' lang='lat' dir='ltr'><strong>Sunt</strong></span> <span class='ocrx_word' id='word_1_282' title='bbox 1429 1103 1596 1141; x_wconf 83' lang='lat' dir='ltr'><strong>aliquot—.</strong></span> <span class='ocrx_word' id='word_1_283' title='bbox 1625 1102 1678 1133; x_wconf 84' lang='lat' dir='ltr'><strong>Ad</strong></span> <span class='ocrx_word' id='word_1_284' title='bbox 1692 1104 1829 1136; x_wconf 85' lang='lat' dir='ltr'><strong>eundem</strong></span> 
     </span>
     <span class='ocr_line' id='line_1_50' title="bbox 1107 1150 1830 1193; baseline 0.012 -15"><span class='ocrx_word' id='word_1_285' title='bbox 1107 1150 1237 1180; x_wconf 91' lang='lat' dir='ltr'><strong>modum</strong></span> <span class='ocrx_word' id='word_1_286' title='bbox 1263 1161 1344 1190; x_wconf 88' lang='lat' dir='ltr'><strong>saepe</strong></span> <span class='ocrx_word' id='word_1_287' title='bbox 1367 1151 1490 1182; x_wconf 90' lang='lat' dir='ltr'><strong>locutus</strong></span> <span class='ocrx_word' id='word_1_288' title='bbox 1514 1159 1559 1183; x_wconf 91' lang='lat' dir='ltr'><strong>est</strong></span> <span class='ocrx_word' id='word_1_289' title='bbox 1574 1153 1730 1193; x_wconf 87' lang='lat' dir='ltr'><strong>Epicurus</strong></span> <span class='ocrx_word' id='word_1_290' title='bbox 1743 1156 1777 1186; x_wconf 89' lang='lat' dir='ltr'><strong>in</strong></span> <span class='ocrx_word' id='word_1_291' title='bbox 1797 1167 1830 1187; x_wconf 86' lang='lat' dir='ltr'><strong>e-</strong></span> 
     </span>
     <span class='ocr_line' id='line_1_51' title="bbox 1107 1200 1828 1247; baseline 0.011 -17"><span class='ocrx_word' id='word_1_292' title='bbox 1107 1200 1219 1239; x_wconf 74' lang='lat' dir='ltr'><strong>pistola</strong></span> <span class='ocrx_word' id='word_1_293' title='bbox 1235 1202 1275 1232; x_wconf 86' lang='lat' dir='ltr'><strong>ad</strong></span> <span class='ocrx_word' id='word_1_294' title='bbox 1290 1203 1474 1242; x_wconf 86' lang='lat' dir='ltr'><strong>Pythoclem</strong></span> <span class='ocrx_word' id='word_1_295' title='bbox 1496 1205 1581 1244; x_wconf 88' lang='lat' dir='ltr'><strong>apud</strong></span> <span class='ocrx_word' id='word_1_296' title='bbox 1596 1205 1637 1236; x_wconf 91' lang='lat' dir='ltr'><strong>D.</strong></span> <span class='ocrx_word' id='word_1_297' title='bbox 1653 1206 1828 1247; x_wconf 58' lang='lat' dir='ltr'><strong>Laenium,</strong></span> 
     </span>
     <span class='ocr_line' id='line_1_52' title="bbox 1106 1251 1828 1291; baseline 0.012 -11"><span class='ocrx_word' id='word_1_298' title='bbox 1106 1251 1335 1291; x_wconf 88' lang='lat' dir='ltr'><strong>complusculas</strong></span> <span class='ocrx_word' id='word_1_299' title='bbox 1348 1263 1470 1284; x_wconf 88' lang='lat' dir='ltr'><strong>caussas</strong></span> <span class='ocrx_word' id='word_1_300' title='bbox 1484 1265 1598 1290; x_wconf 87' lang='lat' dir='ltr'><strong>rerum,</strong></span> <span class='ocrx_word' id='word_1_301' title='bbox 1614 1256 1640 1286; x_wconf 92' lang='lat' dir='ltr'><strong>si</strong></span> <span class='ocrx_word' id='word_1_302' title='bbox 1655 1257 1749 1288; x_wconf 89' lang='lat' dir='ltr'><strong>modo</strong></span> <span class='ocrx_word' id='word_1_303' title='bbox 1763 1268 1828 1289; x_wconf 91' lang='lat' dir='ltr'><strong>non</strong></span> 
     </span>
     <span class='ocr_line' id='line_1_53' title="bbox 1105 1302 1828 1349; baseline 0.012 -18"><span class='ocrx_word' id='word_1_304' title='bbox 1105 1302 1167 1332; x_wconf 88' lang='lat' dir='ltr'><strong>sint</strong></span> <span class='ocrx_word' id='word_1_305' title='bbox 1196 1303 1408 1342; x_wconf 84' lang='lat' dir='ltr'><strong>phaenomenis</strong></span> <span class='ocrx_word' id='word_1_306' title='bbox 1432 1307 1604 1346; x_wconf 75' lang='lat' dir='ltr'><strong>contrariae,</strong></span> <span class='ocrx_word' id='word_1_307' title='bbox 1626 1308 1828 1349; x_wconf 86' lang='lat' dir='ltr'><strong>assignandas</strong></span> 
     </span>
     <span class='ocr_line' id='line_1_54' title="bbox 1105 1354 1298 1385; baseline 0.005 -1"><span class='ocrx_word' id='word_1_308' title='bbox 1105 1362 1171 1384; x_wconf 84' lang='lat' dir='ltr'><strong>esse</strong></span> <span class='ocrx_word' id='word_1_309' title='bbox 1184 1354 1298 1385; x_wconf 82' lang='lat' dir='ltr'><strong>dicens.</strong></span> 
     </span>
    </p>
   </div>
   <div class='ocr_carea' id='block_1_16' title="bbox 1145 1414 1748 1451">
    <p class='ocr_par' dir='ltr' id='par_1_18' title="bbox 1145 1414 1748 1451">
     <span class='ocr_line' id='line_1_55' title="bbox 1145 1414 1748 1451; baseline 0.012 -7"><span class='ocrx_word' id='word_1_310' title='bbox 1145 1414 1219 1445; x_wconf 84' lang='lat' dir='ltr'><strong>Ver.</strong></span> <span class='ocrx_word' id='word_1_311' title='bbox 1237 1418 1307 1446; x_wconf 81' lang='lat'><strong>704.</strong></span> <span class='ocrx_word' id='word_1_312' title='bbox 1330 1419 1411 1447; x_wconf 81' lang='lat' dir='ltr'><strong>unde</strong></span> <span class='ocrx_word' id='word_1_313' title='bbox 1426 1428 1508 1448; x_wconf 82' lang='lat' dir='ltr'><strong>una:</strong></span> <span class='ocrx_word' id='word_1_314' title='bbox 1536 1425 1580 1449; x_wconf 85' lang='grc' dir='ltr'><strong>Ω..</strong></span> <span class='ocrx_word' id='word_1_315' title='bbox 1595 1430 1657 1450; x_wconf 83' lang='lat' dir='ltr'><strong>una</strong></span> <span class='ocrx_word' id='word_1_316' title='bbox 1674 1431 1748 1451; x_wconf 79' lang='lat' dir='ltr'><strong>una.</strong></span> 
     </span>
    </p>
   </div>
   <div class='ocr_carea' id='block_1_17' title="bbox 1102 1474 1827 1564">
    <p class='ocr_par' dir='ltr' id='par_1_19' title="bbox 1102 1474 1827 1564">
     <span class='ocr_line' id='line_1_56' title="bbox 1145 1474 1827 1517; baseline 0.013 -13"><span class='ocrx_word' id='word_1_317' title='bbox 1145 1474 1220 1504; x_wconf 86' lang='lat' dir='ltr'><strong>Ver.</strong></span> <span class='ocrx_word' id='word_1_318' title='bbox 1236 1478 1308 1506; x_wconf 90' lang='lat'>705.</span> <span class='ocrx_word' id='word_1_319' title='bbox 1319 1476 1445 1515; x_wconf 78' lang='lat' dir='ltr'><strong>jacere:</strong></span> <span class='ocrx_word' id='word_1_320' title='bbox 1464 1478 1561 1509; x_wconf 89' lang='lat' dir='ltr'><strong>Vind.</strong></span> <span class='ocrx_word' id='word_1_321' title='bbox 1575 1480 1702 1517; x_wconf 57' lang='lat' dir='ltr'><strong>lacerem</strong></span> <span class='ocrx_word' id='word_1_322' title='bbox 1720 1480 1761 1511; x_wconf 87' lang='lat' dir='ltr'><strong>V.</strong></span> <span class='ocrx_word' id='word_1_323' title='bbox 1776 1481 1827 1512; x_wconf 80' lang='lat' dir='ltr'><strong>ed.</strong></span> 
     </span>
     <span class='ocr_line' id='line_1_57' title="bbox 1102 1524 1603 1564; baseline 0.012 -10"><span class='ocrx_word' id='word_1_324' title='bbox 1102 1524 1141 1555; x_wconf 91' lang='grc' dir='ltr'><strong>Ο.</strong></span> <span class='ocrx_word' id='word_1_325' title='bbox 1153 1525 1292 1564; x_wconf 80' lang='lat' dir='ltr'><strong>jaceree,-</strong></span> <span class='ocrx_word' id='word_1_326' title='bbox 1318 1532 1352 1557; x_wconf 94' lang='grc' dir='ltr'><strong>Δ.</strong></span> <span class='ocrx_word' id='word_1_327' title='bbox 1369 1533 1483 1564; x_wconf 86' lang='lat' dir='ltr'><strong>autem,</strong></span> <span class='ocrx_word' id='word_1_328' title='bbox 1499 1530 1603 1561; x_wconf 76' lang='lat' dir='ltr'><strong>latere.</strong></span> 
     </span>
    </p>
   </div>
   <div class='ocr_carea' id='block_1_18' title="bbox 1099 1583 1828 1676">
    <p class='ocr_par' dir='ltr' id='par_1_20' title="bbox 1099 1583 1828 1676">
     <span class='ocr_line' id='line_1_58' title="bbox 1145 1583 1828 1629; baseline 0.015 -16"><span class='ocrx_word' id='word_1_329' title='bbox 1145 1583 1226 1614; x_wconf 86' lang='lat' dir='ltr'><strong>Ibid.</strong></span> <span class='ocrx_word' id='word_1_330' title='bbox 1252 1587 1364 1625; x_wconf 76' lang='lat' dir='ltr'><strong>Corpus</strong></span> <span class='ocrx_word' id='word_1_331' title='bbox 1378 1590 1550 1618; x_wconf 69' lang='lat' dir='ltr'><strong>exanimum</strong></span> <span class='ocrx_word' id='word_1_332' title='bbox 1565 1589 1683 1629; x_wconf 81' lang='lat' dir='ltr'><strong>jacere.</strong></span> <span class='ocrx_word' id='word_1_333' title='bbox 1707 1590 1828 1627; x_wconf 86' lang='lat' dir='ltr'><strong>Quem·</strong></span> 
     </span>
     <span class='ocr_line' id='line_1_59' title="bbox 1099 1635 1630 1676; baseline 0.013 -11"><span class='ocrx_word' id='word_1_334' title='bbox 1099 1635 1271 1667; x_wconf 89' lang='lat' dir='ltr'><strong>admodum</strong></span> <span class='ocrx_word' id='word_1_335' title='bbox 1288 1637 1392 1676; x_wconf 81' lang='lat' dir='ltr'><strong>Maro,</strong></span> <span class='ocrx_word' id='word_1_336' title='bbox 1413 1639 1488 1670; x_wconf 82' lang='lat' dir='ltr'><strong>AEn.</strong></span> <span class='ocrx_word' id='word_1_337' title='bbox 1503 1639 1541 1671; x_wconf 86' lang='lat' dir='ltr'><strong>vi.</strong></span> <span class='ocrx_word' id='word_1_338' title='bbox 1561 1643 1630 1672; x_wconf 88' lang='lat'><strong>149.</strong></span> 
     </span>
    </p>
   </div>
   <div class='ocr_carea' id='block_1_19' title="bbox 1113 1721 1811 1756">
    <p class='ocr_par' dir='ltr' id='par_1_21' title="bbox 1113 1721 1811 1756">
     <span class='ocr_line' id='line_1_60' title="bbox 1113 1721 1811 1756; baseline 0.01 -12"><span class='ocrx_word' id='word_1_339' title='bbox 1113 1721 1255 1750; x_wconf 82' lang='lat' dir='ltr'><strong>Praeterea‚</strong></span> <span class='ocrx_word' id='word_1_340' title='bbox 1266 1722 1335 1753; x_wconf 77' lang='lat' dir='ltr'><strong>jacet</strong></span> <span class='ocrx_word' id='word_1_341' title='bbox 1346 1723 1495 1747; x_wconf 84' lang='lat' dir='ltr'><strong>exanimum</strong></span> <span class='ocrx_word' id='word_1_342' title='bbox 1505 1723 1554 1748; x_wconf 83' lang='lat' dir='ltr'><strong>tibi</strong></span> <span class='ocrx_word' id='word_1_343' title='bbox 1563 1727 1652 1756; x_wconf 80' lang='lat' dir='ltr'><strong>corpus</strong></span> <span class='ocrx_word' id='word_1_344' title='bbox 1661 1725 1811 1751; x_wconf 48' lang='lat' dir='ltr'><strong>amici—a</strong></span> 
     </span>
    </p>
   </div>
   <div class='ocr_carea' id='block_1_20' title="bbox 1097 1805 1826 2105">
    <p class='ocr_par' dir='ltr' id='par_1_22' title="bbox 1097 1805 1826 2001">
     <span class='ocr_line' id='line_1_61' title="bbox 1141 1805 1826 1842; baseline 0.01 -7"><span class='ocrx_word' id='word_1_345' title='bbox 1141 1805 1217 1836; x_wconf 86' lang='lat' dir='ltr'><strong>Ver.</strong></span> <span class='ocrx_word' id='word_1_346' title='bbox 1237 1810 1306 1837; x_wconf 86' lang='lat'><strong>706.</strong></span> <span class='ocrx_word' id='word_1_347' title='bbox 1329 1809 1476 1839; x_wconf 72' lang='lat' dir='ltr'><strong>hominis:</strong></span> <span class='ocrx_word' id='word_1_348' title='bbox 1503 1808 1601 1839; x_wconf 84' lang='lat' dir='ltr'><strong>vind.</strong></span> <span class='ocrx_word' id='word_1_349' title='bbox 1630 1809 1671 1840; x_wconf 91' lang='lat' dir='ltr'><strong>V.</strong></span> <span class='ocrx_word' id='word_1_350' title='bbox 1702 1810 1750 1840; x_wconf 79' lang='lat' dir='ltr'><strong>ed.</strong></span> <span class='ocrx_word' id='word_1_351' title='bbox 1780 1816 1826 1842; x_wconf 76' lang='lat' dir='ltr'><strong>n.</strong></span> 
     </span>
     <span class='ocr_line' id='line_1_62' title="bbox 1097 1857 1824 1903; baseline 0.011 -18"><span class='ocrx_word' id='word_1_352' title='bbox 1097 1857 1334 1901; x_wconf 57' lang='lat' dir='ltr'><strong>homines—fic:</strong></span> <span class='ocrx_word' id='word_1_353' title='bbox 1360 1865 1394 1890; x_wconf 90' lang='lat' dir='ltr'><strong>A.</strong></span> <span class='ocrx_word' id='word_1_354' title='bbox 1416 1862 1468 1891; x_wconf 83' lang='lat' dir='ltr'><strong>sic.</strong></span> <span class='ocrx_word' id='word_1_355' title='bbox 1515 1859 1689 1899; x_wconf 85' lang='lat' dir='ltr'><strong>Nimirum,</strong></span> <span class='ocrx_word' id='word_1_356' title='bbox 1701 1862 1733 1902; x_wconf 87' lang='lat' dir='ltr'><strong><em>s</em></strong></span> <span class='ocrx_word' id='word_1_357' title='bbox 1746 1862 1824 1903; x_wconf 81' lang='lat' dir='ltr'><strong>ets,</strong></span> 
     </span>
     <span class='ocr_line' id='line_1_63' title="bbox 1097 1909 1822 1948; baseline 0.011 -12"><span class='ocrx_word' id='word_1_358' title='bbox 1097 1917 1114 1937; x_wconf 90' lang='lat' dir='ltr'><strong>c</strong></span> <span class='ocrx_word' id='word_1_359' title='bbox 1129 1913 1159 1937; x_wconf 87' lang='lat' dir='ltr'><strong>et</strong></span> <span class='ocrx_word' id='word_1_360' title='bbox 1173 1914 1197 1946; x_wconf 84' lang='lat' dir='ltr'><strong>t,</strong></span> <span class='ocrx_word' id='word_1_361' title='bbox 1219 1909 1386 1948; x_wconf 82' lang='lat' dir='ltr'><strong>saepissime</strong></span> <span class='ocrx_word' id='word_1_362' title='bbox 1407 1917 1571 1942; x_wconf 85' lang='lat' dir='ltr'><strong>mutantur</strong></span> <span class='ocrx_word' id='word_1_363' title='bbox 1589 1912 1737 1944; x_wconf 82' lang='lat' dir='ltr'><strong>invicem:</strong></span> <span class='ocrx_word' id='word_1_364' title='bbox 1763 1923 1822 1944; x_wconf 88' lang='lat' dir='ltr'><strong>un-</strong></span> 
     </span>
     <span class='ocr_line' id='line_1_64' title="bbox 1097 1957 1340 2001; baseline 0.016 -14"><span class='ocrx_word' id='word_1_365' title='bbox 1097 1957 1137 1987; x_wconf 90' lang='lat' dir='ltr'><strong>de</strong></span> <span class='ocrx_word' id='word_1_366' title='bbox 1147 1960 1204 2001; x_wconf 85' lang='lat' dir='ltr'><strong>fit,</strong></span> <span class='ocrx_word' id='word_1_367' title='bbox 1221 1962 1272 1998; x_wconf 82' lang='lat' dir='ltr'><strong>sit,</strong></span> <span class='ocrx_word' id='word_1_368' title='bbox 1287 1963 1340 1991; x_wconf 77' lang='lat' dir='ltr'><strong>sic.</strong></span> 
     </span>
    </p>

    <p class='ocr_par' dir='ltr' id='par_1_23' title="bbox 1098 2018 1820 2105">
     <span class='ocr_line' id='line_1_65' title="bbox 1139 2018 1820 2054; baseline 0.01 -7"><span class='ocrx_word' id='word_1_369' title='bbox 1139 2018 1213 2048; x_wconf 83' lang='lat' dir='ltr'><strong>Ver.</strong></span> <span class='ocrx_word' id='word_1_370' title='bbox 1245 2022 1315 2050; x_wconf 88' lang='lat'><strong>707.</strong></span> <span class='ocrx_word' id='word_1_371' title='bbox 1359 2024 1540 2053; x_wconf 82' lang='lat' dir='ltr'><strong>Conveniat:</strong></span> <span class='ocrx_word' id='word_1_372' title='bbox 1576 2023 1672 2053; x_wconf 90' lang='lat' dir='ltr'><strong>Vind.</strong></span> <span class='ocrx_word' id='word_1_373' title='bbox 1699 2024 1741 2053; x_wconf 91' lang='lat' dir='ltr'><strong>V.</strong></span> <span class='ocrx_word' id='word_1_374' title='bbox 1773 2023 1820 2054; x_wconf 87' lang='lat' dir='ltr'><strong>ed.</strong></span> 
     </span>
     <span class='ocr_line' id='line_1_66' title="bbox 1098 2070 1618 2105; baseline 0.01 -6"><span class='ocrx_word' id='word_1_375' title='bbox 1098 2070 1433 2103; x_wconf 80' lang='lat' dir='ltr'><strong>Convenz&#39;ant.—illius.·</strong></span> <span class='ocrx_word' id='word_1_376' title='bbox 1461 2073 1502 2103; x_wconf 94' lang='lat' dir='ltr'><strong>O.</strong></span> <span class='ocrx_word' id='word_1_377' title='bbox 1516 2075 1618 2105; x_wconf 78' lang='lat' dir='ltr'><strong>ullius.</strong></span> 
     </span>
    </p>
   </div>
   <div class='ocr_carea' id='block_1_21' title="bbox 1092 2129 1820 2583">
    <p class='ocr_par' dir='ltr' id='par_1_24' title="bbox 1092 2129 1820 2583">
     <span class='ocr_line' id='line_1_67' title="bbox 1138 2129 1820 2173; baseline 0.009 -14"><span class='ocrx_word' id='word_1_378' title='bbox 1138 2129 1212 2160; x_wconf 87' lang='lat' dir='ltr'><strong>Ver.</strong></span> <span class='ocrx_word' id='word_1_379' title='bbox 1224 2133 1294 2161; x_wconf 91' lang='lat'>708.</span> <span class='ocrx_word' id='word_1_380' title='bbox 1312 2133 1397 2163; x_wconf 76' lang='lat' dir='ltr'><strong>IVam</strong></span> <span class='ocrx_word' id='word_1_381' title='bbox 1407 2144 1501 2173; x_wconf 80' lang='lat' dir='ltr'><strong>neque</strong></span> <span class='ocrx_word' id='word_1_382' title='bbox 1510 2145 1591 2165; x_wconf 83' lang='lat' dir='ltr'><strong>eum:</strong></span> <span class='ocrx_word' id='word_1_383' title='bbox 1610 2133 1706 2165; x_wconf 86' lang='lat' dir='ltr'><strong>vind.</strong></span> <span class='ocrx_word' id='word_1_384' title='bbox 1715 2135 1756 2165; x_wconf 83' lang='lat' dir='ltr'><strong>V.</strong></span> <span class='ocrx_word' id='word_1_385' title='bbox 1772 2134 1820 2165; x_wconf 86' lang='lat' dir='ltr'><strong>ed.</strong></span> 
     </span>
     <span class='ocr_line' id='line_1_68' title="bbox 1097 2179 1819 2225; baseline 0.01 -15"><span class='ocrx_word' id='word_1_386' title='bbox 1097 2179 1136 2210; x_wconf 94' lang='grc' dir='ltr'><strong>Ο.</strong></span> <span class='ocrx_word' id='word_1_387' title='bbox 1153 2185 1186 2211; x_wconf 87' lang='grc' dir='ltr'><strong>Σ.</strong></span> <span class='ocrx_word' id='word_1_388' title='bbox 1204 2182 1347 2222; x_wconf 71' lang='lat' dir='ltr'><strong>IVamque</strong></span> <span class='ocrx_word' id='word_1_389' title='bbox 1362 2194 1430 2214; x_wconf 87' lang='lat' dir='ltr'><strong>cum</strong></span> <span class='ocrx_word' id='word_1_390' title='bbox 1438 2198 1449 2219; x_wconf 84' lang='lat'><strong>‚-</strong></span> <span class='ocrx_word' id='word_1_391' title='bbox 1478 2189 1513 2214; x_wconf 94' lang='lat' dir='ltr'><strong>A.</strong></span> <span class='ocrx_word' id='word_1_392' title='bbox 1531 2186 1675 2225; x_wconf 73' lang='lat' dir='ltr'><strong>IVamque</strong></span> <span class='ocrx_word' id='word_1_393' title='bbox 1689 2192 1718 2216; x_wconf 84' lang='lat' dir='ltr'><strong>et</strong></span> <span class='ocrx_word' id='word_1_394' title='bbox 1731 2196 1819 2221; x_wconf 85' lang='lat' dir='ltr'><strong>eum,-</strong></span> 
     </span>
     <span class='ocr_line' id='line_1_69' title="bbox 1098 2234 1817 2276; baseline 0.008 -14"><span class='ocrx_word' id='word_1_395' title='bbox 1098 2238 1142 2262; x_wconf 83' lang='grc' dir='ltr'><strong>Ω.</strong></span> <span class='ocrx_word' id='word_1_396' title='bbox 1166 2234 1252 2263; x_wconf 84' lang='grc' dir='ltr'><strong><em>Ναπι</em></strong></span> <span class='ocrx_word' id='word_1_397' title='bbox 1269 2245 1364 2274; x_wconf 84' lang='lat' dir='ltr'><strong>neque</strong></span> <span class='ocrx_word' id='word_1_398' title='bbox 1390 2245 1474 2272; x_wconf 85' lang='lat' dir='ltr'><strong>cum;</strong></span> <span class='ocrx_word' id='word_1_399' title='bbox 1497 2236 1581 2276; x_wconf 90' lang='lat' dir='ltr'><strong>quod</strong></span> <span class='ocrx_word' id='word_1_400' title='bbox 1596 2246 1660 2267; x_wconf 91' lang='lat' dir='ltr'><strong>non</strong></span> <span class='ocrx_word' id='word_1_401' title='bbox 1675 2236 1817 2268; x_wconf 81' lang='lat' dir='ltr'><strong>deterius.</strong></span> 
     </span>
     <span class='ocr_line' id='line_1_70' title="bbox 1095 2285 1819 2328; baseline 0.008 -15"><span class='ocrx_word' id='word_1_402' title='bbox 1095 2294 1210 2315; x_wconf 84' lang='lat' dir='ltr'><strong>—nec.·</strong></span> <span class='ocrx_word' id='word_1_403' title='bbox 1235 2285 1310 2315; x_wconf 85' lang='lat' dir='ltr'><strong>editi</strong></span> <span class='ocrx_word' id='word_1_404' title='bbox 1333 2286 1471 2326; x_wconf 91' lang='lat' dir='ltr'><strong>quidam,</strong></span> <span class='ocrx_word' id='word_1_405' title='bbox 1498 2299 1609 2328; x_wconf 48' lang='lat' dir='ltr'><strong>nequa·</strong></span> <span class='ocrx_word' id='word_1_406' title='bbox 1632 2294 1697 2318; x_wconf 84' lang='lat' dir='ltr'><strong>tam</strong></span> <span class='ocrx_word' id='word_1_407' title='bbox 1712 2295 1819 2319; x_wconf 87' lang='lat' dir='ltr'><strong>contra</strong></span> 
     </span>
     <span class='ocr_line' id='line_1_71' title="bbox 1095 2333 1819 2376; baseline 0.01 -13"><span class='ocrx_word' id='word_1_408' title='bbox 1095 2333 1198 2371; x_wconf 86' lang='lat' dir='ltr'><strong>libros,</strong></span> <span class='ocrx_word' id='word_1_409' title='bbox 1209 2346 1305 2376; x_wconf 84' lang='lat' dir='ltr'><strong>quam</strong></span> <span class='ocrx_word' id='word_1_410' title='bbox 1315 2337 1576 2368; x_wconf 79' lang='lat' dir='ltr'><strong>consuetudinem</strong></span> <span class='ocrx_word' id='word_1_411' title='bbox 1586 2339 1819 2370; x_wconf 83' lang='lat' dir='ltr'><strong>usitatissimam</strong></span> 
     </span>
     <span class='ocr_line' id='line_1_72' title="bbox 1095 2386 1818 2430; baseline 0.008 -14"><span class='ocrx_word' id='word_1_412' title='bbox 1095 2386 1243 2424; x_wconf 80' lang='lat' dir='ltr'><strong>Lucretii,</strong></span> <span class='ocrx_word' id='word_1_413' title='bbox 1266 2399 1386 2428; x_wconf 87' lang='lat' dir='ltr'><strong>semper</strong></span> <span class='ocrx_word' id='word_1_414' title='bbox 1400 2390 1459 2420; x_wconf 91' lang='lat' dir='ltr'><strong>hoc</strong></span> <span class='ocrx_word' id='word_1_415' title='bbox 1474 2390 1569 2421; x_wconf 90' lang='lat' dir='ltr'><strong>modo</strong></span> <span class='ocrx_word' id='word_1_416' title='bbox 1583 2391 1638 2421; x_wconf 79' lang='lat' dir='ltr'><strong>has</strong></span> <span class='ocrx_word' id='word_1_417' title='bbox 1653 2391 1818 2430; x_wconf 84' lang='lat' dir='ltr'><strong>particulas</strong></span> 
     </span>
     <span class='ocr_line' id='line_1_73' title="bbox 1093 2438 1820 2480; baseline 0.01 -13"><span class='ocrx_word' id='word_1_418' title='bbox 1093 2438 1240 2469; x_wconf 77' lang='lat' dir='ltr'><strong>variantis</strong></span> <span class='ocrx_word' id='word_1_419' title='bbox 1267 2440 1300 2470; x_wconf 90' lang='lat' dir='ltr'><strong>in</strong></span> <span class='ocrx_word' id='word_1_420' title='bbox 1329 2441 1440 2471; x_wconf 86' lang='lat' dir='ltr'><strong>eodem</strong></span> <span class='ocrx_word' id='word_1_421' title='bbox 1469 2451 1576 2480; x_wconf 86' lang='lat' dir='ltr'><strong>versu;</strong></span> <span class='ocrx_word' id='word_1_422' title='bbox 1610 2442 1694 2473; x_wconf 87' lang='lat' dir='ltr'><strong>unde</strong></span> <span class='ocrx_word' id='word_1_423' title='bbox 1722 2443 1820 2473; x_wconf 88' lang='lat' dir='ltr'><strong>miror</strong></span> 
     </span>
     <span class='ocr_line' id='line_1_74' title="bbox 1092 2491 1816 2534; baseline 0.008 -15"><span class='ocrx_word' id='word_1_424' title='bbox 1092 2499 1278 2521; x_wconf 89' lang='lat' dir='ltr'><strong>consensum</strong></span> <span class='ocrx_word' id='word_1_425' title='bbox 1293 2491 1365 2523; x_wconf 89' lang='lat' dir='ltr'><strong>libb.</strong></span> <span class='ocrx_word' id='word_1_426' title='bbox 1388 2493 1421 2523; x_wconf 88' lang='lat' dir='ltr'><strong>in</strong></span> <span class='ocrx_word' id='word_1_427' title='bbox 1446 2507 1487 2534; x_wconf 65' lang='grc' dir='ltr'><strong>τῳ</strong></span> <span class='ocrx_word' id='word_1_428' title='bbox 1504 2505 1598 2534; x_wconf 80' lang='lat' dir='ltr'><strong>neque</strong></span> <span class='ocrx_word' id='word_1_429' title='bbox 1623 2495 1726 2525; x_wconf 78' lang='lat' dir='ltr'><strong>statim</strong></span> <span class='ocrx_word' id='word_1_430' title='bbox 1741 2494 1816 2525; x_wconf 76' lang='lat' dir='ltr'><strong>insi-</strong></span> 
     </span>
     <span class='ocr_line' id='line_1_75' title="bbox 1092 2541 1311 2583; baseline 0.018 -12"><span class='ocrx_word' id='word_1_431' title='bbox 1092 2541 1160 2572; x_wconf 88' lang='lat' dir='ltr'><strong>mul</strong></span> <span class='ocrx_word' id='word_1_432' title='bbox 1173 2544 1311 2583; x_wconf 86' lang='lat' dir='ltr'><strong>repetito.</strong></span> 
     </span>
    </p>
   </div>
   <div class='ocr_carea' id='block_1_22' title="bbox 1083 2601 1817 2949">
    <p class='ocr_par' dir='ltr' id='par_1_25' title="bbox 1083 2601 1817 2949">
     <span class='ocr_line' id='line_1_76' title="bbox 1134 2601 1817 2644; baseline 0.006 -12"><span class='ocrx_word' id='word_1_433' title='bbox 1134 2601 1209 2633; x_wconf 87' lang='lat' dir='ltr'><strong>Ver.</strong></span> <span class='ocrx_word' id='word_1_434' title='bbox 1240 2605 1311 2634; x_wconf 88' lang='lat'><strong>710.</strong></span> <span class='ocrx_word' id='word_1_435' title='bbox 1351 2603 1391 2634; x_wconf 89' lang='lat' dir='ltr'><strong>In</strong></span> <span class='ocrx_word' id='word_1_436' title='bbox 1420 2604 1489 2635; x_wconf 88' lang='lat' dir='ltr'><strong>loco</strong></span> <span class='ocrx_word' id='word_1_437' title='bbox 1517 2605 1654 2636; x_wconf 85' lang='lat' dir='ltr'><strong>maxime</strong></span> <span class='ocrx_word' id='word_1_438' title='bbox 1688 2605 1817 2644; x_wconf 86' lang='lat' dir='ltr'><strong>ancipiti</strong></span> 
     </span>
     <span class='ocr_line' id='line_1_77' title="bbox 1091 2654 1815 2697; baseline 0.007 -15"><span class='ocrx_word' id='word_1_439' title='bbox 1091 2654 1317 2693; x_wconf 76' lang='lat' dir='ltr'><strong>constituendo,</strong></span> <span class='ocrx_word' id='word_1_440' title='bbox 1348 2655 1434 2686; x_wconf 87' lang='lat' dir='ltr'><strong>volui</strong></span> <span class='ocrx_word' id='word_1_441' title='bbox 1455 2657 1575 2696; x_wconf 86' lang='lat' dir='ltr'><strong>scriptis</strong></span> <span class='ocrx_word' id='word_1_442' title='bbox 1599 2657 1692 2692; x_wconf 73' lang='lat' dir='ltr'><strong>libris,</strong></span> <span class='ocrx_word' id='word_1_443' title='bbox 1715 2667 1815 2697; x_wconf 88' lang='lat' dir='ltr'><strong>quan-</strong></span> 
     </span>
     <span class='ocr_line' id='line_1_78' title="bbox 1090 2704 1815 2747; baseline 0.006 -13"><span class='ocrx_word' id='word_1_444' title='bbox 1090 2710 1159 2734; x_wconf 90' lang='lat' dir='ltr'><strong>tum</strong></span> <span class='ocrx_word' id='word_1_445' title='bbox 1173 2704 1309 2744; x_wconf 82' lang='lat' dir='ltr'><strong>licuerit,</strong></span> <span class='ocrx_word' id='word_1_446' title='bbox 1331 2707 1552 2747; x_wconf 86' lang='lat' dir='ltr'><strong>obtemperare,</strong></span> <span class='ocrx_word' id='word_1_447' title='bbox 1576 2713 1607 2737; x_wconf 90' lang='lat' dir='ltr'><strong>et</strong></span> <span class='ocrx_word' id='word_1_448' title='bbox 1626 2708 1815 2738; x_wconf 77' lang='lat' dir='ltr'><strong>incertarum</strong></span> 
     </span>
     <span class='ocr_line' id='line_1_79' title="bbox 1089 2755 1815 2790; baseline 0.006 -4"><span class='ocrx_word' id='word_1_449' title='bbox 1089 2755 1317 2788; x_wconf 86' lang='lat' dir='ltr'><strong>divinationum</strong></span> <span class='ocrx_word' id='word_1_450' title='bbox 1336 2759 1496 2790; x_wconf 86' lang='lat' dir='ltr'><strong>abstinere.</strong></span> <span class='ocrx_word' id='word_1_451' title='bbox 1548 2761 1673 2790; x_wconf 79' lang='lat' dir='ltr'><strong>Verum.-</strong></span> <span class='ocrx_word' id='word_1_452' title='bbox 1698 2759 1741 2789; x_wconf 85' lang='lat' dir='ltr'><strong>sic</strong></span> <span class='ocrx_word' id='word_1_453' title='bbox 1756 2759 1815 2790; x_wconf 89' lang='lat' dir='ltr'><strong>soli</strong></span> 
     </span>
     <span class='ocr_line' id='line_1_80' title="bbox 1089 2806 1815 2851; baseline 0.004 -13"><span class='ocrx_word' id='word_1_454' title='bbox 1089 2806 1127 2838; x_wconf 88' lang='grc' dir='ltr'><strong>Ρ.</strong></span> <span class='ocrx_word' id='word_1_455' title='bbox 1158 2813 1193 2839; x_wconf 93' lang='grc' dir='ltr'><strong>Δ.</strong></span> <span class='ocrx_word' id='word_1_456' title='bbox 1229 2809 1331 2839; x_wconf 85' lang='lat' dir='ltr'><strong>caeteri</strong></span> <span class='ocrx_word' id='word_1_457' title='bbox 1361 2819 1478 2846; x_wconf 89' lang='lat' dir='ltr'><strong>omnes,</strong></span> <span class='ocrx_word' id='word_1_458' title='bbox 1515 2811 1815 2851; x_wconf 65' lang='lat' dir='ltr'><strong>Utrum—aliquid</strong></span> 
     </span>
     <span class='ocr_line' id='line_1_81' title="bbox 1083 2860 1813 2898; baseline 0.004 -9"><span class='ocrx_word' id='word_1_459' title='bbox 1083 2870 1210 2898; x_wconf 81' lang='lat' dir='ltr'><strong>genere.-</strong></span> <span class='ocrx_word' id='word_1_460' title='bbox 1236 2860 1332 2891; x_wconf 83' lang='lat' dir='ltr'><strong>Vind.</strong></span> <span class='ocrx_word' id='word_1_461' title='bbox 1348 2861 1390 2891; x_wconf 94' lang='lat' dir='ltr'><strong>V.</strong></span> <span class='ocrx_word' id='word_1_462' title='bbox 1412 2860 1460 2890; x_wconf 86' lang='lat' dir='ltr'><strong>ed.</strong></span> <span class='ocrx_word' id='word_1_463' title='bbox 1482 2861 1520 2891; x_wconf 89' lang='lat' dir='ltr'><strong>B.</strong></span> <span class='ocrx_word' id='word_1_464' title='bbox 1536 2861 1572 2891; x_wconf 93' lang='lat' dir='ltr'><strong>L.</strong></span> <span class='ocrx_word' id='word_1_465' title='bbox 1590 2860 1636 2893; x_wconf 91' lang='lat' dir='ltr'><strong>M.</strong></span> <span class='ocrx_word' id='word_1_466' title='bbox 1654 2868 1688 2894; x_wconf 85' lang='grc' dir='ltr'><strong>Σ.</strong></span> <span class='ocrx_word' id='word_1_467' title='bbox 1712 2868 1813 2893; x_wconf 83' lang='lat' dir='ltr'><strong>trans·</strong></span> 
     </span>
     <span class='ocr_line' id='line_1_82' title="bbox 1086 2913 1814 2949; baseline 0.007 -9"><span class='ocrx_word' id='word_1_468' title='bbox 1086 2916 1208 2949; x_wconf 89' lang='lat' dir='ltr'><strong>ponunt</strong></span> <span class='ocrx_word' id='word_1_469' title='bbox 1233 2913 1513 2943; x_wconf 60' lang='lat' dir='ltr'><strong>voces—conscius</strong></span> <span class='ocrx_word' id='word_1_470' title='bbox 1538 2913 1626 2944; x_wconf 79' lang='lat' dir='ltr'><strong>dicet.</strong></span> <span class='ocrx_word' id='word_1_471' title='bbox 1672 2913 1814 2945; x_wconf 80' lang='lat' dir='ltr'><strong>Priorem</strong></span> 
     </span>
    </p>
   </div>
   <div class='ocr_carea' id='block_1_23' title="bbox 1057 2971 1079 2997">
    <p class='ocr_par' dir='ltr' id='par_1_26' title="bbox 1057 2971 1079 2997">
     <span class='ocr_line' id='line_1_83' title="bbox 1057 2971 1079 2997; baseline 0 0"><span class='ocrx_word' id='word_1_472' title='bbox 1057 2971 1079 2997; x_wconf 84' lang='lat'><em>5</em></span> 
     </span>
    </p>
   </div>
  </div>
 </body>
</html>
