1926 3224
615 223 849 273 LIBER
897 223 1262 281 QUINTUS.

176 361 257 398 535

1575 230 1632 270 91

348 356 559 413 Terraque
578 365 624 398 ut
643 358 686 398 in
707 357 841 399 media
862 357 1005 398 mundi
1025 358 1193 414 regione
1213 356 1408 412 quiescat,

292 431 545 473 Evanescere
564 431 789 486 paullatim,
821 439 861 472 et
881 431 1128 480 decrescere,
1160 430 1323 485 pondus

294 506 516 555 Convenit;
550 513 671 560 atque
691 505 812 545 aliam
832 513 1023 544 naturam
1044 505 1183 545 subter
1203 505 1370 556 habere,

294 579 360 620 Ex
380 580 545 619 ineunte
565 592 654 618 aevo
675 578 764 631 conj
774 585 940 618 unctam
961 589 1086 631 atque
1106 578 1243 619 uniter
1265 587 1407 633 aptam

294 652 483 693 Partibus
503 651 620 692 a'eriis
640 650 800 700 mundi,
832 651 979 706 quibus
1000 652 1120 693 insita
1139 652 1251 693 vivit.

179 731 259 766 540
290 725 528 779 Propterea,
561 739 645 766 non
666 732 726 766 est
746 725 877 775 oneri,
909 740 1042 781 neque
1063 725 1258 781 deprimit
1277 740 1396 767 auras
1402 743 1417 776 ;

291 798 352 840 Ut
372 814 445 840 sua
464 799 642 855 quoique
661 799 820 840 homini
841 799 953 841 nullo
975 807 1069 841 sunt
1088 799 1272 855 pondere
1291 799 1492 851 membra,

290 872 379 913 Nec
400 880 523 928 caput
543 880 603 914 est
622 874 738 914 oneri
759 873 877 924 collo,
900 888 977 915 nec
997 874 1175 930 denique
1195 882 1330 915 totum

292 946 489 1002 Corporis
509 947 552 988 in
571 947 743 1002 pedibus
765 947 930 1002 pondus
949 947 1144 988 sentimus
1167 948 1309 988 inesse.

148 1103 305 1141 disponere
313 1116 324 1136 ;
365 1100 448 1141 quod
477 1100 586 1132 sedulo
625 1101 874 1133 animadverten-

149 1153 240 1183 dum:
266 1163 340 1183 nam
354 1153 450 1194 longe
466 1154 629 1184 rarissimae
645 1154 796 1184 sermonis
811 1154 874 1185 for-

149 1204 245 1234 mula}
260 1215 323 1235 non
339 1206 438 1235 habeo
453 1206 491 1236 ad
503 1216 616 1236 manus
631 1206 758 1244 pulchre
774 1206 873 1245 paral-

148 1255 252 1291 lelam,
276 1255 338 1296 quai
353 1256 518 1287 lectoribus
541 1257 727 1287 illustratam
749 1257 876 1287 dem.—

147 1308 320 1347 Disponere
336 1315 452 1345 autem,
479 1312 500 1327 “
515 1307 682 1349 diligenter
705 1315 735 1339 et
749 1309 874 1340 ordina-

149 1362 172 1378 “
191 1359 247 1389 tini
264 1360 446 1390 exhibere:'’
471 1361 578 1391 confer
603 1361 622 1392 i.
645 1364 696 1393 47.
731 1362 783 1392 Ita
802 1362 874 1392 Vir-

149 1410 254 1451 gilius,
280 1413 355 1442 AEn.
373 1412 416 1442 iii.
435 1414 506 1443 237.

151 1492 228 1517 Haud
236 1500 310 1518 secus
318 1500 348 1517 ac
354 1494 418 1524 jussi
428 1493 532 1518 faciunt
537 1502 545 1524 ;
561 1497 701 1525 tectosque
710 1500 757 1525 per
764 1493 876 1518 herbam

149 1532 293 1565 Disponunt
304 1534 381 1564 ensis,
399 1537 426 1559 et
437 1538 514 1559 scuta
525 1533 637 1559 latentia
647 1534 780 1560 condunt.

151 1605 348 1644 Disponunt·
375 1606 394 1636 i.
411 1616 439 1635 e.
458 1609 480 1624 “
492 1606 601 1636 ordine
617 1612 739 1645 ponunt
753 1615 877 1644 separa-

152 1659 174 1675 “
191 1656 261 1695 to;’‘
285 1667 325 1686 ne
349 1657 492 1687 confusio
519 1657 585 1695 fiat,
615 1657 754 1687 hostibus
783 1657 877 1687 advo-

149 1707 296 1744 lantibus,
321 1708 375 1739 sed
390 1709 603 1750 unusquisque
619 1709 724 1739 statim
739 1709 806 1738 ensi
820 1719 879 1738 suo

151 1769 284 1789 manum
308 1759 457 1799 imponat.
505 1763 644 1791 Condunt
671 1764 789 1798 autem,
813 1759 877 1790 unci

151 1812 261 1848 locant,
284 1811 428 1852 clypeum
441 1812 532 1852 juxta
547 1812 700 1852 clypeum.
739 1812 802 1841 His
823 1811 878 1842 ad-

152 1863 314 1894 movendis
324 1873 397 1894 vero
408 1864 659 1903 supersedissem,
670 1864 729 1894 nisi
739 1864 876 1903 proprie-

153 1919 231 1945 tates
245 1925 358 1945 vocum
370 1915 531 1945 nonnullis
548 1915 766 1954 interpretibus
780 1915 876 1946 mini-

155 1975 208 1996 me
223 1972 381 2006 perceptas
396 1977 461 1997 esse
476 1967 705 1998 intellexissem.

198 2017 273 2047 Ver.
307 2021 377 2048 551.
408 2029 509 2049 omne:
546 2019 587 2049 V.
612 2019 658 2049 ed.
684 2018 733 2050 M.
768 2018 807 2049 O.
833 2025 877 2050 Ω.

153 2078 268 2100 omnem
274 2081 286 2103 ‚·
304 2067 393 2108 quasi
404 2069 573 2107 scripsisset
585 2070 758 2106 Lucretius,
775 2072 876 2106 omn&

154 2131 325 2160 perperam.

199 2174 272 2204 Ver.
303 2176 373 2205 552.
416 2175 466 2205 Sic
502 2174 563 2205 loci
599 2185 729 2214 scopum
759 2173 875 2214 capias:

156 2226 180 2243 “
201 2225 406 2257 Generalibus
420 2227 543 2263 caussis,
567 2237 622 2266 per
637 2237 713 2267 quas
727 2226 880 2256 universae

159 2279 183 2294 “
198 2286 246 2306 res
260 2277 492 2308 constituuntur
502 2283 727 2318 regunturque,
744 2277 878 2316 patefac-

157 2331 179 2346 “
195 2327 234 2357 tis
257 2333 288 2358 et
311 2326 479 2368 dispositis3
511 2338 673 2360 necessum
703 2333 756 2364 est,
788 2333 825 2358 ut
846 2327 880 2357 in

160 2381 182 2397 “
198 2378 248 2408 his
273 2378 450 2409 includatur
478 2379 573 2410 etiam
596 2390 632 2410 ea
661 2389 779 2414 caussa,
810 2389 880 2419 quae

161 2433 183 2447 “
199 2435 322 2459 motum
352 2430 446 2460 stellis
472 2432 601 2470 praebet:
639 2431 780 2470 quamvis
816 2440 881 2461 non

160 2484 183 2499 “
200 2481 240 2511 sit
253 2480 380 2511 cuilibet
394 2481 428 2510 in
449 2481 576 2519 proclivi
591 2481 631 2511 de
645 2491 778 2511 numero
793 2491 881 2511 caus-

161 2534 184 2549 “
200 2542 306 2562 sarum
336 2531 501 2571 specialem
534 2531 622 2562 illam
651 2531 789 2572 seligere,
825 2542 883 2562 nec

161 2586 184 2602 “
200 2583 362 2623 prudentis
388 2583 563 2623 philosophi
588 2583 715 2624 quidem
740 2584 883 2624 designa-

161 2635 319 2666 “tionem
343 2635 409 2676 ejus
434 2634 645 2666 confidentem
670 2635 705 2665 in
728 2645 760 2665 se
788 2635 883 2666 susci-

162 2690 184 2706 “
200 2687 307 2727 pere.”

203 2739 279 2768 Ver.
296 2741 366 2769 535.
390 2743 508 2778 vegeat:
533 2737 553 2768 i.
569 2748 595 2768 e.
617 2743 746 2778 vegetet,
767 2737 816 2768 vel
830 2748 882 2768 ve-

161 2794 270 2830 getum
293 2789 400 2826 faciat3
432 2788 502 2819 vide
525 2789 548 2820 J
550 2799 657 2819 uvenc.
680 2789 750 2820 hist.
775 2799 884 2830 evang.

162 2840 194 2871 ii.
215 2843 288 2873 557.
317 2841 437 2872 Auson.
464 2840 549 2878 idyll.
573 2841 592 2871 i.
619 2844 668 2872 21.
696 2842 777 2871 Mar.
800 2841 883 2872 Vict.
917 2844 924 2851 ¹

164 2892 279 2930 praefat.
294 2903 356 2924 ver.
373 2897 422 2924 16.
442 2893 476 2923 in
500 2893 579 2925 Gen.
594 2893 616 2925 i.
636 2896 705 2924 151.
743 2893 824 2925 Haec
839 2899 886 2924 est

918 1108 1025 1133 autem
1049 1102 1174 1143 egregia
1199 1102 1353 1132 restitutio
1384 1102 1506 1132 Gifanii
1529 1112 1583 1142 pro
1603 1103 1642 1133 li-

917 1154 1046 1183 brorum
1068 1154 1212 1183 omnium
1235 1153 1367 1183 lectione
1381 1155 1496 1192 vigeat,-
1520 1163 1590 1193 quae
1605 1164 1643 1183 ex

918 1204 1033 1234 rariore
1048 1204 1198 1234 vocabulo
1212 1210 1314 1244 vegeat
1329 1203 1434 1234 statim
1454 1214 1508 1243 per
1524 1203 1643 1233 librari-

919 1267 1010 1286 orum
1025 1267 1138 1286 manus
1149 1257 1329 1286 exoriretur.
1372 1256 1509 1294 Nonius,
1526 1256 1556 1285 ii.
1574 1259 1645 1287 876.

918 1308 1035 1348 profert
1060 1319 1077 1338 e
1100 1308 1294 1347 Pomponio:
1330 1310 1353 1326 “
1372 1307 1508 1338 Animos
1534 1308 1646 1338 Venus

921 1364 943 1379 “
958 1366 1037 1400 vegei
1053 1359 1264 1399 voluptatibus
1270 1358 1302 1397 ;’'
1327 1364 1358 1388 et
1373 1369 1410 1389 ex
1426 1359 1548 1389 Ennio:

1070 1436 1181 1461 aequora
1193 1430 1259 1455 salsa
1269 1437 1347 1462 veges
1359 1430 1512 1462 ingentibus
1524 1430 1611 1456 ventis
1618 1431 1647 1456 :”

920 1494 951 1518 et
965 1488 1026 1518 alia
1041 1489 1184 1528 exempla
1202 1489 1347 1520 dictionis
1362 1499 1379 1520 e
1395 1490 1546 1520 Varrone.
1583 1491 1647 1521 Lo-

921 1550 994 1569 cum
1011 1540 1136 1580 Vegetii
1159 1541 1335 1578 appositum
1360 1551 1424 1570 non
1449 1541 1567 1580 pigebit
1592 1541 1647 1571 ad-

920 1589 1061 1626 movisse,
1083 1590 1123 1620 de
1148 1600 1181 1620 re
1204 1591 1294 1621 milit.
1317 1591 1355 1621 iv.
1379 1595 1429 1622 4‘2.
1457 1596 1479 1610 ‘⁶
1495 1592 1647 1622 Elemen-

921 1646 943 1662 “
960 1650 1027 1673 tum
1043 1644 1146 1684 pelagi
1161 1644 1252 1675 tertia
1266 1655 1336 1683 pars
1351 1645 1464 1675 mundi
1475 1651 1534 1683 est;
1551 1645 1648 1686 quod,

923 1697 945 1712 “
962 1701 1072 1733 praeter
1095 1701 1260 1725 ventorum
1287 1695 1405 1731 flatum,
1439 1707 1496 1726 suo
1525 1706 1650 1736 quoque

925 1749 948 1764 “
966 1746 1135 1785 spiramine
1157 1753 1300 1787 motuque
1314 1748 1647 1787 vegetatur.''—motu:

923 1796 961 1826 P.
976 1798 1122 1833 mzcltum;
1152 1803 1183 1826 et
1204 1797 1237 1827 in
1261 1798 1329 1837 ejus
1343 1798 1451 1837 priscis
1466 1799 1651 1838 exemplari-

921 1851 991 1888 bus,
1015 1856 1096 1881 molu
1112 1852 1322 1882 iva—earum:
1351 1858 1393 1881 Π.
1411 1862 1523 1882 eorum.

964 1909 1039 1940 Ver.
1056 1913 1127 1940 434.
1142 1917 1202 1942 est:
1227 1910 1324 1941 Vind.
1338 1911 1378 1941 V.
1394 1911 1442 1942 ed.
1459 1917 1494 1943 Δ.
1513 1919 1554 1943 Π.
1569 1919 1649 1944 sunt.

921 1966 1163 2004 —pecletentz'm:
1192 1964 1287 1995 Vind.
1315 1972 1360 1996 Ω.
1379 1968 1651 2006 pedz'tenti.-pro-

919 2017 1103 2055 gredz'entis:
1141 2016 1175 2046 P.
1203 2015 1298 2046 Vind.
1331 2023 1374 2047 Ω.
1400 2020 1647 2057 progredientes;

922 2076 1024 2107 neque
1039 2066 1100 2097 alio
1115 2066 1242 2107 navigat
1259 2067 1297 2097 V.
1313 2067 1360 2098 ed.
1377 2067 1565 2107 depravatio,
1575 2080 1650 2109 pro-

920 2120 1011 2156 gredi
1025 2125 1117 2149 certes
1123 2134 1133 2154 ;
1153 2119 1192 2148 O.
1203 2121 1465 2158 progredientem:
1491 2119 1544 2150 sed
1558 2130 1650 2160 quar-

923 2174 993 2200 tum
1008 2180 1115 2200 casum
1130 2170 1247 2208 respuit
1261 2171 1460 2201 constructio.

966 2221 1040 2250 Ver.
1058 2224 1129 2251 556.
1147 2223 1349 2252 Evanescere:
1371 2228 1415 2253 Ω.
1429 2223 1471 2253 Ec
1481 2233 1649 2259 vanescere;

923 2272 1017 2303 etiam
1032 2273 1119 2302 bene.

966 2324 1040 2353 Ver.
1057 2326 1129 2354 557.
1152 2324 1267 2354 subter.-
1294 2323 1337 2354 ita
1364 2329 1399 2355 Δ.
1426 2324 1527 2363 solus;
1550 2325 1588 2355 P.
1610 2325 1650 2356 Ο.

922 2385 1054 2414 semper:
1080 2374 1191 2415 reliqui
1217 2384 1333 2411 ornnes,
1356 2386 1462 2415 super;
1487 2376 1572 2416 quod
1593 2387 1651 2407 nec

923 2436 984 2464 res,
1008 2435 1065 2455 nec
1081 2436 1194 2461 versus,
1218 2426 1283 2455 ullo
1298 2425 1394 2455 modo
1408 2427 1532 2466 patitur.

968 2477 1043 2508 Ver.
1059 2480 1132 2509 558.
1157 2479 1260 2508 uniter
1275 2484 1397 2517 aptam:
1425 2484 1464 2508 11.
1481 2481 1562 2509 inter
1577 2489 1651 2519 rap-

925 2535 986 2560 tam
995 2544 1005 2565 ‚·
1029 2534 1065 2558 ut
1079 2538 1186 2558 rursus
1201 2528 1234 2558 in
1246 2538 1308 2559 ver.
1327 2532 1398 2560 559.

968 2580 1043 2610 Ver.
1060 2583 1131 2611 559.
1153 2582 1280 2611 mundi.-
1312 2586 1352 2610 Π.
1375 2583 1496 2618 monde}
1519 2582 1566 2612 uti
1588 2582 1654 2612 fere

926 2633 1189 2671 semper.—vz'vit:
1216 2631 1256 2662 V.
1279 2631 1325 2662 ed.
1338 2632 1442 2672 juvz't;
1468 2633 1600 2663 editores
1614 2633 1654 2664 de

927 2694 984 2714 suo
1008 2683 1113 2721 multi,
1137 2685 1228 2719 sellim
1252 2683 1398 2714 audacter
1422 2685 1534 2725 magis,
1557 2696 1654 2726 quam

927 2734 1134 2766 considerate:
1159 2735 1210 2765 cui
1222 2736 1393 2766 temerariae
1404 2736 1542 2767 insitioni
1556 2738 1653 2768 Bent-

929 2789 1010 2820 leius
1024 2790 1150 2821 obelum
1165 2800 1258 2820 suum
1273 2790 1384 2821 merito
1398 2790 1537 2830 praefixit.

975 2842 1056 2873 Ibid.
1074 2844 1221 2873 Partibus
1231 2845 1325 2874 aeriis
1334 2844 1444 2873 mundi
1456 2845 1560 2874 insita.
1573 2842 1653 2872 Dio-

932 2903 1027 2934 genes
1041 2893 1195 2931 La'e'rtius,
1211 2903 1240 2925 x.
1257 2896 1306 2926 74.
1324 2893 1363 2925 de
1379 2893 1531 2934 Epicuro:
1559 2898 1655 2927 Δῆλον

873 2953 948 2983 G5
