1926 3224
547 214 779 262 LIBER
841 211 1200 271 QUINTUS.

1524 213 1620 255 219

129 349 237 388 1370
270 346 501 404 Cogebant‚
524 346 711 403 infraque
731 346 854 388 situm
874 344 1099 387 concedere
1118 343 1249 386 cultis:

267 421 407 472 Prata,
429 421 553 472 lacus,
576 421 698 471 rivos,
721 429 890 478 segetes,
915 420 1130 474 vinetaque
1150 418 1258 468 laeta,

268 495 449 536 Collibus
469 503 509 536 et
529 495 682 549 campis
704 503 748 535 ut
768 494 986 541 haberent;
1018 500 1141 547 atque
1160 491 1343 532 olearum

268 570 431 611 Caerula
450 568 703 624 distinguens
723 568 831 607 inter
850 566 973 621 plaga
993 579 1158 606 currere
1177 571 1330 619 posset,

269 643 349 684 Per
368 641 559 690 tumulos,
583 647 623 681 et
643 638 874 689 convalleis,
895 652 1160 694 camposque,
1183 637 1365 692 profusa.

130 719 236 758 1375
269 717 330 758 Ut
349 730 460 756 nunc
480 728 564 755 esse
583 713 695 754 vides
715 714 828 755 vario
848 711 1040 754 distincta
1057 711 1197 767 lepore

268 789 439 839 Omnia3
473 803 580 844 quae,
602 788 736 843 pomis
757 788 943 830 intersita
962 787 1164 837 dulcibus,
1186 793 1353 835 ornant,

265 862 536 918 Arbustisque
556 870 700 904 tenent
718 860 902 904 felicibus
921 861 1056 903 obsita
1076 860 1244 904 circum.

122 1021 176 1052 Ita
188 1019 274 1051 locus
288 1019 341 1050 ille
356 1017 597 1059 distinguendus
612 1024 666 1049 est.
710 1019 754 1049 Et
776 1017 846 1058 pul-

122 1072 195 1102 chre
210 1070 375 1101 translatus
391 1075 437 1100 est
451 1069 612 1110 utriusque
627 1069 725 1109 po'e'tae
746 1079 849 1100 sermo

123 1124 162 1154 ab
177 1125 358 1154 animalium
377 1122 515 1152 ferorum
538 1121 639 1152 cultu:
666 1121 720 1152 sed
745 1122 850 1162 palma

123 1174 295 1205 venustatis
327 1173 474 1204 Lucretio
506 1183 578 1203 meo
607 1172 729 1204 videtur
765 1173 850 1204 defe-

126 1226 232 1256 reuda.

167 1285 243 1315 Ver.
262 1288 351 1316 1569.
375 1286 409 1314 in
424 1290 552 1315 montem
567 1286 724 1317 subcedere
739 1287 852 1326 Sylvas.

126 1335 246 1366 Hercle
261 1336 506 1375 prosopopoe'iam
521 1335 786 1376 elegantissimam
797 1337 852 1366 ha-

126 1389 249 1418 bemus:
286 1390 401 1428 Sylvas,
423 1388 575 1418 animatas
598 1388 697 1428 quasi,
727 1398 853 1419 cernere

126 1439 270 1469 videmur
284 1449 321 1469 ex
336 1439 504 1470 hominum
519 1440 641 1470 cultura
656 1451 688 1470 se
699 1439 738 1470 de
751 1440 852 1479 plani-

127 1491 171 1521 tie
196 1492 231 1520 in
261 1497 403 1521 montem
424 1491 616 1531 pedetentim
637 1492 853 1522 subducentes.

129 1542 218 1572 Hinc
233 1542 266 1572 in
281 1542 446 1580 poetarum
460 1539 584 1579 paginis
605 1545 718 1571 montes
739 1539 855 1578 passim

128 1593 262 1624 audiunt
275 1593 418 1631 ὑλήεντες,
427 1599 623 1632 εινοσιφυλλω,
635 1598 855 1634 ccupas-apulam,

128 1658 279 1683 σκιαεντες,
295 1647 395 1685 opaci,
412 1646 555 1680 umbrosi,
571 1649 602 1674 et
617 1644 747 1681 similia;
770 1643 857 1674 unde

129 1696 244 1736 pendet
265 1696 462 1736 Calpurnius,
486 1695 540 1726 ecl.
556 1695 597 1727 ix.
619 1695 672 1726 fin.
695 1705 771 1725 nam
792 1696 856 1726 vim

128 1747 295 1778 locutionis
319 1747 408 1778 nullo
430 1746 524 1778 modo
546 1747 648 1777 tenuit
668 1746 855 1778 XVemsdor-

129 1799 204 1830 fius:

163 1875 203 1901 Sic
214 1876 300 1908 pueri,
311 1876 338 1901 in
349 1878 476 1902 Donacen
487 1876 542 1908 toti,
553 1877 602 1901 sub
612 1876 666 1902 sole
676 1876 825 1907 canebant3

161 1915 283 1948 Frigidus
294 1923 306 1940 e
313 1916 397 1949 sylvis
407 1917 493 1942 donec
504 1916 649 1942 descendere
662 1916 743 1941 suasit

163 1957 304 1988 Hesperus,
314 1960 342 1982 et
352 1956 460 1982 stabulis
472 1960 558 1989 pastos
569 1957 696 1982 inducere
706 1961 806 1981 tauros.

133 2031 186 2061 Ita
199 2031 370 2072 castigandi
387 2037 459 2062 sunt
473 2031 507 2062 hi
521 2042 635 2063 versus.
679 2032 797 2063 Eidem
818 2030 858 2062 ad

132 2083 173 2113 xi.
190 2087 240 2114 66.
263 2083 404 2114 similiter
429 2083 508 2114 lenis
529 2090 574 2114 est
595 2083 738 2115 facienda
758 2083 858 2115 medi-

133 2146 217 2168 cina:

166 2212 238 2236 Cum
248 2212 296 2242 sic,
307 2213 334 2237 in
346 2213 456 2239 Meroen
467 2216 543 2243 totus,
554 2213 633 2239 miser
643 2213 748 2245 ignibus
757 2213 817 2240 arsi.

137 2282 269 2324 Vulgati
292 2283 359 2314 sine
380 2286 424 2321 in,
447 2294 520 2315 cum
541 2290 614 2322 tolo,
639 2286 804 2323 discedere,
831 2289 862 2314 et

136 2336 215 2365 totis.
260 2334 312 2365 Sic
340 2335 476 2376 loquitur
508 2336 656 2367 AElianus
684 2336 861 2375 saepissime.

138 2387 246 2423 Porro,
271 2388 387 2419 Statius
407 2399 496 2428 pares
518 2388 661 2419 exhibuit
682 2389 861 2430 elegantias,

138 2437 179 2468 ad
194 2437 259 2468 silv.
274 2438 306 2468 ii.
323 2442 350 2469 1.
371 2442 439 2471 127.

304 2523 332 2545 et
343 2520 408 2545 visae
419 2527 502 2553 puero
513 2520 649 2546 decrescere
659 2525 756 2546 vestes.-

138 2595 234 2630 atque
249 2589 378 2628 ibidem,
394 2594 422 2621 2.
438 2593 488 2622 59.

305 2676 382 2700 Nunc
394 2681 474 2700 cerne
482 2675 579 2707 jugum
591 2674 719 2701 discentia
728 2683 805 2707 saxa,

157 2715 344 2746 intrantesque
350 2715 456 2745 domos,
465 2716 622 2747 jussumque
631 2714 740 2740 recedere
748 2719 866 2741 montem.

145 2788 323 2829 Caeterum,
332 2796 373 2821 Π.
389 2796 512 2829 praestat
525 2792 689 2821 succidere.

186 2847 268 2879 Ibid.
289 2851 459 2881 subcedere:
497 2850 584 2891 quasi
612 2852 650 2880 de
677 2851 730 2881 sub
758 2852 868 2881 cedere.

146 2898 214 2930 Nos
227 2906 334 2932 autem
346 2900 496 2934 lectorem
510 2902 549 2934 de
563 2903 622 2933 hac
635 2902 749 2934 virtute
762 2903 869 2933 verbo·

891 1027 971 1054 rum,
1001 1016 1144 1047 similiter
1171 1016 1390 1051 formatorum,
1427 1014 1620 1056 saepiuscule,

891 1078 950 1099 nec
961 1068 1118 1098 immerito
1129 1066 1266 1108 quidem,
1276 1065 1467 1097 monuimus.
1498 1067 1621 1098 Pariter

895 1120 1068 1158 Homerus,
1086 1118 1125 1149 IL
1143 1124 1182 1149 Φ.
1198 1120 1248 1149 57.

915 1196 969 1223 Οἶον
981 1197 1012 1226 δη
1020 1207 1067 1223 και
1078 1195 1114 1223 ὅδ’
1126 1195 1191 1227 nafis,
1204 1195 1325 1222 ΦΥΓΩΝ
1336 1195 1419 1221 ‘ruo
1433 1197 1510 1224 νηλεες
1523 1204 1602 1229 maa?-

899 1271 1015 1308 Quales
1036 1270 1188 1302 formulas
1216 1269 1316 1300 critici
1336 1278 1449 1309 pamm
1478 1267 1626 1298 callentes

897 1334 961 1354 non
976 1333 1045 1354 raro
1057 1323 1134 1363 lapsi
1149 1327 1232 1359 sunt,
1245 1322 1417 1362 repositum
1428 1326 1538 1351 euntes
1549 1331 1621 1350 zoro:

897 1374 982 1415 quod
995 1374 1085 1405 nobis
1098 1373 1261 1415 aliquoties
1275 1372 1407 1413 contigit
1420 1373 1590 1402 observare.

939 1426 1016 1457 Ver.
1036 1428 1127 1456 1370.
1149 1426 1265 1456 locum:
1291 1424 1328 1455 P.
1341 1425 1451 1460 situm3
1473 1422 1570 1463 quod,
1592 1426 1629 1451 ut

898 1477 1088 1518 exquisitius,
1107 1482 1200 1517 atque
1210 1475 1478 1514 interpretamenti
1493 1473 1629 1513 speciem

898 1528 1054 1559 minorem
1068 1538 1133 1567 prae
1147 1537 1180 1557 se
1203 1526 1314 1562 ferens,
1341 1525 1557 1565 recipiendum
1571 1525 1628 1554 ha·

898 1579 966 1610 bui:
994 1585 1025 1609 et
1039 1578 1250 1618 potissimum,
1272 1576 1347 1618 quia
1362 1587 1427 1607 non
1445 1576 1508 1606 alio
1522 1575 1629 1606 certis-

899 1631 979 1661 sime
991 1635 1107 1670 spectet
1122 1630 1163 1660 V.
1179 1628 1227 1660 ed.
1255 1628 1417 1668 scriptura,
1440 1638 1530 1657 suum
1545 1625 1627 1656 scili-

900 1687 957 1712 cet.

944 1740 1018 1770 Ver.
1035 1742 1127 1771 1372.
1148 1745 1178 1770 et
1191 1740 1350 1770 haberent.-
1378 1744 1418 1768 Π.
1441 1748 1478 1768 ac
1492 1738 1614 1768 habere.

944 1799 1026 1830 Ibid.
1048 1801 1183 1830 olearum
1209 1799 1329 1829 Caerula
1351 1798 1447 1837 plaga
1455 1811 1466 1831 ,·
1493 1801 1529 1826 ut
1552 1796 1630 1827 Pin-

900 1851 1006 1890 darus,
1019 1850 1070 1882 01.
1082 1850 1126 1881 iii.
1137 1853 1188 1880 23.
1202 1849 1427 1889 pereleganter,
1435 1854 1633 1890 γλαυκοχροι

901 1916 1007 1942 κοσμον
1023 1908 1133 1936 zamae.
1177 1901 1222 1931 Et
1242 1899 1326 1930 nihil
1347 1898 1522 1936 delicatius,
1551 1897 1633 1928 nihil

901 1955 1036 1991 suavius,
1051 1953 1131 1984 nihil
1145 1952 1281 1994 denique
1295 1962 1334 1983 ex
1349 1951 1436 1982 omni
1451 1956 1538 1990 parte
1549 1950 1632 1980 mol-

901 2007 964 2038 lius
978 2014 1010 2038 et
1024 2007 1212 2047 castigatius,
1227 2005 1277 2036 his
1287 2005 1426 2035 versibus
1436 2002 1634 2034 Lucretianis

901 2058 951 2089 vel
965 2058 1077 2098 optari,
1099 2058 1149 2088 vel
1170 2057 1260 2097 fingi,
1282 2061 1398 2096 potest:
1423 2064 1560 2095 quorum
1574 2064 1634 2092 pu-

901 2116 966 2141 tem
992 2120 1056 2139 non
1081 2110 1303 2140 immemorem
1324 2105 1501 2147 Virgilium
1525 2105 1632 2142 fuisse,

902 2161 943 2192 ad
957 2171 1025 2202 geo.
1041 2161 1074 2191 ii.
1089 2164 1161 2191 284.
1178 2162 1250 2190 285.
1271 2168 1338 2198 quo
1353 2163 1384 2187 te
1399 2155 1537 2196 recipias.

948 2221 1020 2252 Ver.
1038 2223 1130 2252 1:375.
1152 2222 1237 2252 vario
1247 2220 1395 2250 distincta
1404 2219 1511 2257 lepore.
1535 2216 1633 2247 Com·

904 2272 998 2303 mode
1014 2272 1144 2303 Fiaccus
1156 2276 1340 2310 apponetur,
1356 2268 1406 2299 od.
1422 2268 1456 2298 ii.
1471 2271 1500 2299 5.
1519 2270 1569 2298 11.

1161 2346 1222 2376 Jam
1230 2343 1283 2369 tibi
1293 2341 1387 2367 lividos

1029 2384 1174 2416 Distinguet
1184 2384 1355 2408 Auctumnus
1365 2386 1501 2410 racemos,

1059 2426 1194 2455 Purpureo
1207 2422 1304 2447 varius
1315 2421 1404 2446 colore:

906 2487 929 2520 i.
952 2497 980 2518 e.
1012 2490 1034 2506 “
1055 2487 1270 2524 Aucturnnus‚
1299 2484 1354 2525 qui
1375 2482 1474 2514 variat
1499 2481 1636 2512 lividum

908 2542 932 2558 ‘⁶
946 2538 1083 2569 colorem
1120 2537 1209 2567 valde
1249 2536 1341 2576 nigro
1381 2532 1636 2574 superinducto.”

910 2590 997 2627 Quid
1012 2589 1145 2630 planius,
1169 2595 1224 2619 aut
1247 2587 1384 2628 penitius
1400 2585 1558 2626 po'eticum
1573 2595 1638 2615 ser·

910 2653 1038 2673 monem
1053 2640 1215 2672 redolens?
1234 2640 1336 2671 Miror
1352 2632 1533 2669 Bentleium
1547 2636 1639 2667 hasi-

909 2701 1004 2732 tasse;
1026 2704 1121 2735 quem
1136 2692 1282 2724 Klotzius
1296 2691 1436 2732 transfigat,
1463 2690 1528 2730 ipse
1547 2688 1638 2720 vicis-

910 2747 971 2777 sim
992 2745 1198 2787 castigandus.
1243 2744 1298 2775 Ad
1321 2742 1455 2774 eandem
1479 2747 1638 2772 construc-

912 2799 1030 2829 tionem
1055 2797 1226 2833 Amobius,
1249 2796 1301 2827 lib.
1325 2795 1377 2826 vii.
1399 2806 1429 2835 p.
1455 2795 1597 2825 251.—“
1611 2792 1641 2822 si

914 2853 936 2867 “
952 2849 1051 2879 obsita
1080 2847 1217 2889 squamis
1249 2853 1345 2888 terga,
1383 2845 1410 2876 si
1442 2843 1640 2875 macularum

914 2904 938 2920 ‘⁴
953 2900 1178 2943 suffectionibus
1212 2898 1333 2934 varia.”
1388 2897 1458 2929 Nee
1493 2895 1641 2928 Lucretio

862 2959 933 2991 ΡΞ
