1926 3224
268 241 364 291 262

773 245 832 292 Τ.
884 243 1260 292 LUCRETII

411 373 561 418 Donec
580 372 731 415 divolsa
751 372 949 413 fulserunt
968 372 1078 413 nube
1097 372 1290 413 coruscei.

473 447 569 488 Hac
590 447 712 487 etiam
731 446 779 487 fit
796 447 880 487 utei
900 445 953 487 de
972 445 1111 487 caussa
1130 445 1290 486 mobilis
1309 443 1374 486 ille

414 519 590 563 Devolet
609 520 652 560 in
672 518 824 561 terram
839 518 983 574 liquidi
1002 518 1277 560 color'aureus
1295 517 1420 575 ignis3

302 599 385 636 205
416 593 583 636 Semina
602 593 713 649 quod
731 592 875 634 nubeis
893 593 1000 648 ipsas
1018 591 1219 647 permulta
1237 605 1398 632 necesse
1417 598 1477 632 est

415 667 529 725 Ignis
548 666 716 708 habere:
747 675 789 708 et
809 666 932 716 enim,
955 680 1081 721 quom
1101 673 1196 707 sunt
1213 664 1387 706 humore
1407 665 1492 706 sine
1510 664 1607 716 ullo,

415 741 646 784 Flammeus
667 748 726 782 est
744 740 982 795 plerumque
1001 739 1124 790 colos,
1146 747 1187 780 et
1205 738 1454 794 splendidus,
1481 738 1581 780 ollis.

417 815 584 870 Quippe
604 823 645 856 et
664 815 773 855 enim
793 813 885 855 solis
906 814 958 855 de
976 814 1129 855 lumine
1148 813 1276 855 multa
1294 827 1454 854 necesse
1478 820 1538 854 est

418 888 662 944 Concipere,
685 896 729 930 ut
751 888 899 930 merito
918 888 1107 939 rubeant,
1128 888 1338 945 igneisque
1356 886 1620 943 profundant.

300 965 384 1002 210
416 961 556 1003 Hasce
574 962 700 1019 igitur
719 977 845 1019 quom
864 970 1011 1005 ventus
1031 977 1155 1020 agens
1175 962 1373 1004 contrusit
1391 962 1434 1002 in
1455 975 1586 1003 unum

312 1117 387 1148 Ver.
403 1119 476 1150 197.
493 1117 568 1148 Hoc
581 1115 690 1147 ordine
703 1118 868 1149 verborum
880 1123 923 1148 11.
936 1127 988 1148 co-

270 1169 342 1202 dex:

309 1254 432 1264 ——
440 1242 468 1267 in
478 1241 618 1273 caveisque
628 1242 771 1272 minantur,
778 1248 854 1267 more
856 1241 987 1272 serarum.

311 1313 388 1345 Ver.
418 1316 488 1345 198.
499 1313 663 1354 fremitus.-
690 1313 731 1342 V.
761 1312 807 1342 ed.
819 1312 987 1353 fremitum

267 1363 354 1405 quod
369 1363 481 1394 accidit
495 1369 653 1402 peccatum
676 1367 799 1402 propter
813 1362 990 1392 similitudi-

269 1424 345 1446 nem
372 1414 532 1444 literarum
553 1425 571 1442 r
593 1418 624 1443 et
643 1423 670 1443 s:
695 1412 765 1442 vide
792 1413 991 1444 Drakenbor-

269 1465 386 1500 chium,
409 1463 449 1494 ad
464 1463 528 1494 Liv.
551 1463 590 1493 xl.
615 1467 641 1494 6.
665 1467 694 1494 6.
717 1463 753 1494 L.
777 1464 824 1494 M.
839 1463 989 1505 fremitu,-

270 1515 355 1546 unde
369 1525 420 1545 me
436 1524 615 1553 persuasum
631 1515 730 1544 habeo
741 1515 864 1545 rescribi
880 1515 990 1547 debere

258 1566 423 1608 fremitum
428 1581 439 1602 ;
457 1567 476 1596 i.
488 1576 514 1596 e.
525 1566 677 1606 fremin’c:
696 1576 753 1596 nec
767 1566 806 1597 de
821 1567 920 1598 nihilo
931 1574 989 1607 est,

269 1626 386 1647 nomen
402 1616 550 1657 fremitus
576 1617 608 1646 in
632 1627 763 1648 numero
778 1617 989 1649 multitudinis

268 1667 354 1706 apud
369 1667 535 1698 Maronem
550 1668 633 1698 haud
649 1668 790 1699 inveniri.
832 1669 991 1700 Lucilium

268 1718 303 1749 in
331 1718 436 1755 AEth
462 1729 523 1750 ver.
544 1722 594 1751 57.
620 1720 663 1750 sic
685 1730 751 1751 esse
772 1721 991 1762 corrigendum

268 1775 392 1811 putem:

300 1854 365 1879 Heic
381 1860 482 1886 magno
494 1858 570 1880 tonat
582 1861 627 1881 ore
642 1858 728 1887 pater,
745 1857 938 1888 geminamque
948 1858 987 1883 fa-

391 1897 484 1918 ventes

301 1932 427 1963 Undique
439 1932 545 1957 discordi
546 1933 682 1964 fremitum
693 1935 771 1959 simul
783 1935 890 1967 agmine
901 1937 986 1962 venti.

270 2006 377 2038 Adeas
398 2013 515 2045 autem,
540 2007 648 2040 lector!
673 2009 766 2039 velim
791 2009 897 2041 locum
923 2022 989 2042 cor-

269 2057 493 2096 ruptissimum.

312 2108 386 2138 Ver.
403 2112 472 2139 200.
496 2111 670 2140 convolvunt
685 2121 712 2140 e:
740 2110 780 2141 V.
798 2111 845 2142 cd.
862 2112 899 2142 13.
918 2124 990 2144 con-

268 2160 426 2190 volvuntur
440 2170 472 2195 e;
498 2164 532 2190 Σ.
551 2166 595 2190 Ω.
620 2162 843 2193 convolvuntur.

314 2211 389 2243 Ver.
411 2214 676 2253 201.flc1mmam:
710 2214 758 2244 M.
767 2216 934 2255 flammas5
957 2227 990 2246 a·

269 2263 335 2294 best
351 2267 385 2294 Σ.

313 2322 394 2353 Ibid.
423 2329 525 2354 rotant
536 2326 710 2365 flammam.
757 2325 917 2363 Horatius,
943 2326 992 2358 od.

269 2373 308 2404 iv.
326 2377 373 2405 11.
393 2377 440 2405 11.

361 2447 620 2478 Sordidumfiammae
631 2449 765 2482 trepidant
773 2453 882 2476 rotant&

456 2487 560 2513 Vertite
570 2487 690 2514 fumum.

269 2559 325 2592 Ad
335 2571 429 2602 quem
443 2561 548 2593 locum
559 2562 658 2593 libens
667 2563 844 2595 admiserim
855 2565 991 2596 Bentleii

268 2614 493 2655 conjecturam:
528 2627 688 2656 compares
720 2618 811 2659 Vir-g.
843 2619 920 2650 AEn.
947 2619 990 2650 iii.

269 2665 341 2696 575.
385 2666 475 2697 Hinc
490 2666 573 2697 idem
589 2667 710 2707 pendet,
726 2669 766 2699 ad
781 2670 854 2700 AEn.
870 2671 889 2700 i.
906 2674 956 2702 50.

330 2738 545 2770 Taliaflammato
554 2747 647 2766 secum
658 2741 708 2767 dea
719 2743 801 2768 corde
811 2743 948 2769 volutans.-

269 2802 291 2835 i.
305 2814 331 2835 e.
354 2808 376 2824 “
392 2807 448 2838 has
462 2808 603 2840 flammas
618 2810 735 2841 irarum
750 2812 886 2842 rotans.''
923 2813 991 2842 Eu-

268 2853 403 2936 gipidem
417 2857 451 2890 in
475 2861 608 2893 transitu
622 2861 857 2903 explicabimus,
882 2864 990 2895 Phoen.

1068 1127 1148 1156 Ἥλιε.
1163 1126 1240 1154 θὀοιις
1250 1125 1354 1151 ἵπποισιν
1364 1125 1548 1151 ἘῘΛῙΣΣΩΝ
1568 1125 1698 1152 ΦΛΟΓΔ·

1031 1206 1155 1240 propter
1168 1211 1256 1241 equos
1271 1200 1396 1236 scilicet,
1422 1201 1480 1231 sub
1500 1201 1626 1232 naribus
1647 1200 1754 1241 ignem

1032 1253 1184 1287 volventes,
1200 1257 1231 1281 et
1245 1251 1393 1290 efflantes,
1409 1252 1458 1282 his
1472 1263 1546 1283 usus
1561 1258 1607 1283 est
1620 1252 1755 1293 tragicus

1032 1302 1232 1334 dictionibus:
1257 1302 1328 1334 vide
1342 1303 1431 1344 Virg.
1457 1314 1524 1344 geo.
1547 1303 1592 1334 iii.
1617 1307 1666 1336 85.
1688 1304 1754 1336 Lu.

1034 1359 1105 1385 cret.
1120 1353 1150 1384 ii.
1168 1356 1241 1385 704.
1264 1359 1301 1384 ut
1315 1353 1392 1384 alios
1406 1364 1471 1385 non
1485 1354 1627 1396 allegem.

1079 1414 1160 1445 Ibid.
1181 1416 1262 1446 cavis
1265 1414 1456 1456 fornacibus.
1502 1414 1594 1445 Idem
1605 1414 1756 1452 Lucilius,

1034 1466 1068 1497 in
1083 1466 1209 1496 exordio
1223 1465 1373 1505 po'e'matis
1389 1465 1484 1496 modo
1498 1466 1676 1497 memorati:

1063 1549 1145 1573 AEtna
1155 1547 1234 1578 mihi,
1243 1547 1368 1579 ruptique
1378 1547 1455 1572 cavis
1457 1547 1609 1579 fornacibus
1619 1547 1734 1581 ignes-.

1078 1612 1150 1644 Ver.
1167 1617 1237 1644 20‘2.
1259 1611 1391 1644 divolsd:
1418 1611 1514 1642 Vind.
1531 1619 1575 1644 Ω.
1593 1612 1720 1645 divulsli.

1078 1672 1158 1703 Ibid.
1171 1672 1331 1713 fulserunt
1345 1673 1491 1703 coruscei:
1510 1671 1529 1701 i.
1545 1682 1571 1702 e.
1586 1672 1695 1714 fulg-ur
1708 1673 1755 1704 fe-

1033 1728 1154 1761 cerunt,
1175 1722 1348 1763 jaculantes
1363 1728 1393 1752 et
1409 1722 1585 1753 emicantes.

1075 1783 1150 1813 Ver.
1169 1786 1239 1814 204.
1261 1784 1397 1814 Devolet:
1426 1781 1521 1813 Vind.
1549 1787 1585 1815 Σ.
1609 1784 1758 1815 Devolvel.

1031 1835 1165 1864 —color:
1184 1834 1220 1864 P.
1235 1833 1318 1863 solus
1324 1845 1334 1871 ;
1349 1833 1459 1874 reliqui
1476 1843 1586 1864 omnes
1599 1836 1692 1871 calor,
1705 1834 1760 1865 sed

1032 1885 1196 1923 mendose;
1220 1885 1304 1925 quod
1325 1885 1485 1926 sequentia
1507 1885 1580 1916 satis
1613 1892 1757 1927 asguunt.

1034 1937 1114 1967 Haec
1131 1937 1280 1967 vocabula
1296 1937 1410 1976 passim
1426 1942 1650 1976 permutantur.

1078 1996 1158 2026 Ibid.
1181 1998 1296 2036 liquidi
1317 1998 1398 2035 ignis
1422 1999 1559 2027 Semina:
1585 1996 1653 2039 ὃιερυ
1675 2010 1756 2040 πνρας

1035 2058 1200 2089 aru-epponem·
1222 2047 1292 2076 vide
1314 2057 1383 2086 quae
1409 2046 1545 2077 diximus
1570 2047 1610 2077 ad
1635 2057 1661 2078 v,
1687 2051 1757 2079 282.

1034 2097 1196 2138 Virgilius,
1213 2097 1267 2127 ecl.
1283 2097 1321 2127 vi.
1335 2100 1385 2127 55.

1064 2187 1165 2211 Semina
1176 2190 1372 2217 terrarumque,
1385 2187 1548 2218 animaeque,
1563 2187 1738 2219 marisque,—

1065 2228 1097 2250 Et
1107 2226 1197 2258 liquidi
1208 2226 1286 2250 simul
1297 2226 1432 2257 ignis—.

1038 2301 1126 2331 Hinc
1141 2300 1298 2341 intelligas
1312 2300 1389 2341 quid
1410 2300 1484 2330 velit
1504 2300 1543 2331 de
1558 2301 1758 2341 Empedoclis

1035 2358 1135 2382 morte
1151 2351 1310 2392 Diogenes
1327 2351 1480 2390 Latmius,
1501 2352 1562 2383 viii.
1579 2356 1628 2384 75.
1644 2354 1699 2394 qui
1712 2353 1757 2386 lo-

1035 2412 1089 2433 cus
1106 2402 1153 2432 M.
1172 2403 1392 2433 Casaubonum
1408 2413 1533 2442 prorsus
1549 2403 1702 2436 labefecit:

1055 2493 1084 2517 En
1099 2491 1123 2517 δε
1137 2492 1253 2518 ΠΥΡΟΣ
1265 2502 1396 2527 κρατῆρας
1409 2496 1522 2523 &naas-o,
1537 2502 1584 2519 zm
1594 2493 1653 2518 nn:
1665 2503 1694 2519 w
1704 2492 1754 2528 ζῃν,

1093 2540 1149 2568 Πως
1163 2550 1193 2566 σιν
1205 2538 1239 2565 ‘v'
1257 2549 1278 2565 εν
1296 2540 1397 2569 &umus
1409 2540 1517 2566 δεικνυτο
1527 2541 1586 2567 τνδε
1597 2548 1687 2574 ταφοςῑ

1034 2617 1053 2648 i.
1069 2628 1094 2648 e.
1111 2620 1133 2636 “
1145 2620 1173 2650 si
1183 2619 1290 2650 biberit
1302 2618 1510 2650 immortalem
1524 2619 1630 2657 vitam,
1640 2619 1756 2663 liquido

1036 2673 1142 2710 “igne
1164 2671 1364 2702 hauriendo.”
1411 2671 1482 2701 Hac
1504 2669 1755 2710 interpretatione

1036 2720 1113 2750 nihil
1129 2721 1251 2752 certius.
1297 2721 1460 2761 Corippus,
1474 2721 1507 2751 ii.
1525 2724 1571 2752 16.
1598 2719 1638 2750 de
1651 2719 1755 2751 divina

1037 2771 1209 2812 Sapientiaz

1097 2846 1129 2869 Et
1141 2844 1205 2870 coeli
1214 2844 1320 2877 liquidos
1331 2843 1474 2869 formatrix
1484 2843 1603 2868 condidit
1615 2843 1690 2876 ignes.

1079 2915 1161 2947 Ibid.
1183 2918 1262 2948 color
1275 2926 1387 2948 aureus
1408 2917 1497 2956 ignis.
1542 2915 1631 2947 Hinc
1645 2925 1757 2948 aureus
