1926 3224
312 263 403 304 102

795 255 854 302 T.
913 252 1288 301 LUCRETII

336 391 421 428 600
453 385 650 434 Confluit‚
682 397 736 424 ex
753 396 839 423 uno
858 382 991 437 capite
1009 380 1113 422 hicc'
1132 388 1181 422 ut
1199 381 1378 435 profluat
1388 370 1531 422 ardor.

452 461 605 502 Nonne
626 456 738 497 vides
757 455 895 505 etiam,
927 469 1050 510 quam
1070 453 1149 495 late
1168 468 1316 509 parvus
1335 455 1459 509 aquali

451 532 578 573 Prata
596 530 703 587 riget
721 528 813 571 funs
833 528 1057 578 interdum,
1089 527 1322 583 campisque
1341 526 1566 568 redundet?

509 604 585 645 Est
604 604 727 645 etiam
747 617 924 659 quoque,
947 603 1030 644 utei
1050 616 1137 642 non
1156 616 1309 658 magno
1331 601 1423 642 solis
1442 600 1494 642 ab
1513 600 1601 658 igni

451 678 564 719 Aeta
585 677 784 733 percipiat
803 676 942 718 calidis
961 671 1186 717 fervoribus
1206 673 1350 724 ardor,

310 843 384 866 cum
398 832 523 864 sublimi
538 832 606 862 loco
623 830 777 868 Maronis,
799 831 875 862 AEn.
890 830 942 861 xii.
959 833 1030 862 701.

323 915 447 945 Quantus
456 912 552 942 Athos,
567 914 614 936 aut
626 914 742 942 quantus
752 911 838 942 Eryx,
855 914 902 936 aut
913 910 977 943 ipse,
987 917 1031 936 co-

445 958 481 975 cis

324 958 520 1022 Quufffremie
530 988 636 1019 ilicibus,
651 992 778 1020 quantus,
789 989 942 1021 gaudetque
952 988 1033 1013 nivali

323 1029 430 1055 vertice
440 1036 468 1054 se
477 1028 618 1058 adtollens,
629 1032 705 1060 pater
713 1028 871 1060 Apenninus,
881 1028 915 1053 ad
925 1035 1009 1053 auras.

311 1105 449 1136 Coruscz's
473 1109 591 1141 autem,
617 1102 811 1142 nutantibus,
837 1113 870 1133 se
894 1113 1032 1133 commo-

309 1155 464 1186 ventibus:
490 1155 524 1184 in
538 1155 598 1184 hoc
623 1153 709 1184 enim
735 1154 804 1184 loco
829 1164 887 1184 vox
913 1153 1034 1184 nullam

309 1205 524 1245 complectitur
539 1205 700 1235 notionem
714 1206 800 1241 lucis,
823 1211 859 1235 ut
880 1215 981 1245 neque
1001 1204 1034 1234 in

308 1257 386 1288 AEn.
418 1256 438 1286 i.
470 1259 539 1287 164.
577 1256 624 1286 uti
655 1266 816 1295 perperam
852 1256 1035 1295 opinabatur

309 1306 473 1347 Heynius:
500 1316 551 1336 me
566 1306 669 1336 videas
680 1306 721 1336 ad
736 1307 918 1337 Lucretium
934 1316 1034 1345 supra,

308 1357 340 1387 ii.
356 1361 428 1388 320.
451 1363 482 1387 et
498 1367 607 1395 nuper,
630 1356 670 1386 ad
685 1366 745 1386 ver.
762 1361 834 1387 587.
857 1357 896 1387 de
909 1364 1036 1389 tremore

308 1408 388 1440 lucis
402 1408 558 1443 vibrantis,
577 1407 639 1437 sive
653 1410 849 1438 coruscantis.

351 1469 427 1499 Ver.
444 1471 515 1500 598.
537 1466 616 1507 qud:
641 1466 661 1496 i.
677 1477 702 1497 e.
725 1469 754 1509 ᾖ,
781 1466 815 1497 δι’
832 1467 875 1500 ἧς·
898 1464 960 1507 quii
974 1466 1035 1503 vici,

305 1531 363 1561 per
378 1531 468 1560 quam
484 1523 582 1550 viam:
607 1524 639 1548 et
664 1518 744 1548 redit
770 1517 879 1548 vocula
902 1518 941 1548 ad
966 1529 1033 1549 ver-

309 1573 387 1602 bum
408 1572 554 1612 profluat.
599 1571 719 1600 Veram
748 1569 808 1600 loci
833 1570 1035 1601 constructio-

309 1632 385 1653 nem
405 1632 469 1652 non
485 1627 636 1659 tenentes,
660 1621 794 1651 editores
815 1621 922 1652 omnia
936 1621 1037 1660 pravis

309 1673 560 1704 distinctionibus
599 1674 810 1708 obscuravere,
854 1682 912 1702 nec
948 1671 1037 1702 veriti

309 1730 385 1754 sunt
404 1725 499 1754 etiam
521 1723 724 1754 audacissime
750 1732 960 1762 corrumpere,
986 1732 1034 1752 re-

310 1774 474 1806 scribendo
495 1785 565 1815 quo,
588 1781 695 1804 contra
717 1773 862 1803 omnium
885 1773 1036 1803 librorum

311 1831 452 1855 veterum
490 1824 724 1855 disertissimam
760 1823 1037 1854 auctoritatem.—

309 1887 437 1915 vapore:
465 1875 485 1904 i.
512 1885 537 1905 e.
567 1874 721 1905 elementa
747 1886 816 1905 cum
847 1885 967 1914 vapore,
989 1875 1038 1905 vel

310 1926 440 1966 praedita
454 1935 580 1965 vapore;
601 1925 642 1956 ad
667 1925 799 1956 eandem
822 1925 955 1965 figuram
975 1936 1036 1956 ser-

311 1979 426 2016 monis,
454 1978 516 2018 qua
541 1977 650 2008 dicunt
673 1981 697 1996 ‘⁴
712 1978 757 2007 vir
779 1977 887 2008 multis
915 1979 1036 2008 virtuti-

313 2034 337 2049 “
352 2032 420 2067 bus,
458 2030 546 2060 nulla
582 2030 682 2067 fide;”
716 2038 809 2071 atque
845 2031 1032 2061 consimilia:

311 2082 578 2124 quemadmodum
594 2082 758 2123 Virgilius,
776 2092 843 2123 geo.
860 2083 890 2113 ii.
908 2087 979 2114 262.

693 2163 813 2194 Optuma
823 2163 895 2194 putri

405 2204 485 2227 Arva
497 2202 617 2227 υἷα-ι.

315 2281 400 2313 Grex
423 2287 529 2312 tamen
551 2281 604 2311 ille
625 2282 808 2312 temerarius
830 2281 982 2312 editorum
999 2292 1037 2313 ex

312 2333 440 2364 arbitrio
471 2340 676 2372 reposuerunt
710 2336 831 2374 vaporis
837 2349 847 2370 ;
889 2335 1038 2365 universis

310 2385 542 2425 exemplaribus
556 2385 690 2422 vetustis
706 2385 768 2427 qua
785 2385 880 2416 MSS.
903 2386 963 2427 qua
978 2386 1036 2416 im·

312 2436 437 2476 pressis,
459 2441 546 2467 tanto
567 2436 697 2466 facinori
717 2437 1039 2468 occlamitantibus.--

315 2487 484 2526 Caeterum,
500 2497 556 2526 pro
569 2489 625 2525 sic,
643 2487 682 2517 Ο.
699 2493 729 2518 et
745 2493 780 2518 Δ.
796 2490 867 2518 sine.

356 2547 432 2577 Ver.
448 2550 522 2578 600.
546 2547 623 2578 hicc'
654 2554 704 2578 ut:
739 2554 779 2578 Π.
811 2549 897 2585 hinc,
926 2548 1041 2577 omisso

313 2600 509 2639 ul.—Atque
525 2599 717 2630 demiramur
743 2599 885 2638 editores,
911 2600 966 2640 qui
993 2613 1040 2631 ιτε-

315 2657 395 2681 λειαν
409 2664 537 2690 wissam
559 2650 599 2680 ad
613 2650 708 2681 finem
724 2650 829 2681 versus
843 2651 927 2681 haud
949 2661 1042 2690 posu-

315 2700 410 2730 erint:
448 2701 538 2741 quasi
559 2701 709 2732 (leberent
730 2703 798 2733 haec
826 2702 860 2732 in
883 2703 1042 2742 sequentia

315 2751 500 2788 continuari,
523 2762 615 2782 sensu
638 2763 702 2783 non
725 2753 870 2792 impleto;
894 2759 952 2791 >aut
973 2753 1039 2784 sine

316 2801 375 2839 his,
391 2813 460 2842 quae
477 2804 612 2840 veniant,
629 2804 804 2835 deficerent.

361 2859 444 2890 lbid.
468 2873 502 2891 ex·
532 2874 591 2893 uno
621 2867 720 2904 capite
744 2867 880 2906 profluat
892 2879 902 2896 .·
935 2865 1040 2896 confer

316 2910 357 2941 sis
371 2921 431 2942 ver.
448 2915 519 2944 271.
567 2914 730 2956 Virgilius,
747 2927 813 2956 geo.
830 2917 868 2948 iv.
885 2920 934 2948 25.

1204 844 1250 863 seu
1262 837 1341 862 stabit
1353 837 1434 868 iners,
1447 843 1492 862 seu
1501 836 1617 869 prffluet,
1627 836 1798 863 humor—.

1118 910 1193 940 Ver.
1216 913 1288 940 602.
1310 911 1406 948 riget:
1443 915 1484 939 Π.
1509 910 1798 949 agenn—campis.-

1075 962 1113 993 P.
1129 962 1171 994 V.
1199 961 1248 992 ed.
1278 961 1316 992 Β.
1350 971 1471 1000 campos
1478 974 1489 996 ,·
1520 959 1617 997 docte,
1641 966 1673 991 et
1696 960 1803 992 forsan
1828 990 1841 993 Α

1076 1023 1160 1051 vere,
1180 1023 1245 1043 non
1260 1014 1403 1043 obstante
1421 1012 1490 1042 loco
1504 1011 1538 1042 in
1553 1011 1592 1042 vi.
1608 1014 1679 1043 712.
1702 1022 1803 1053 quum

1076 1065 1121 1095 sic
1149 1064 1264 1104 passim
1292 1074 1470 1094 sermonem
1506 1063 1672 1094 Lucretius
1699 1063 1802 1104 lepide

1077 1115 1246 1145 variaverit.
1292 1116 1458 1146 Redundet
1471 1119 1579 1144 autem
1593 1120 1663 1145 tum
1683 1123 1740 1154 pro
1752 1125 1802 1146 re·

1077 1168 1216 1197 dundare
1241 1165 1366 1206 faciat;
1414 1170 1451 1196 ut
1486 1163 1590 1201 modo,
1626 1174 1688 1195 ver.
1727 1167 1801 1197 597.

1076 1226 1244 1256 erumpere,
1260 1216 1437 1257 profeciat
1450 1227 1614 1256 erumpere.
1650 1214 1805 1255 Papinius

1078 1268 1173 1299 etiam
1187 1268 1320 1299 eandem
1339 1268 1511 1299 dictionem
1531 1267 1674 1299 adhibuit
1693 1267 1803 1307 active,

1077 1319 1112 1349 in
1126 1319 1190 1350 silv.
1207 1320 1246 1350 iv.
1261 1323 1291 1350 3.
1307 1322 1358 1350 71.

1171 1400 1260 1425 Pontis
1271 1401 1387 1426 Caesarei
1396 1400 1499 1426 reclinis
1509 1406 1583 1431 arcu,
1594 1397 1605 1406 '

1172 1446 1266 1471 Raucis
1277 1447 1340 1471 talia
1352 1447 1473 1472 faucibus
1483 1446 1621 1473 redundat:

1079 1526 1150 1556 quae
1172 1517 1308 1547 maxime
1326 1517 1448 1548 faciunt
1468 1517 1508 1549 ad
1530 1523 1683 1556 nostrum,
1706 1527 1806 1559 quum

1079 1567 1119 1597 sit
1147 1568 1206 1598 hoc
1243 1567 1461 1599 tantummodo
1495 1568 1653 1608 poeticum
1681 1570 1806 1600 schema

1079 1619 1230 1649 sermonis
1248 1620 1398 1658 conversi,
1420 1630 1477 1659 pro
1498 1622 1610 1652 talibus
1621 1620 1735 1661 fauces
1756 1631 1805 1652 re-

1079 1671 1215 1706 dundat;
1239 1670 1272 1699 in
1288 1680 1434 1700 numeros
1455 1670 1561 1700 minus
1582 1676 1653 1710 apte
1667 1681 1740 1702 suos
1754 1680 1804 1702 cae

1079 1720 1180 1751 dente.
1227 1721 1288 1751 Sed
1317 1721 1459 1761 pluribus
1489 1727 1520 1752 et
1542 1722 1806 1753 emendatioribus

1079 1771 1165 1802 libris
1201 1778 1325 1811 praestat
1361 1773 1806 1812 obtemperare—Caeterum,

1079 1823 1160 1853 hanc
1175 1833 1320 1854 arvorum
1341 1823 1555 1864 irrigationem
1570 1823 1714 1854 deductis
1734 1824 1806 1854 fon-

1080 1875 1161 1904 tium
1183 1874 1433 1915 scaturiginibuS‚
1456 1885 1529 1906 cum
1552 1875 1639 1905 omni
1660 1875 1807 1907 facilitate

1080 1927 1254 1962 verborum,
1284 1933 1315 1956 et
1343 1932 1455 1957 ornatu
1485 1927 1629 1957 suavium
1658 1937 1804 1958 numero-

1081 1988 1163 2014 rum,
1186 1977 1374 2008 vividissime
1396 1978 1552 2019 Virgilius
1580 1978 1750 2018 descripsit,
1771 1979 1806 2010 in

1079 2039 1146 2069 geo.
1162 2029 1181 2059 i.
1201 2032 1312 2059 106—
1325 2032 1393 2060 111.

1122 2089 1198 2119 Ver.
1214 2093 1287 2120 605.
1306 2091 1390 2129 igni.-
1417 2095 1458 2120 n.
1474 2090 1559 2129 igne;
1583 2089 1635 2120 eui
1651 2088 1730 2120 libro
1744 2099 1805 2120 ver.

1083 2144 1153 2171 604.
1170 2141 1264 2171 deest.
1308 2141 1352 2171 Et
1366 2141 1404 2171 de
1419 2143 1511 2172 etiam
1527 2152 1652 2182 quoque,
1674 2140 1746 2171 vide
1760 2140 1805 2172 iii.

1082 2195 1153 2223 293.
1201 2191 1281 2222 Sane
1295 2193 1386 2222 etiam
1402 2191 1481 2221 nihil
1495 2197 1541 2222 est
1556 2191 1615 2222 nisi
1629 2192 1748 2232 etjam.

1124 2252 1199 2282 Ver.
1213 2255 1287 2282 604.
1311 2254 1484 2293 percipiat:
1519 2252 1586 2282 haec
1615 2251 1708 2282 lectio
1737 2250 1806 2282 vul-

1081 2302 1206 2342 garium
1229 2302 1403 2333 editionum
1426 2308 1583 2342 comparet
1602 2302 1636 2332 in
1652 2307 1687 2333 Δ.
1703 2306 1738 2335 Σ.
1759 2308 1806 2333 ate

1081 2364 1142 2394 que
1170 2359 1216 2384 est
1239 2354 1325 2385 haud
1354 2354 1448 2385 dubie
1475 2353 1699 2385 sincerissima:
1735 2363 1808 2384 vero

1081 2415 1177 2446 quam
1203 2405 1344 2444 proxime
1367 2406 1405 2436 L.
1426 2407 1592 2445 percipito!
1599 2420 1610 2442 ,-
1636 2405 1675 2436 P.
1692 2406 1805 2445 praeri-

1075 2458 1145 2495 pial
1153 2472 1163 2492 ,·
1187 2456 1311 2497 reliqui,
1325 2459 1499 2497 praecipitat
1510 2470 1520 2486 .·
1544 2466 1614 2496 quae
1625 2465 1683 2486 vox
1697 2454 1724 2485 si
1737 2464 1806 2485 sen-

1082 2507 1131 2537 sui
1147 2508 1335 2545 conveniret,
1352 2507 1429 2537 ratio
1443 2513 1606 2537 structurae
1624 2504 1809 2537 mutandam

1083 2558 1193 2588 saltem
1222 2558 1374 2599 flagitaret
1409 2558 1441 2588 in
1474 2559 1657 2598 proecipieet.
1704 2554 1808 2595 Igitur

1084 2608 1178 2650 longe
1201 2609 1376 2641 molliorem
1400 2609 1484 2639 viam
1507 2608 1667 2644 inivimus,
1695 2605 1806 2636 dictio·

1084 2671 1159 2691 nem
1189 2661 1326 2692 maxime
1358 2661 1578 2691 Lucretianam
1613 2656 1806 2696 accipientes.

1086 2714 1239 2744 Heinsius
1255 2714 1289 2744 iu
1304 2713 1484 2744 adversariis
1497 2712 1571 2752 ejus,
1593 2721 1622 2750 p.
1637 2712 1710 2740 510.
1733 2708 1807 2739 scri-

1082 2765 1136 2800 bit,
1157 2766 1308 2804 pcrcieae;
1335 2770 1367 2794 et
1388 2763 1532 2794 similiter
1553 2760 1594 2791 ad
1616 2760 1660 2790 iii.
1687 2763 1739 2791 29.
1762 2759 1804 2790 iv.

1085 2818 1153 2846 755.
1185 2825 1310 2854 prorsus
1330 2813 1540 2855 oeaepo5310vucw3
1569 2818 1600 2842 et
1624 2810 1803 2842 infeliciter:

1083 2876 1185 2907 neque
1199 2866 1310 2907 dignas
1335 2874 1410 2895 sane
1424 2863 1622 2904 putavissem,
1647 2871 1724 2903 quas
1745 2861 1806 2893 leo-

1084 2918 1203 2950 toribus
1224 2926 1424 2953 recenserem,
1439 2915 1620 2957 hujusmodi
1633 2914 1716 2945 leves
1729 2923 1804 2945 con-
