1926 3224
273 247 338 287 50

782 234 842 279 T.
888 220 1263 278 LUCRETII

414 367 569 410 Omnia
587 366 793 405 tormenta
812 357 960 406 aetatis,
989 354 1150 409 privata
1167 352 1343 407 fragore.

471 439 679 490 Denique,
694 434 782 488 jam
800 438 915 472 tuere
932 428 1028 477 hoc,
1050 426 1206 468 circum
1225 436 1443 478 supraque,
1465 424 1577 479 quod
1595 438 1718 468 omne

301 519 384 555 320
415 511 611 554 Continet
630 505 825 562 amplexu
843 512 1064 551 terrarum3
1095 504 1285 554 procreat
1302 511 1355 538 ex
1374 511 1416 537 se

271 686 458 724 oppugnata.
503 679 587 710 Nam
602 676 761 708 translatio
772 680 818 706 est
828 685 848 705 a
861 675 989 715 σαν-ηψ-

270 746 340 766 cum
362 733 472 764 officio.
517 730 652 769 Nempe,
673 729 754 758 inter
774 728 895 758 tortoris
912 727 991 756 AEvi

269 795 366 816 saevos
380 790 412 814 et
427 782 597 813 indefessos
611 781 746 819 impetus
760 778 793 808 hi
808 777 907 807 silices
921 786 990 815 per-

270 836 422 866 duravere
446 834 513 864 sine
525 832 672 873 fragore:
698 829 717 859 i.
735 838 762 858 e.
785 831 808 846 “
824 826 926 856 nervis
940 835 991 855 ve-

271 890 296 905 “
311 886 420 925 nisque
434 893 499 914 non
513 883 625 921 ruptis,
639 887 789 918 compage
803 886 861 907 nec
875 876 994 906 ossium

273 939 296 956 “
312 933 461 966 divulsas
506 933 552 962 Et
564 931 680 971 fragor
705 928 869 959 adhibetur
883 927 916 957 in
930 926 993 966 pri-

271 986 371 1016 mario
394 993 452 1014 suo
467 980 653 1022 significatu,
671 988 728 1019 pro
749 978 817 1019 ipsa
819 977 996 1019 frangendi

270 1038 407 1067 actione:
433 1032 503 1063 vide
517 1031 602 1063 dicta
623 1030 663 1061 ad
685 1040 747 1061 ver.
775 1033 844 1060 110.
866 1028 995 1069 hujusce

270 1087 353 1118 libri.
396 1085 507 1126 Neque
522 1084 611 1114 aliter
625 1093 659 1113 re
673 1081 745 1113 vera
765 1081 885 1119 Livius,
908 1081 927 1110 i.
945 1084 995 1112 29.

271 1143 368 1171 4.—“
379 1139 447 1179 jam
463 1138 578 1179 fragor
603 1141 769 1172 tectorum,
794 1144 864 1175 quae
889 1133 993 1164 dirue-

270 1192 295 1209 “
311 1191 433 1225 bantur,
455 1187 576 1218 ultimis
598 1185 682 1217 urbis
695 1185 832 1225 partibus
847 1184 993 1215 audieba-

271 1243 295 1260 “
311 1239 401 1271 tur:’'
423 1240 444 1269 i.
466 1249 492 1269 e.
514 1236 659 1276 diruptio,
685 1245 841 1276 casusque.
886 1235 930 1265 Et
951 1235 993 1265 sic

270 1291 324 1323 alii
339 1292 418 1321 bene
432 1288 541 1326 multi3
564 1288 637 1319 licet
658 1287 692 1318 id
713 1286 857 1317 animum
878 1286 992 1316 lexico-

269 1341 381 1384 graphi
408 1339 593 1380 neutiquam
618 1337 816 1374 adverterint,
845 1337 879 1366 in
902 1347 994 1366 sensu

270 1397 480 1434 consequente
507 1390 610 1421 solum
638 1388 788 1428 occupati.
832 1387 997 1418 Nonnulla

268 1444 411 1475 diximus
425 1443 464 1474 ad
479 1442 500 1472 i.
520 1445 592 1472 748.
638 1440 701 1471 Sed
717 1440 814 1477 enim,
832 1444 868 1468 ut
889 1448 995 1468 exem-

270 1496 331 1535 plis
343 1494 452 1535 paucis
467 1504 484 1523 e
499 1491 636 1531 Virgilio
657 1490 761 1530 petitis
782 1498 849 1518 rem
871 1488 998 1518 uberius

270 1546 436 1581 declarem,
463 1549 495 1574 et
517 1549 641 1582 tyrones
663 1539 851 1580 intelligant,
876 1544 954 1580 quot
968 1544 999 1568 et

272 1601 404 1638 quantas
422 1595 583 1634 po'e'tarum
600 1591 770 1633 elegantias
784 1591 857 1621 hinc
872 1596 996 1630 praeter-

272 1648 409 1682 mittant,
421 1655 517 1676 morae
526 1654 591 1675 non
600 1644 704 1684 longae
713 1642 803 1672 venia
813 1640 998 1682 postulanda

272 1707 326 1732 est.
373 1700 425 1730 Ita
436 1698 489 1728 ille
504 1697 544 1728 ad
559 1707 626 1738 geo.
641 1696 660 1726 i.
676 1698 751 1727 557.

747 1766 835 1792 aridus
850 1765 909 1790 altis

365 1812 503 1837 Montibus
513 1809 598 1835 audiri
598 1809 693 1841 fragor
699 1818 709 1834 .-

273 1887 295 1918 i.
310 1896 336 1916 e.
359 1886 383 1904 “
398 1882 478 1914 aridi
492 1881 571 1922 ligni
583 1886 614 1912 et
628 1879 775 1910 foliorum
790 1878 823 1909 in
838 1877 998 1908 arboribus

274 1945 300 1960 “
314 1938 434 1971 collisio
462 1942 555 1978 atque
577 1933 802 1966 confractura.”
847 1932 999 1973 Vulgaris

273 1991 387 2024 artifex
401 1991 509 2020 aridus
521 1990 636 2019 sonitus
648 1986 776 2017 dixisset
787 1984 932 2021 forsitan3
943 1983 997 2014 sed

272 2045 368 2084 longe
382 2041 504 2072 felicius
516 2045 599 2070 vates
610 2036 932 2069 consummatissimus
943 2035 997 2066 ad-

274 2091 460 2126 ministravit
474 2101 550 2122 rem.
596 2090 700 2128 Idem,
719 2090 792 2120 AEn.
808 2089 828 2120 i.
841 2091 914 2120 154.

367 2169 410 2194 Sic
418 2170 532 2194 cunctus
541 2166 630 2199 pelagi
640 2165 738 2191 cecidit
745 2165 883 2196 fragor-.-

275 2237 298 2267 ἰ.
315 2246 340 2267 e.
364 2238 386 2253 “
403 2244 512 2265 omnes
526 2232 759 2274 fluctusfractz}
782 2229 831 2260 vel
857 2240 888 2260 se
915 2229 1000 2259 sran-

274 2291 299 2307 “
315 2292 435 2329 gentes,
465 2286 498 2315 in
528 2295 626 2315 unam
648 2283 780 2324 aequoris
804 2281 1001 2321 superficiem

275 2342 299 2358 “
315 2336 550 2370 subsederunt.‘'
598 2334 679 2365 Ibid.
695 2334 821 2371 iterum,
838 2332 871 2363 ii.
884 2335 957 2364 692.

336 2411 393 2436 Vix
403 2417 435 2435 ea
444 2409 516 2434 fatus
526 2411 582 2433 erat
593 2407 690 2437 senior,
701 2406 844 2437 subitoque
847 2405 954 2437 fragore

336 2449 460 2474 Intonuit
471 2448 613 2473 laevom—z

276 2521 297 2552 i.
312 2530 339 2552 e.
361 2523 385 2539 “
400 2519 469 2550 coeli
491 2519 708 2560 confractione,
733 2516 782 2547 vel
794 2513 916 2558 fissurt‘z'
940 2525 1000 2545 nu-

277 2575 302 2591 “
313 2570 439 2604 bium:”
456 2571 563 2601 confer
574 2570 698 2605 Lucret,
707 2568 746 2598 vi.
758 2570 829 2598 1:37.
845 2567 1002 2608 Denique,

280 2622 356 2654 AEn.
370 2622 422 2652 vii.
437 2624 510 2652 677.

505 2696 605 2722 magno
615 2688 717 2715 cedunt
727 2687 843 2721 virgulta
845 2687 965 2719 fragore.-

284 2759 308 2775 “
324 2766 395 2787 cum
411 2757 527 2797 magna
540 2757 656 2788 scilicet
671 2757 720 2787 sui
737 2755 835 2791 ruina,
851 2760 943 2795 atque
957 2755 1005 2784 di-

284 2809 308 2826 “
323 2807 492 2847 ruptione.''
538 2808 643 2843 Quem
659 2808 773 2842 locum,
788 2812 825 2836 ut
839 2807 898 2835 hoc
913 2805 1006 2835 etiam

285 2857 320 2887 in
348 2864 525 2888 transcursu
551 2864 690 2898 tangam,
720 2857 817 2887 miror
845 2856 1005 2886 neminem

285 2907 436 2943 omnium,
451 2907 506 2948 qui
522 2907 556 2938 in
571 2907 619 2938 his
629 2907 856 2939 imitationibus
866 2906 1005 2937 indican-

1033 669 1080 701 dis
1101 678 1228 708 operam
1241 672 1422 707 posuerunt,
1447 668 1620 698 observasse
1642 666 1682 698 ad
1698 667 1759 699 Ca-

1033 721 1105 751 tulli
1120 722 1211 750 verba
1226 720 1460 757 adumbratum,
1475 719 1554 749 lxiii.
1571 723 1621 750 86.

1096 786 1186 816 Vadit,
1196 784 1300 816 fremit,
1311 785 1429 817 refringit
1439 785 1558 818 virgulta
1563 785 1626 818 pede
1636 792 1717 818 vago.

1078 843 1152 873 Ver.
1169 846 1243 875 519.
1268 842 1457 881 scripturam
1472 842 1542 878 loci,
1556 842 1590 872 in
1603 852 1698 883 quam
1708 852 1760 873 me

1037 892 1263 924 nonnullorum
1287 893 1432 924 codicum
1454 893 1616 924 varietates
1636 894 1758 934 conjec-

1037 950 1156 975 tantem
1171 954 1268 975 manu
1283 944 1449 983 duxerant,
1472 944 1541 976 aliis
1556 945 1641 976 libris
1655 951 1763 985 postea

1038 995 1144 1026 inveni
1159 995 1392 1033 confirmatam3
1414 1001 1507 1036 atque
1528 996 1581 1032 sic,
1607 1001 1643 1026 ut
1667 996 1762 1033 vides,

1039 1046 1245 1077 exhibendam
1260 1046 1363 1076 statui.
1402 1045 1464 1076 Sed
1478 1046 1609 1077 varietas
1622 1046 1763 1078 lectionis

1038 1097 1222 1137 exponenda
1236 1102 1484 1128 restat-tuere:
1510 1096 1548 1127 P.
1566 1096 1606 1126 Ο.
1620 1106 1763 1128 ruere.—

1037 1160 1094 1189 que
1116 1149 1201 1180 deest
1220 1149 1260 1179 V.
1287 1148 1335 1178 ed.
1357 1153 1394 1178 ut
1413 1149 1493 1188 quod
1516 1146 1762 1178 Vind.—omne.-

1037 1201 1080 1231 sic
1097 1201 1134 1232 P.
1150 1201 1189 1231 V.
1207 1200 1254 1231 ed.
1281 1200 1317 1230 L.
1341 1200 1389 1230 M.
1412 1199 1452 1230 O.
1475 1202 1510 1230 A.
1528 1204 1570 1229 n.
1585 1203 1620 1231 Σ.
1637 1205 1684 1230 Ω.
1709 1197 1764 1230 sed

1039 1251 1134 1282 Vind.
1150 1252 1188 1282 B.
1203 1261 1331 1289 omnem,
1354 1250 1402 1281 uti
1416 1250 1451 1280 in
1465 1249 1536 1281 edd.
1561 1249 1652 1280 scribi
1673 1250 1763 1290 solet,

1038 1303 1064 1333 si
1099 1303 1224 1333 credere
1252 1302 1328 1332 velis
1349 1301 1562 1340 collatoribus3
1585 1301 1681 1342 quod,
1710 1311 1764 1333 me

1037 1354 1147 1384 saltem
1162 1353 1342 1393 impulsore,
1358 1362 1400 1383 ne
1413 1352 1515 1383 facias.

1082 1404 1156 1434 Ver.
1171 1407 1244 1434 520.
1258 1410 1411 1434 terrarum
1421 1416 1432 1433 .·
1452 1403 1496 1433 sic
1507 1402 1588 1434 clare
1604 1406 1639 1434 Δ.
1654 1401 1764 1441 codex;

1041 1455 1079 1485 P.
1093 1456 1205 1485 terra'i:
1231 1454 1285 1484 sed
1299 1464 1338 1484 ex
1352 1454 1488 1484 aliorum
1509 1453 1653 1484 omnium
1674 1463 1764 1485 voca-

1041 1505 1126 1542 bulo,
1151 1512 1265 1536 terram
1287 1504 1406 1546 utique,
1429 1504 1550 1536 facilior
1565 1510 1612 1536 est
1623 1504 1767 1537 lectionis

1041 1563 1153 1587 nostrae
1174 1556 1332 1587 derivatio.
1379 1555 1511 1597 Vulgari
1536 1555 1624 1595 solet,
1650 1563 1767 1588 terram

1040 1610 1119 1647 quod
1125 1623 1136 1644 ;
1160 1607 1213 1638 sed
1225 1609 1304 1648 quod
1320 1617 1385 1637 non
1400 1612 1559 1646 comparet
1572 1607 1607 1638 in
1619 1607 1655 1639 P.
1666 1607 1764 1639 Vind.

1042 1659 1082 1689 V.
1098 1658 1145 1689 ed.
1164 1665 1204 1689 Π.
1230 1664 1262 1688 et
1275 1658 1308 1688 in
1323 1657 1392 1687 aliis
1407 1657 1604 1697 quibusdam,
1627 1657 1675 1688 uti
1696 1668 1764 1689 sus-

1040 1709 1140 1749 picor:
1167 1714 1251 1738 amat
1275 1707 1429 1738 nimirum
1456 1707 1622 1739 Lucretius
1650 1708 1764 1739 oratio-

1039 1770 1124 1797 nem,
1153 1760 1196 1790 sic
1217 1760 1284 1790 sine
1306 1758 1424 1799 copulis
1444 1757 1556 1789 fortius
1582 1765 1614 1790 et
1635 1759 1767 1791 vividius

1040 1811 1273 1852 procedentem:
1302 1815 1337 1841 A.
1358 1821 1426 1851 quae
1456 1817 1587 1849 mrum,-
1614 1816 1658 1842 Ω.
1684 1813 1766 1852 quod

1040 1870 1163 1895 terram.

1085 1915 1168 1947 Ibid.
1192 1926 1278 1946 omne
1292 1920 1454 1946 terrarum.
1481 1913 1595 1945 Multae
1609 1919 1683 1945 sunt
1693 1914 1768 1946 huic

1041 1967 1184 2009 gemellae
1196 1966 1368 1997 locutiones
1380 1967 1413 1996 in
1423 1965 1547 2005 optimis
1557 1965 1770 2005 scriptoribus3

1040 2019 1125 2060 quod
1141 2018 1298 2058 extemplo
1309 2018 1408 2059 quivis
1421 2017 1592 2058 elegantior
1603 2023 1763 2058 agnoscet:

1042 2071 1109 2101 redi
1133 2070 1175 2101 sis
1196 2069 1235 2100 ad
1263 2069 1347 2100 dicta
1369 2070 1426 2099 sub
1454 2078 1514 2099 ver.
1539 2071 1610 2099 107.
1634 2068 1766 2109 hujusce

1044 2123 1123 2153 libri.
1168 2121 1232 2159 Ita,
1249 2122 1283 2151 ni
1298 2120 1400 2159 fallor,
1427 2119 1606 2160 accipienda
1627 2125 1674 2150 est
1690 2119 1763 2150 Vir-

1044 2173 1113 2214 gilii
1135 2178 1299 2210 structura,
1325 2172 1365 2202 ad
1389 2181 1456 2212 geo.
1472 2171 1507 2201 ii.
1525 2173 1598 2201 284.
1625 2171 1766 2211 quamvis

1044 2225 1132 2256 aliter
1146 2225 1187 2255 sit
1203 2225 1305 2255 visum
1320 2223 1552 2263 interpretibus:

1073 2293 1164 2319 Omnia
1175 2293 1227 2318 s'mt
1237 2292 1342 2325 paribus
1352 2292 1470 2318 numeris
1482 2292 1603 2318 dimensa
1612 2291 1735 2317 viarum.

1047 2360 1164 2392 Confer
1178 2366 1331 2398 nostrum,
1354 2359 1374 2390 i.
1399 2363 1470 2392 660.
1505 2358 1700 2399 Propertius,
1723 2357 1768 2389 iii.

1045 2415 1074 2443 7.
1091 2417 1122 2445 9.
1236 2418 1239 2421 ’

1074 2479 1167 2504 omnia
1177 2485 1232 2504 non
1243 2478 1341 2511 pariter
1352 2483 1436 2502 rerum
1448 2479 1511 2501 sunt
1520 2475 1645 2502 omnibus
1657 2478 1736 2507 apta:

1046 2546 1101 2576 ubi
1116 2545 1222 2575 videas
1233 2545 1465 2579 Burmannum,
1475 2543 1536 2573 hoc
1548 2543 1673 2572 schema
1683 2539 1770 2570 illus-

1046 2603 1200 2634 trantem;
1223 2607 1297 2627 cum
1321 2596 1420 2634 Titio,
1445 2594 1487 2625 ad
1510 2593 1634 2624 Nemes.
1659 2599 1773 2632 cyneg.

1047 2652 1119 2679 288.
1141 2658 1176 2678 ac
1192 2647 1292 2685 nobis,
1315 2647 1341 2677 si
1356 2651 1444 2677 vacet
1458 2645 1621 2683 libeatque,
1644 2641 1684 2671 ad
1699 2641 1767 2671 Eu-

1046 2699 1103 2738 rip.
1132 2699 1200 2729 Ion.
1219 2701 1289 2729 172.
1334 2697 1424 2728 Hinc
1445 2704 1509 2725 non
1534 2691 1660 2723 audiam
1687 2691 1769 2722 Gro-

1049 2751 1142 2788 tium,
1158 2749 1315 2790 legentem
1329 2749 1440 2781 omina,
1455 2754 1511 2784 pro
1525 2745 1638 2778 omnia,
1654 2741 1767 2772 adeas-

1050 2800 1250 2842 tigatissimos
1276 2797 1391 2830 Avieni
1415 2805 1531 2832 versus,
1561 2795 1649 2824 Arat.
1678 2795 1768 2823 1858.

1048 2853 1189 2894 quamvis
1203 2851 1312 2882 eadem
1325 2848 1463 2889 profecto
1477 2846 1655 2887 conjectura
1665 2854 1697 2876 se
1708 2843 1767 2875 mi-

1049 2903 1083 2934 hi
1098 2908 1206 2943 sponte
1220 2899 1343 2942 propria
1356 2897 1514 2940 objecerit:
