1926 3224
554 230 786 280 LIBER
829 229 1188 287 QUINTUS.

1520 238 1607 276 211

271 364 327 405 Et
346 363 498 405 validos
521 362 687 405 Parthei
707 376 796 418 prae
815 377 857 404 se
876 362 1021 403 misere
1040 361 1192 412 leones,

132 441 239 479 1310
272 438 380 480 Cum
400 437 635 479 doctoribus
655 436 836 486 armatis,
859 436 1054 491 saevisque
1073 434 1291 492 magistris,

270 512 378 560 Quei
398 512 647 553 moderarier
665 512 742 552 hiis
760 517 941 564 possent,
962 508 1182 562 vinclisque
1201 516 1354 548 tenere:

270 585 557 641 Nequidquam
564 602 576 633 ;
608 584 818 639 quoniam,
839 580 1043 636 pennixtfi
1063 580 1176 621 caede
1196 580 1385 631 calentes,

270 658 513 699 Turbabant
533 658 652 698 saevei
671 655 784 698 nullo
803 654 1037 697 discrimine
1060 662 1231 703 turmas,

270 729 489 772 Terrificas
508 730 690 785 capitum
710 730 936 786 quatientes
955 727 1138 783 undique
1157 727 1312 768 cristas:

131 808 237 846 1315
269 803 358 845 Nec
376 810 570 858 poterant
589 803 758 860 equites,
779 802 943 844 fremitu
961 801 1193 858 perterrita,
1214 813 1414 856 equorum

123 969 215 990 mum
230 957 300 989 ideo
315 958 399 995 dicit,
422 957 506 999 quod
527 957 635 998 populi
650 958 778 989 orientis
800 969 848 989 es·

120 1016 192 1042 sent
220 1010 347 1041 militari
370 1009 470 1051 gloria
494 1010 588 1052 longe
613 1010 848 1050 praeclarissmi,

125 1062 339 1103 Romanisque
354 1061 490 1092 maxime
509 1061 737 1093 formidabiles:
763 1062 849 1093 unde

124 1123 216 1153 porro
238 1114 324 1144 locus
345 1113 394 1144 hic
418 1120 449 1144 et
473 1123 532 1144 ver.
552 1117 642 1145 1502.
664 1114 848 1145 concinnius

124 1165 260 1196 invicem
274 1165 474 1205 respondent:
497 1165 548 1196 adi
564 1175 620 1196 nos
634 1166 668 1196 in
683 1165 726 1197 iii.
741 1169 813 1197 845.

166 1216 242 1247 Ver.
270 1220 360 1247 1510.
393 1218 579 1248 doctoribus:
605 1216 659 1257 qui
680 1219 849 1248 docuerunt

121 1276 175 1297 eos
189 1267 297 1308 utique
306 1267 461 1297 tumultus
471 1267 597 1298 bellicos
607 1268 735 1298 sufferre
742 1280 752 1305 ;
768 1268 849 1298 utin

123 1326 184 1347 ver.
215 1321 305 1348 1302.
331 1324 362 1348 et
386 1319 560 1348 ubertatem
582 1319 764 1349 Lucretiani
785 1329 848 1350 ser-

123 1369 228 1400 monis
241 1369 379 1400 nativam
400 1369 554 1410 resipiunt
570 1371 696 1410 phrases
709 1372 847 1402 consoci-

123 1429 184 1454 atae
198 1426 368 1456 doctoribus
382 1427 512 1456 armatis
527 1431 621 1466 atque
634 1428 721 1457 saevis
735 1428 848 1466 magis-

121 1477 188 1507 tris.
233 1476 315 1507 Haec
330 1483 436 1507 autem
458 1477 610 1517 scriptura
621 1483 670 1508 est
690 1478 848 1517 exempla-

122 1528 207 1558 rium
223 1529 320 1560 Vind.
338 1529 385 1560 M.
399 1530 439 1560 O.
456 1536 501 1561 n..
516 1536 638 1568 caeoera,
654 1532 845 1561 ductoribus.-

121 1585 156 1610 at
170 1579 361 1611 locutionem
375 1581 546 1612 doctiorem
557 1581 685 1623 vulgata
700 1581 791 1612 facile
801 1582 847 1613 lo-

118 1640 160 1662 00
173 1638 338 1663 emovereta

165 1682 248 1713 Ibid.
270 1685 374 1714 saevz's:
405 1684 426 1714 i.
445 1694 474 1714 re.
497 1683 612 1715 durum
640 1689 735 1725 atque
759 1686 848 1716 abso-

120 1733 228 1765 lutum
249 1734 284 1764 in
305 1734 413 1766 beluas
434 1735 604 1776 imperium
626 1737 847 1768 exercentibus.

123 1787 290 1826 Horatius,
300 1788 394 1828 epist.
408 1788 429 1819 i.
448 1792 496 1819 18.
515 1792 562 1820 13.

153 1854 193 1880 Ut
203 1861 318 1886 puerum
329 1861 402 1881 sevo
413 1855 503 1881 credas
515 1855 616 1881 dictata
626 1855 745 1888 magistro

152 1895 344 1920 Reddere—.

165 1959 242 1990 Ver.
259 1963 349 1990 1511.
363 1961 424 1991 hiis
432 1973 442 1990 .·
454 1959 498 1990 ita
508 1959 691 2000 exquisitius
701 1960 738 1991 P.
750 1960 847 1991 Vind.

121 2009 164 2041 V.
180 2010 227 2041 ed.
250 2011 288 2041 L.
312 2011 351 2042 O.
376 2017 417 2042 Π.
442 2017 486 2042 Ω.
513 2011 620 2052 vulgo,
642 2014 707 2048 lios-,-
736 2016 770 2042 Δ.
788 2013 846 2043 iis:

121 2060 192 2093 vide
205 2061 306 2092 Plaut.
321 2061 387 2092 mil.
402 2061 479 2102 glor.
495 2062 536 2093 iv.
550 2065 579 2094 5.
597 2065 646 2093 16.
672 2062 762 2093 Ovid.
775 2068 848 2093 met.

121 2112 162 2143 ix.
182 2115 256 2144 652.
272 2113 401 2143 Tritum
418 2119 471 2143 est.

165 2163 246 2194 Ibid.
267 2166 432 2206 vinclisque
448 2172 556 2197 tenere.
593 2165 761 2207 Virgilius,
776 2175 845 2207 geo.

121 2214 160 2245 iv.
177 2218 249 2246 405.

339 2293 470 2322 manibus,
481 2292 636 2325 vinclisque,
650 2292 812 2317 tenebis—.

166 2357 241 2387 Ver.
255 2360 346 2388 1513.
360 2360 444 2389 nullo
453 2359 641 2389 discrimine.
656 2357 761 2394 Maro,
773 2357 847 2388 AEn.

123 2419 153 2441 x.
171 2413 240 2440 108.

153 2481 233 2511 Tros,
246 2480 403 2510 Rutulusve,
415 2479 485 2510 suat,
499 2480 566 2504 nullo
578 2478 722 2504 discrimine
732 2479 846 2505 habebo.

168 2549 251 2580 Ibid.
273 2555 407 2580 turmas:
442 2548 462 2579 i.
484 2558 511 2578 e.
546 2551 567 2566 “
592 2548 720 2588 agmina
744 2558 847 2588 eques-

126 2603 149 2619 “
163 2600 261 2637 tritu-'¹
285 2599 355 2630 vide
371 2600 504 2629 Varron.
521 2598 559 2629 de
572 2598 648 2639 ling.
661 2598 730 2628 Lat.
743 2598 783 2629 iv.
800 2601 848 2629 16.

125 2653 150 2669 ‘⁴
166 2652 315 2690 Legiones
342 2652 482 2690 peditum
517 2655 599 2685 sunt,
637 2655 747 2679 turmae
777 2658 849 2679 vero

123 2704 148 2721 “
163 2705 299 2743 equitum
311 2702 346 2733 :'‘
386 2702 523 2739 Servius,
543 2701 584 2731 ad
611 2700 687 2731 AEn.
710 2701 751 2731 iX.
774 2703 848 2731 562.

123 2764 219 2796 quem
234 2754 338 2785 videas
353 2754 479 2793 insuper
500 2753 572 2784 ibid.
589 2763 618 2783 x.
634 2756 705 2783 428.
721 2752 761 2783 xi.
771 2746 848 2784 '500.

124 2816 199 2837 cum
212 2807 368 2837 annotatis
382 2806 536 2846 superius,
551 2805 591 2835 ad
606 2805 649 2835 iii.
669 2807 758 2835 1045.
780 2805 847 2834 Ve-

123 2863 176 2888 tus
189 2858 421 2889 onomasticon:
449 2862 471 2876 “
494 2859 621 2893 Τιινπια,
651 2857 760 2889 ἱππικῇ
776 2857 847 2895 «ταξ-

953 965 1060 989 Scandit
1070 967 1166 989 aeratas
1176 962 1269 988 vitiosa
1280 969 1359 987 naves

954 1007 1035 1035 Cura,
1048 1011 1097 1029 nec
1108 1007 1206 1028 turmas
1217 1003 1328 1035 equitum
1339 1002 1534 1033 relinquit—.

893 1069 982 1100 Hinc
1004 1068 1163 1099 difficilem
1185 1068 1306 1098 Lucani
1337 1067 1441 1098 locum
1464 1068 1612 1099 emenda·

892 1120 977 1151 tione
991 1118 1163 1150 certissinffi
1177 1118 1434 1157 emaculaffimus,
1450 1119 1560 1150 Phars.
1573 1121 1614 1150 ix.

890 1176 963 1203 400.

1162 1255 1244 1285 sitiat,
1256 1254 1421 1286 quicumque
1431 1254 1568 1279 bibentem

907 1297 1020 1327 Viderit3
1038 1300 1085 1321 aut
1101 1296 1208 1321 umbras
1228 1301 1371 1320 nemorum
1392 1293 1555 1325 quicumque
1571 1299 1616 1325 pe·

1000 1340 1115 1366 tentem,

908 1378 1028 1407 AEstuet;
1039 1380 1086 1401 aut
1097 1375 1208 1408 equitum
1216 1375 1324 1407 peditem
1337 1374 1492 1406 praecedere
1503 1377 1616 1404 turmas,

907 1416 1035 1441 Deficiat:
1052 1416 1073 1440 si
1084 1423 1137 1447 quo
1148 1415 1229 1440 fuerit
1242 1415 1392 1440 discrimine
1403 1418 1512 1444 notum,

908 1458 984 1487 Dux,
994 1463 1028 1481 an
1039 1456 1125 1486 mileti,
1135 1462 1266 1481 eam—.

894 1530 957 1560 His
980 1529 1058 1560 nihil
1087 1525 1271 1567 dilucidius;
1306 1527 1385 1558 adeo
1418 1532 1456 1558 ut
1485 1526 1619 1558 demirer

892 1581 1124 1616 Burmannum,
1147 1579 1181 1610 in
1195 1578 1331 1619 simpulo
1345 1584 1392 1608 tot
1405 1577 1521 1608 fluctus
1535 1577 1619 1608 exci-

892 1639 1019 1663 tantem.
1067 1632 1182 1663 Sensus
1196 1638 1256 1662 est:
1285 1634 1307 1649 “
1325 1630 1385 1661 Ille
1400 1628 1521 1665 sitiat‚”
1538 1630 1572 1670 (i.
1588 1639 1618 1660 e.

892 1685 922 1715 ei
947 1683 1135 1715 concedatur
1157 1683 1241 1713 sitim
1263 1682 1387 1718 sentire,
1418 1681 1559 1722 adeoque
1580 1680 1620 1711 de

892 1736 929 1767 ea
944 1736 1042 1776 queri,
1066 1746 1102 1766 ac
1117 1735 1198 1765 velle
1212 1735 1332 1774 bibere)
1358 1737 1380 1752 “
1396 1733 1451 1773 qui
1467 1743 1518 1763 me
1534 1733 1619 1763 vide-

892 1792 915 1808 “
930 1789 970 1819 rit
984 1788 1158 1818 bibentem:
1183 1787 1235 1817 ille
1250 1797 1283 1817 se
1297 1786 1470 1826 refrigeret,
1493 1785 1547 1825 qui
1568 1795 1621 1817 me

893 1843 917 1858 “
931 1838 1042 1869 viderit
1062 1839 1190 1868 umbras
1212 1842 1387 1877 petentem:
1415 1835 1468 1865 ille
1483 1837 1620 1875 deficiat,

892 1894 916 1910 “
932 1891 994 1922 sive
1015 1890 1279 1930 defatigationem
1301 1893 1416 1928 crepet,
1439 1887 1495 1927 qui
1509 1887 1622 1918 viderit

893 1950 916 1965 “
933 1957 985 1977 me
1004 1946 1142 1985 peditem
1158 1945 1206 1975 vel
1228 1944 1384 1985 equitibus
1406 1949 1475 1983 post
1496 1949 1621 1984 tergum

893 2000 915 2016 “
931 1997 1044 2037 linqui:
1071 1996 1125 2026 ille
1138 1995 1274 2036 denique
1288 1995 1420 2030 deficiat,
1437 1994 1491 2035 qui
1509 1994 1620 2024 distin-

894 2052 916 2067 “
932 2059 1028 2089 gnere
1061 2048 1205 2084 valuerit,
1235 2047 1312 2085 dux,
1335 2057 1376 2076 an
1404 2045 1506 2083 miles,
1528 2045 1619 2076 sim.'’

892 2100 1011 2140 Vulgo,
1027 2102 1156 2140 equitem
1162 2100 1313 2139 peditum.
1331 2097 1482 2129 Conferas
1490 2096 1619 2134 ibidem,

891 2161 968 2181 verr.
984 2154 1056 2181 587.
1071 2153 1143 2181 588.

932 2203 1007 2232 Ver.
1026 2204 1116 2231 1514.
1140 2201 1276 2240 cupitum
1299 2201 1469 2239 quatientes
1494 2200 1616 2229 cristas.-

889 2255 909 2285 i.
923 2264 949 2284 e.
972 2253 1095 2283 villosas
1102 2252 1207 2293 jubas,
1227 2251 1438 2291 hirsutasque3
1463 2249 1622 2289 eleganter

889 2311 921 2335 et
934 2303 1108 2344 magnifice.
1152 2302 1341 2332 Locutiones
1356 2300 1545 2334 immutavit,
1561 2310 1620 2330 nec

890 2367 964 2387 cum
986 2355 1075 2386 nullo
1096 2364 1240 2385 successu
1262 2359 1379 2389 tamen,
1408 2352 1615 2388 Mantuanus,

895 2409 969 2439 AEn.
984 2407 1036 2438 xii.
1053 2410 1082 2438 6.

923 2497 1000 2520 Tum
1017 2495 1129 2519 demum
1143 2493 1238 2517 movet
1254 2497 1329 2515 arma
1345 2489 1391 2519 leo,
1407 2489 1563 2521 gaudetque
1580 2495 1619 2513 co-

986 2533 1081 2558 mantis

924 2573 1062 2599 Excutiens
1072 2570 1173 2596 cervice
1184 2573 1319 2594 toros—.

891 2650 986 2683 Adde
1001 2651 1157 2681 Nonnum
1172 2647 1411 2688 lepidissimum,
1433 2646 1468 2677 in
1485 2645 1618 2686 Dionys.

892 2717 940 2737 xv.
958 2709 1031 2736 205.

1010 2778 1100 2811 Αυχενι
1114 2781 1247 2810 λαχνήεντι
1261 2779 1404 2801 λων-ι

935 2856 1010 2886 Ver.
1030 2857 1122 2885 1515.
1135 2855 1318 2894 perterrita:
1337 2850 1435 2883 Vind.
1451 2851 1493 2881 V.
1509 2849 1557 2883 ed.
1569 2850 1618 2881 M.

125 2908 218 2943 “aa”
242 2909 410 2948 Hei-atim,
426 2908 476 2941 od.
491 2908 522 2941 ii.
540 2912 592 2941 16.
606 2911 657 2940 22.
678 2907 829 2940 similiter:
884 2908 1052 2949 pertenit,-
1068 2911 1103 2938 Δ.
1114 2906 1275 2947 perterriti
1280 2919 1292 2944 ,·
1316 2907 1352 2938 Σ.
1362 2903 1532 2945 pertem'et.
