1926 3224
310 241 376 286 94

820 238 880 286 T.
920 201 1294 287 Luc'RETn

513 369 663 410 Jamne
687 365 798 407 vides
817 373 1017 420 quantum
1037 367 1170 408 tenuis
1189 374 1338 409 natura
1354 368 1488 410 valere

457 442 605 491 Possit,
627 441 698 481 ubi
717 448 777 481 est
796 441 1014 495 conjuncta
1031 441 1147 498 gravi
1167 456 1261 482 cum
1281 456 1471 496 corpore;
1502 448 1548 483 ut
1566 442 1634 484 a'er

458 515 711 569 Conjunctus
731 513 864 564 terris,
885 522 927 555 et
946 514 1064 556 nobis
1085 522 1145 556 est
1164 515 1290 556 animi
1310 514 1393 556 vis?

348 593 430 630 565

519 588 608 630 Nec
628 588 758 629 nimio
777 588 871 630 solis
889 589 1020 644 major
1039 598 1145 640 rota,
1166 604 1243 631 nec
1262 590 1399 631 minor
1418 589 1556 639 ardor,

456 662 556 704 Esse
573 669 721 718 potest,
742 663 891 705 nostris
912 679 1036 720 quam
1057 664 1238 706 sensibus
1259 680 1344 706 esse
1363 664 1537 705 videtur.

343 823 409 855 Quis
420 824 489 856 potis
498 828 538 850 est
548 824 626 854 nobis,
642 824 692 850 nisi
701 825 740 849 vis
750 825 862 856 animae,
872 830 935 857 quae
946 832 1032 852 mem-

435 864 482 888 bra
493 865 639 896 gubernat?

315 933 357 962 In
373 934 411 963 B.
427 940 574 964 manente
588 936 684 972 nobis,
700 935 890 968 desideratur
903 938 1029 968 animoe:

312 994 407 1023 quam
421 985 503 1014 viam
519 985 756 1026 Havercampus
770 987 849 1019 iniit.
893 990 943 1020 Vis
957 999 976 1018 e
992 995 1032 1020 Π.

311 1044 398 1064 erasa
412 1041 466 1066 est.
511 1036 624 1066 Meum
635 1037 791 1077 judicium
806 1045 859 1075 est,
883 1053 916 1070 w
936 1041 1032 1078 nobis,

312 1086 352 1114 ob
367 1085 604 1116 similitudinem
619 1100 657 1118 ere
673 1090 755 1128 potis
777 1089 823 1119 bis
839 1090 1033 1131 negligenter

311 1137 467 1177 ingestam
481 1149 546 1169 esse
560 1150 579 1169 a
592 1139 732 1171 librario:
757 1147 789 1171 et
805 1154 842 1172 τε
856 1144 971 1173 αηίηιιε
982 1143 1032 1172 in·

310 1189 471 1227 tei-positio
485 1189 677 1221 luculentam
703 1192 776 1222 Cari
800 1192 1033 1232 simplicitatem

310 1239 447 1270 multum
462 1241 576 1281 resipit.
621 1242 786 1282 Manilius,
801 1243 821 1273 i.
837 1247 909 1276 250.
923 1244 1032 1274 simili-

312 1295 358 1320 ter
373 1290 495 1322 locutus
509 1299 568 1322 est:

341 1371 425 1396 Hocc'
435 1378 513 1403 opuS,
521 1372 646 1398 immensi
653 1376 840 1399 constructum
848 1378 946 1407 corpore
954 1381 1032 1399 mun-

433 1411 460 1434 di
471 1424 503 1430 —

341 1448 382 1472 νυ
392 1428 487 1473 anim}
497 1449 587 1474 divina
597 1451 699 1482 regit—-

353 1519 428 1550 Ver.
444 1523 516 1550 563.
538 1531 605 1551 cum
615 1533 625 1550 :
651 1521 692 1551 V.
715 1520 761 1551 ed.
787 1522 824 1552 B.
846 1528 908 1552 tam
915 1537 926 1559 ,·
949 1522 1034 1563 quod

310 1579 347 1599 ex
362 1576 426 1600 tum
442 1576 573 1602 enatum
587 1578 644 1609 est,
666 1578 829 1612 postquam
845 1584 860 1604 c
879 1573 913 1603 in
936 1579 947 1604 t
973 1573 1031 1603 mi-

310 1629 458 1662 graverat.

353 1685 429 1714 Ver.
454 1688 526 1716 564.
562 1687 762 1727 Conjunctus:
788 1686 830 1716 V.
859 1686 907 1717 ed.
934 1693 976 1717 Π.
998 1692 1033 1718 Σ.

313 1737 495 1776 Conjuncta,·
520 1748 593 1768 voce
616 1739 684 1778 jam
713 1737 851 1769 adhibita
873 1738 1034 1768 memoriae

311 1786 424 1817 librarii
437 1788 619 1818 inbaerente:
641 1789 681 1819 O.
698 1788 882 1829 Conjunctus
890 1795 919 1819 et
926 1804 937 1825 ;
949 1788 1034 1828 quod

310 1838 446 1876 speciem
475 1840 567 1869 habet
595 1840 659 1870 veri
681 1850 737 1879 pro
769 1841 953 1881 Conjunctus
981 1847 1032 1876 est,

310 1898 409 1928 quum
420 1900 438 1919 a
449 1890 634 1929 compendio
652 1892 846 1931 Conjzmceust
862 1891 954 1922 lectio
965 1891 1032 1922 vul-

312 1940 395 1979 garis
409 1940 493 1971 sacili
509 1942 642 1972 suboriri
658 1948 768 1981 posset.

357 1991 436 2023 Ibid.
463 1995 577 2024 animi:
614 1994 712 2034 Lege,
747 1996 875 2030 animoe,·
907 1999 943 2024 ut
972 2003 1033 2024 ver.

312 2044 385 2073 558.

810 2097 858 2126 Bt:
866 2107 887 2126 x
893 2107 914 2126 'r
920 2107 937 2126 1.
944 2107 961 2127 ε
967 2107 1001 2128 1u
1010 2107 1035 2127 s.

315 2152 376 2182 Sed
391 2153 486 2189 enirn,
512 2164 611 2194 quum
634 2154 725 2194 po'elta
747 2154 835 2186 nobis
849 2155 962 2186 diserte
977 2166 1033 2186 no·

314 2209 382 2233 tum
400 2204 514 2241 fecerit,
537 2205 576 2236 ad
598 2205 641 2236 iii.
657 2209 854 2238 422—426.
877 2217 910 2237 se
923 2206 1034 2237 utrali-

312 2255 365 2284 bet
378 2254 514 2286 dictione
525 2256 623 2287 solere
635 2256 675 2287 ad
685 2257 810 2287 libitum
825 2257 1036 2288 indifferenter

313 2305 371 2341 uti,
384 2315 447 2336 non
459 2307 560 2337 ausim
571 2308 637 2338 vito
648 2318 773 2339 summo
786 2319 906 2339 morem
920 2319 1034 2350 gerere.

313 2356 514 2398 —Denique,
523 2358 621 2389 codex
634 2365 678 2390 Π.
690 2359 859 2398 interponit
873 2361 1035 2401 conjuncta

313 2415 381 2447 post
395 2416 454 2444 cst,·
481 2410 566 2441 unde
590 2411 675 2442 haud
698 2411 801 2451 inepte
824 2413 1037 2452 proposuerim

314 2460 518 2491 constitutum
532 2461 593 2492 hoc
606 2462 702 2492 modo
716 2472 854 2492 versum:

360 2529 420 2552 Cum
431 2529 517 2560 terris,
528 2533 556 2556 et
567 2530 641 2555 nobis
651 2534 691 2556 est
703 2531 835 2563 conjuncta
846 2531 928 2556 animi
937 2531 986 2555 vis.

317 2594 377 2624 Sed
394 2595 519 2636 vulgata
533 2597 627 2638 longe
643 2602 842 2637 anteponam.

358 2646 432 2676 Ver.
449 2650 523 2678 565.
549 2647 590 2678 In
604 2648 687 2678 viam
701 2648 781 2679 redit
794 2649 894 2688 po'eta,
911 2648 949 2678 de
964 2647 1036 2688 quai,

315 2694 348 2723 in
382 2697 614 2735 probationibus
649 2700 827 2740 argumenti
855 2698 1036 2740 allegandis,

315 2745 393 2776 dum
410 2755 560 2788 pergeret,
570 2756 749 2789 occupatus,
766 2749 922 2790 digressus
939 2755 984 2780 est
997 2749 1037 2780 ad

316 2804 376 2825 ver.
393 2799 620 2839 557.—Porro,
633 2802 684 2832 De
694 2801 760 2832 vice
773 2803 840 2833 Nec
852 2801 885 2831 in
902 2807 937 2832 Δ.
952 2811 1037 2832 com-

316 2853 412 2886 paret.

362 2897 441 2929 Ibid.
459 2899 527 2930 IVec
537 2902 607 2932 solis
622 2903 720 2942 major
730 2909 806 2934 rota.
840 2902 1039 2940 Plutarchus,

1077 820 1155 860 plac.
1170 820 1246 860 phil.
1260 820 1291 850 ii.
1307 823 1358 851 21.

1080 873 1160 914 (mou
1176 886 1222 904 τον
1237 872 1328 912 ἥλιον)
1345 879 1511 916 enham-ov,
1537 873 1634 906 ἥλικας
1659 879 1797 911 Panemo,

1076 937 1093 957 η
1107 937 1196 964 μικρῳ
1213 929 1370 961 MEIZON,
1387 937 1403 956 n
1420 928 1602 953 EAATTON.
1641 923 1692 953 Ita
1712 923 1800 953 locus

1075 975 1253 1005 scribendus
1264 980 1317 1005 est.
1360 974 1504 1005 Eandem
1520 974 1705 1005 sententiam
1717 975 1798 1005 Dio-

1076 1034 1171 1064 genes
1185 1025 1337 1062 La'ettius,
1352 1024 1395 1054 ix.
1414 1028 1441 1054 7.
1465 1023 1609 1054 adscribit
1625 1024 1801 1062 Heraclito3

1077 1081 1108 1105 et
1121 1075 1170 1105 his
1184 1076 1217 1105 in
1232 1075 1331 1105 verbis
1346 1075 1493 1113 Epicuro,
1517 1075 1556 1105 ad
1570 1085 1598 1105 1.
1617 1079 1665 1106 91.
1711 1081 1748 1106 To
1769 1075 1799 1108 δε

1075 1130 1191 1167 μεγεθσς
1208 1129 1276 1159 ἥλιε
1291 1139 1333 1162 τε,
1349 1140 1399 1157 και
1417 1139 1471 1157 των
1486 1133 1592 1157 >mmm
1607 1139 1725 1168 αστρων,
1741 1140 1800 1158 κω-

1403 825 1541 861 Επικερος
1559 826 1649 851 walin
1663 826 1798 859 φησιν,-

1077 1192 1117 1209 <m
1131 1192 1182 1217 μεν
1198 1192 1239 1209 τοι
1255 1191 1320 1219 προς
1336 1179 1424 1217 ἧμας,
1437 1185 1594 1211 ‹rmus-svor
1605 1191 1690 1216 εστιν,
1703 1180 1801 1212 »iham

1077 1231 1166 1261 ὄπυιεν
1181 1238 1319 1270 parvae-ou.
1354 1230 1447 1267 Quae,
1460 1235 1496 1259 ut
1510 1228 1570 1259 alia
1585 1230 1700 1264 omnia,
1714 1230 1800 1261 Mei-

1076 1282 1200 1312 bomius
1229 1282 1395 1320 depravata
1425 1281 1600 1320 publicavit.
1647 1281 1799 1313 Confer-as

1075 1333 1177 1370 etiam,
1215 1334 1240 1363 si
1269 1340 1356 1363 vacet
1389 1332 1567 1373 iubeatque,
1606 1333 1799 1371 Ciceronem,

1078 1395 1173 1424 quem
1186 1385 1362 1415 Lambinus
1376 1384 1525 1422 admovit,
1539 1385 1572 1414 in
1589 1384 1688 1415 Acad.
1702 1385 1733 1415 ii.
1747 1389 1798 1416 26.

1076 1434 1115 1465 de
1130 1435 1206 1465 finn.
1223 1436 1244 1465 i.
1260 1440 1290 1466 6.
1337 1436 1473 1473 Interea,
1494 1442 1529 1466 ut
1543 1436 1643 1466 laetior
1657 1435 1800 1467 materies

1077 1486 1237 1524 exhilaret,
1273 1488 1368 1525 probe
1403 1487 1607 1518 constitutum
1643 1487 1800 1527 proferam

1077 1537 1157 1577 epig.
1174 1541 1202 1568 6.
1218 1537 1269 1567 lib.
1285 1548 1312 1568 v.
1335 1538 1465 1568 Anthol.
1481 1538 1549 1569 Lat.
1568 1538 1757 1569 Burmanni:

1110 1633 1172 1656 Nox
1183 1632 1250 1661 abit,
1261 1631 1382 1657 astrifero
1393 1631 1527 1657 velamine
1535 1632 1634 1663 cincta,
1643 1632 1761 1658 micantis

1139 1673 1171 1695 Et
1184 1671 1280 1703 redigit
1291 1671 1394 1701 stellas5
1411 1672 1587 1703 exoriturque
1597 1672 1661 1697 dies.

1108 1710 1212 1735 Emicat
1221 1717 1320 1735 oceano
1333 1710 1417 1735 Phoebi
1428 1714 1482 1735 rota
1493 1711 1563 1736 clara
1572 1711 1679 1737 relicto:

1138 1749 1282 1774 Inlustrata
1293 1749 1382 1775 nitent
1392 1750 1494 1776 lumine
1504 1754 1603 1776 cuncta
1613 1757 1672 1776 suo.

1077 1831 1197 1873 Vulgo,
1214 1835 1345 1864 micanti
1349 1849 1362 1870 ‚·
1384 1832 1467 1873 quod
1482 1833 1601 1864 redibat
1614 1833 1654 1863 ad
1671 1847 1704 1864 το
1717 1836 1798 1865 vela-

1077 1885 1166 1914 mine.
1197 1883 1322 1914 Verum
1336 1883 1434 1921 enim,
1444 1894 1542 1923 quum
1559 1884 1597 1914 de
1611 1890 1686 1916 veste
1700 1895 1802 1916 sermo

1077 1934 1236 1970 habeatur,
1258 1944 1322 1964 non
1339 1933 1458 1972 dubito,
1475 1934 1551 1974 quin
1567 1935 1658 1974 po'eta
1672 1935 1716 1966 sic
1737 1935 1801 1966 ele-

1078 1984 1205 2024 gantius
1219 1985 1384 2025 scripserit,
1398 1994 1434 2014 ac
1449 1985 1573 2023 rectius,
1581 1985 1719 2025 primurn
1733 1996 1801 2017 ver-

1077 2045 1161 2065 sum:

1156 2112 1218 2135 Nox
1229 2110 1295 2140 abit,
1305 2111 1423 2142 astrigero
1435 2110 1568 2136 velamine
1577 2111 1708 2139 cincta—.

1080 2179 1143 2209 Hae
1173 2178 1324 2209 dictiones
1351 2178 1483 2209 librariis
1507 2179 1659 2209 confundi
1688 2178 1801 2217 solent,

1080 2230 1164 2272 (vide
1177 2241 1263 2268 mox,
1277 2230 1316 2260 ad
1331 2241 1391 2261 ver.
1406 2231 1494 2270 699.)
1513 2237 1542 2261 et
1552 2230 1661 2261 multae
1675 2230 1806 2268 similes;

1078 2287 1125 2319 ut,
1136 2282 1269 2322 exempli
1282 2282 1393 2322 gratia,
1406 2282 1445 2313 ad
1465 2281 1632 2320 Claudian,
1647 2282 1717 2312 bell.
1729 2282 1801 2313 Get.

1079 2336 1150 2364 245.
1197 2333 1247 2363 Ita
1272 2333 1420 2363 differunt
1447 2333 1545 2363 ferme
1568 2341 1651 2375 φορειν
1665 2339 1697 2364 et
1711 2341 1802 2376 φερειν.

1082 2384 1252 2421 Ausonius,
1268 2384 1353 2424 idyll.
1368 2385 1406 2414 vi.
1422 2388 1472 2414 42.

1097 2469 1167 2493 Cum
1179 2468 1249 2498 face,
1260 2472 1287 2494 et
1297 2469 1416 2501 astrigero
1427 2468 1579 2498 diademate,
1590 2470 1668 2494 Luna
1676 2467 1799 2494 bicornis.

1128 2542 1209 2572 Ibid.
1232 2545 1345 2573 nimio:
1381 2542 1400 2572 i.
1431 2553 1457 2573 e.
1487 2544 1600 2579 mullo;
1633 2548 1669 2572 ut
1697 2547 1801 2572 noster

1082 2594 1166 2631 alibi,
1177 2601 1207 2624 ct
1221 2594 1289 2631 alii3
1306 2595 1387 2624 inter
1396 2604 1475 2635 quos
1488 2594 1642 2633 Apuleius
1656 2594 1801 2633 frequen-

1080 2645 1211 2676 tissime:
1238 2645 1307 2675 vide
1335 2644 1537 2683 Oudendorp.
1560 2644 1599 2674 ad
1622 2650 1694 2674 met.
1720 2654 1747 2673 v.
1772 2654 1801 2683 p.

1078 2699 1151 2726 562.
1186 2696 1346 2727 Arnobius
1360 2697 1421 2727 huc
1436 2695 1577 2735 respexit,
1595 2695 1646 2726 lib.
1664 2695 1696 2725 ii.
1711 2705 1740 2733 p.
1752 2698 1802 2726 86.

1080 2751 1146 2771 —“
1163 2750 1236 2779 orbe
1251 2748 1291 2778 sit
1304 2748 1351 2779 sol
1365 2747 1508 2786 amplior,
1534 2757 1575 2777 an
1600 2745 1687 2786 pedis
1708 2746 1803 2776 unius

1083 2802 1104 2817 “
1122 2799 1286 2830 latitudine
1301 2797 1466 2830 metiatur?
1486 2797 1602 2828 Alieno
1616 2807 1655 2827 ex
1669 2796 1802 2835 lumine,

1085 2854 1106 2869 ‘⁶
1122 2862 1162 2880 an
1177 2852 1310 2891 propriis
1323 2851 1426 2881 luceat
1440 2849 1614 2890 fulgoribus
1628 2848 1724 2880 luna?
1729 2849 1747 2860 ”

1128 2903 1200 2933 Ver.
1217 2907 1288 2934 568.
1312 2903 1463 2934 Allicere:
1486 2901 1507 2933 i.
1521 2911 1547 2933 e.
1565 2904 1588 2921 “
1603 2902 1645 2933 ad
1661 2899 1805 2943 quemvis
