1926 3224
551 217 784 265 LIBER
831 216 1195 274 QUINTUS.

1579 227 1608 263 ἱ-ἱὶ

330 348 523 390 Herculis
543 349 735 391 antistare
756 357 892 391 autem
912 349 944 390 si
963 349 1069 391 facta
1087 348 1264 405 putabis,

272 422 457 480 Longius
477 439 502 464 a
520 423 614 464 vera
635 423 763 465 multo
783 424 941 465 ratione
960 423 1100 465 ferere.

273 496 388 546 Quid
412 497 627 538 Nemeaeus
648 498 758 537 enim
777 497 896 538 nobis
915 511 1025 537 nunc
1046 511 1219 552 magnus
1238 495 1372 536 hiatus

190 575 242 611 25
274 571 346 612 Ille
366 570 492 612 leonis
511 569 683 618 obesset,
706 577 746 609 et
764 568 936 608 horrens
958 568 1161 609 Arcadius
1182 568 1270 609 sus?

270 643 478 697 Denique,
500 641 600 697 quid
623 641 758 682 Cretae
778 649 933 691 tauruS,
957 640 1213 696 Lernaeaque
1232 642 1369 695 pestis,

272 714 439 771 Hydra,
460 715 668 756 venenatis
688 723 824 770 posset
842 714 988 756 vallata
1007 713 1207 756 colubris?

167 870 249 902 Ibid.
265 871 427 902 Nemea-us
441 872 545 902 hiatus
558 873 661 902 leonis.
698 871 848 902 Formula

127 927 172 952 ast
184 921 335 952 sermonis
349 921 493 952 adamata
503 922 658 958 Lucretio,
675 932 731 962 pro
744 924 848 954 hiatus

128 975 266 1004 Nemeoei
289 974 399 1004 leonis:
425 972 532 1003 redeas
548 972 587 1003 ad
603 983 650 1011 ea,
675 983 745 1014 quae
767 973 846 1004 dixi-

125 1035 195 1056 mus
215 1025 249 1055 in
271 1025 291 1056 i.
310 1028 381 1056 120.
399 1027 470 1057 475.
493 1031 524 1055 et
545 1024 620 1055 alibi
641 1025 761 1064 saepius.
805 1025 849 1055 Et

124 1078 226 1108 ln'atus
240 1078 334 1108 leonis
349 1077 474 1107 schema
488 1082 534 1107 est
543 1076 701 1116 poeticum
710 1077 742 1107 in
754 1076 848 1117 longe

123 1127 364 1167 speciosissimis,
379 1128 445 1159 vice
461 1141 498 1159 τε
519 1131 541 1147 “
556 1129 606 1159 leo
620 1129 734 1168 patulis
748 1129 845 1159 fauci-

125 1181 147 1196 “
163 1179 221 1209 bus
246 1179 446 1215 instructus,”
477 1179 525 1209 vel
545 1181 636 1211 hians
658 1182 712 1211 leo.
757 1180 847 1210 Nihil

124 1229 276 1260 succurrit
300 1229 437 1271 digniuS,
461 1231 546 1271 quod
572 1241 646 1262 cum
668 1233 728 1262 hoc
749 1232 846 1271 speci-

123 1281 209 1310 mine
223 1288 428 1320 comparetur,
450 1292 546 1322 quam
560 1282 732 1322 gemellum
746 1289 846 1314 tenta-

123 1340 198 1361 men
211 1330 425 1362 felicissimum
439 1332 474 1361 in
490 1332 643 1362 Stratonis
659 1333 739 1374 epig.
753 1337 804 1364 52.

160 1425 294 1451 ΘΡΙΠΟΣ
307 1434 355 1456 εγω
375 1435 422 1451 zou
437 1426 559 1452 ΣΥΡΜΔ
573 1428 790 1454 ΤΕΡΗΔΟΝΟΣ
805 1427 847 1453 ειθε

238 1479 360 1505 remum·

123 1555 142 1585 i.
159 1565 184 1585 e.
207 1557 274 1597 έμψ
290 1569 341 1586 και
357 1555 472 1598 τερηδων
497 1569 645 1598 συρομενος,
671 1557 720 1588 vel
747 1559 847 1599 {patna-

124 1622 214 1643 ιτικος·
237 1609 283 1639 uti
308 1611 403 1648 probe
419 1611 598 1641 Brunckius
623 1612 767 1642 animum
793 1613 847 1644 ad-

123 1659 220 1690 vertit.
265 1660 334 1690 Nec
363 1671 491 1699 operam
528 1672 593 1691 non
629 1663 847 1702 tempestivam

123 1710 272 1741 Nonnius
296 1711 421 1741 navabit
446 1711 544 1748 nobis,
569 1712 603 1742 in
620 1712 752 1753 Dionys.
767 1713 800 1744 ii.
818 1725 847 1753 p,

124 1763 174 1790 78.

144 1847 186 1875 Πη
205 1851 317 1880 κεφαλαια
337 1853 487 1881 σκυλακωῃ·
511 1859 544 1878 τη
566 1850 757 1877 ΧΔΣΜΑΤΔ
780 1861 850 1878 zum

240 1895 471 1927 ΔΡΑΚΟΝΤΩΝ,

144 1943 195 1966 Kou
208 1951 299 1976 χρονιοι
312 1952 426 1976 μυκκμα
438 1944 626 1979 βαρυφθογγων
642 1954 681 1972 σεο
695 1950 807 1981 amaon,-

142 1989 185 2014 11⁸
199 1988 225 2014 δε
237 1989 392 2024 &paon-an:
405 1989 561 2024 δολιχοσκιος
574 1994 705 2020 ΕΙΡΜΟΣ
719 1993 815 2029 zeelem,-

124 2078 175 2109 Sic
190 2080 420 2111 rescribendum
435 2081 469 2111 in
483 2088 640 2121 postremo
654 2094 755 2115 versu:
777 2085 846 2116 vul-

122 2139 173 2169 g0,
198 2145 247 2165 ως·
271 2131 325 2162 sed
339 2132 512 2171 appellatur
525 2133 610 2164 idem
630 2135 696 2173 pari
717 2136 846 2167 nomine

123 2183 258 2214 ὈΛΚΟΣ
276 2185 370 2225 εθειρης
385 2185 443 2214 Sub
457 2184 553 2215 finem
568 2185 639 2216 libri
654 2187 744 2218 tertii.
777 2188 845 2218 En-

123 2233 196 2263 nius
217 2240 324 2265 auvem
344 2235 434 2266 nobis
452 2246 518 2266 non
543 2243 588 2268 est
602 2239 846 2278 praetereundus,

123 2282 234 2323 fragm.
250 2285 353 2316 annal.
369 2287 391 2316 i.

218 2364 270 2389 Olli
279 2367 421 2398 respondet
431 2368 518 2393 suavis
527 2376 602 2394 sonus
613 2371 728 2402 Egeriai':

123 2445 193 2475 quae
223 2435 310 2467 valde
338 2438 462 2479 elegans
494 2440 659 2482 ingenium
686 2443 846 2482 resipiunt.

123 2486 168 2516 Et
196 2486 298 2517 multo
326 2488 441 2526 minus,
477 2491 661 2523 Lucretium
697 2494 846 2535 imitatus,

123 2537 291 2576 IVIanilius,
307 2539 347 2569 ad
360 2550 387 2570 v.
403 2544 476 2572 206.
499 2544 588 2583 cujus
605 2545 746 2576 versiculi
761 2557 846 2577 com-

123 2588 241 2628 paratio
255 2589 451 2621 Bentleianae
465 2594 625 2625 memoriae
639 2595 783 2627 debetur:

153 2669 225 2694 Cum
235 2671 337 2695 veroin
349 2675 439 2696 vastos
449 2673 534 2705 surgit
544 2677 673 2700 Nemeaeus
683 2676 807 2703 hiatus—.

125 2739 193 2770 Nec
215 2740 384 2772 nimietatis
407 2743 555 2783 postuler‚
583 2746 608 2776 si
631 2757 742 2785 morer,
769 2749 847 2780 dum

123 2792 247 2823 macula
261 2793 390 2832 pulchro
407 2795 507 2826 Alcaei
526 2797 678 2829 Messenii
692 2801 848 2839 poe'matio

124 2843 344 2884 abstergentur,
370 2846 454 2886 quod
478 2846 595 2889 legitur
619 2849 652 2880 in
676 2857 750 2883 tom.
772 2853 792 2885 i.
818 2863 846 2894 p.

124 2896 198 2926 488.
217 2895 371 2928 Brunckii
385 2898 513 2931 analect.

891 876 938 908 Tae
952 874 976 900 δε
990 879 1048 900 lam
1062 884 1148 903 ‘av-:2:65
1162 879 1282 910 πελωριος·
1301 875 1333 903 ὡς
1347 885 1382 902 em
1396 875 1476 906 θοιῐῆν,

929 923 1066 948 ΧΑΣΜΔ
1080 929 1149 956 cepam
1162 924 1330 949 XAPOIION
1344 928 1456 950 πειναλεκ
1469 931 1584 959 φαρινγοῖ.

892 1004 1010 1045 Vulgo,
1036 1013 1182 1045 χαλετον.
1229 1006 1345 1037 Confer
1371 1007 1471 1037 Hom.
1498 1006 1557 1037 Od.
1576 1013 1610 1038 A.

892 1059 964 1086 610.
987 1062 1018 1086 et
1033 1055 1229 1096 Hesychium
1245 1057 1279 1087 in
1301 1067 1383 1093 voce,
1407 1067 1502 1097 quam
1523 1067 1614 1097 repo-

891 1107 1019 1139 suimus.

933 1168 1007 1198 Ver.
1024 1171 1073 1199 25.
1095 1169 1222 1199 obesset:
1245 1167 1342 1198 Viud.
1359 1167 1398 1197 V.
1415 1166 1461 1197 ed.
1481 1172 1514 1200 Σ.
1530 1169 1612 1198 abes-

890 1226 947 1256 set;
973 1226 1013 1250 11.
1029 1221 1120 1250 abest.

934 1283 1014 1313 Ibid.
1038 1285 1160 1314 horrens
1189 1294 1247 1314 sus.
1292 1281 1458 1322 Virgilius,
1491 1282 1566 1312 AEn.
1595 1281 1616 1311 i.

891 1338 961 1366 654.

1143 1416 1306 1442 magnorum
1317 1408 1443 1434 horrentia
1454 1412 1566 1433 centum

919 1449 1010 1479 Terga
1019 1456 1164 1474 suum——.

933 1517 1006 1548 Ver.
1022 1522 1072 1550 26.
1096 1521 1229 1550 Lernoea
1243 1521 1344 1559 pestis.
1369 1518 1512 1558 Ovidius,
1525 1519 1612 1560 epist.

891 1569 931 1599 ix.
952 1572 1002 1600 61.

922 1651 1035 1682 Nempe,
1046 1652 1093 1676 sub
1104 1652 1144 1676 his
1153 1651 1272 1676 animam
1282 1651 1357 1684 pestis
1367 1653 1482 1676 Nemeaea
1494 1652 1599 1678 lacertis

922 1690 1081 1715 Edidit—.

935 1773 1015 1803 Ibid.
1038 1775 1171 1805 Lernaea
1189 1776 1283 1814 pestis
1300 1776 1413 1814 Hydra
1438 1777 1550 1806 vallata
1567 1788 1616 1807 co-

891 1826 995 1856 lubris.
1041 1826 1095 1856 Ad
1110 1827 1176 1856 haec
1196 1837 1228 1856 se
1246 1826 1362 1856 Seneca
1377 1827 1558 1865 composuit,
1583 1828 1615 1857 in

894 1876 990 1906 Herc.
1009 1877 1074 1906 OEt.
1095 1880 1185 1908 1192.
1208 1877 1261 1907 sed
1283 1877 1439 1917 eleganter
1461 1887 1497 1908 ac
1518 1878 1616 1917 perite

891 1928 1036 1958 variavit:

921 2009 1034 2033 Utinam
1046 2016 1108 2034 meo
1120 2016 1214 2035 cruore
1226 2010 1343 2035 satiasset
1354 2017 1414 2035 suos

917 2051 1033 2074 Nemeen
1045 2050 1127 2074 rictus
1137 2050 1216 2081 pestis
1227 2051 1232 2074 !
1253 2054 1312 2080 aut,
1326 2054 1437 2075 centum
1448 2051 1573 2083 anguibus

918 2088 1042 2119 Vallatus,
1059 2088 1172 2121 Hydram
1184 2090 1245 2114 tabe
1256 2090 1386 2121 pavissem
1398 2089 1474 2115 mea!

889 2169 1098 2210 Virgilianam
1114 2176 1301 2201 structuram
1320 2176 1451 2206 secutus
1468 2171 1542 2202 AEn.
1555 2171 1617 2203 viii.

889 2225 961 2252 500.
987 2223 1156 2261 Caeterum,
1174 2222 1287 2253 Florus
1301 2223 1396 2253 etiam
1410 2223 1495 2253 hunc
1510 2222 1617 2254 locum

889 2272 1029 2303 imitatus
1039 2279 1092 2309 est,
1103 2276 1238 2304 tumidus
1251 2274 1383 2304 Dukero
1392 2279 1526 2310 vocatus,
1541 2273 1580 2304 ad
1591 2274 1614 2305 i.

893 2327 920 2354 1.
940 2327 990 2354 14.
1016 2328 1038 2343 ‘⁶
1053 2325 1120 2354 Hic
1145 2331 1177 2355 et
1199 2325 1320 2361 urbem,
1354 2324 1487 2354 Herculi
1511 2325 1618 2355 condi-

893 2377 916 2393 “
932 2381 1007 2411 tam,
1037 2376 1179 2415 Capsam,
1204 2375 1238 2405 in
1256 2374 1360 2405 media
1383 2375 1492 2405 Africa
1513 2376 1617 2414 sitam,

891 2429 914 2445 “
929 2428 1082 2467 anguibus
1097 2426 1260 2467 arenisque
1275 2428 1430 2461 vallatam,
1446 2425 1527 2456 mira
1540 2436 1616 2466 qua-

891 2479 913 2496 “
930 2477 1004 2508 dam
1019 2477 1166 2508 felicitate
1188 2476 1381 2517 superavit:“
1405 2476 1490 2507 haud
1504 2477 1616 2508 imme-

891 2539 962 2560 mor
975 2529 1096 2560 interea
1111 2530 1209 2560 nostri
1223 2529 1376 2568 superius,
1392 2528 1432 2559 ad
1445 2529 1478 2559 ii.
1494 2532 1565 2560 558.

932 2589 1007 2619 Ver.
1031 2592 1081 2619 28.
1105 2591 1284 2629 tripectora:
1320 2594 1362 2618 Π.
1393 2589 1617 2628 aspectoris.—

889 2642 934 2672 υἷε
965 2639 1135 2681 Geryona'i:
1169 2640 1205 2670 P.
1233 2650 1348 2679 quoque
1379 2640 1527 2680 Geryonae
1552 2642 1596 2671 vis
1602 2655 1613 2677 ‚-

891 2692 987 2724 vind.
1006 2693 1044 2724 V.
1060 2693 1107 2723 ed.
1126 2694 1165 2724 Ο.
1190 2695 1234 2724 vis
1255 2694 1392 2734 Ger-yona
1402 2708 1413 2730 ;
1437 2698 1471 2725 Σ.
1494 2696 1539 2724 vis
1559 2695 1618 2726 Ge-

890 2747 1012 2786 ryonis;
1039 2751 1084 2776 n..
1100 2747 1143 2776 vis
1163 2746 1340 2785 Geryonaea.
1364 2751 1400 2776 Δ.
1415 2751 1529 2782 autem,
1556 2752 1618 2777 ter-

889 2798 1061 2836 geminusve
1082 2798 1232 2836 Geryona.

935 2855 1016 2886 Ibid.
1047 2857 1210 2895 tripectora
1240 2857 1293 2887 vis.
1338 2855 1453 2886 Noluit
1485 2855 1617 2886 eandem

891 2916 1014 2946 prorsus
1033 2906 1201 2939 dictionem
1218 2907 1383 2949 Virgilius,
1406 2907 1460 2939 sed
1474 2917 1538 2938 non
1559 2907 1618 2937 mi.
