1926 3224
270 242 368 282 316

754 234 816 281 Τ.
861 230 1239 279 LUCRETII

415 365 564 407 Gutta'i
582 364 653 404 vix
672 363 800 402 instar
820 367 941 401 erunt
960 360 1082 402 unius
1100 359 1156 401 ad
1174 373 1371 416 augmen3

300 443 383 480 615
418 438 516 487 Quo
535 437 671 477 minus
691 442 751 475 est
770 434 936 485 mirum,
958 447 1072 474 mare
1091 447 1176 474 non
1197 447 1414 489 augescere
1434 446 1644 490 magnum.

471 511 693 559 Praeterea,
714 522 908 565 magnam
928 506 986 548 sol
1005 514 1165 562 partem
1182 505 1363 547 *detrahit
1382 514 1502 548 aestu:

415 585 586 639 Quippe
604 582 788 624 videmus
810 582 921 623 enim
941 581 1100 631 vesteis,
1121 580 1297 621 humore
1317 580 1557 630 madenteis,

419 658 639 699 Exsiccare
658 656 739 698 suis
759 656 883 697 radiis
903 655 1138 697 ardentibus
1159 655 1295 695 solem.

419 732 480 773 At
498 731 640 787 pelage
659 730 802 780 multa,
825 737 865 770 et
884 729 964 769 late
983 728 1200 778 substrata,
1221 727 1416 768 videmus.

303 810 390 848 620
423 804 620 854 Proinde,
642 803 736 844 licet
755 815 881 857 quam
899 801 960 842 vis
980 815 1033 842 ex
1052 815 1137 842 uno
1159 816 1321 857 quoque
1340 801 1431 842 loco
1451 800 1509 842 sol

421 877 625 920 Humoris
645 890 814 932 parvam
828 865 985 917 'delibet
1004 875 1055 917 ab
1074 891 1242 932 aequore
1260 883 1436 931 partem,

305 1044 448 1077 Principio,
458 1050 533 1070 mare
543 1044 677 1070 mirantur
688 1050 742 1069 non
755 1044 866 1070 reddere
875 1044 971 1076 majus,

307 1085 412 1110 Naeuni
424 1092 478 1115 quo
489 1085 522 1109 sit
533 1088 624 1109 tantus
636 1085 761 1110 decursus
771 1091 914 1116 aquarum,

307 1124 407 1150 Omnia
416 1131 470 1156 quo
480 1124 590 1150 veniant
602 1132 639 1150 ex
650 1124 726 1149 omni
737 1124 847 1149 flumina
858 1128 944 1156 parte.

280 1205 370 1236 Ordo
383 1211 442 1236 est:
458 1208 485 1225 ‘⁴
498 1205 667 1245 Principio,
682 1207 826 1236 homines
839 1206 1005 1241 mirantur,

278 1259 303 1275 ‘⁸
318 1255 450 1287 flumina
464 1267 528 1287 non
551 1256 678 1287 reddere
701 1256 803 1295 majus
825 1265 918 1288 mare,
942 1263 1005 1294 quo

277 1313 303 1329 “
319 1310 445 1340 veniant
459 1310 566 1341 omnia
580 1320 618 1340 ex
633 1310 719 1339 omni
736 1315 833 1348 parte,
855 1317 918 1351 quo
934 1313 1001 1337 tan-

278 1364 303 1380 “
318 1367 369 1391 tus
383 1360 531 1392 decursus
551 1359 735 1389 naturaliter
757 1359 796 1388 sit
817 1357 1002 1399 aquarum.'‘

277 1412 415 1447 Interea,
445 1411 545 1442 nolim
573 1417 603 1440 te
626 1410 761 1449 nescire,
791 1409 853 1451 qua
886 1409 1007 1440 ratione

277 1464 454 1495 Lambinus
468 1464 553 1493 hunc
567 1472 693 1492 versum
706 1464 888 1499 restituerit,
907 1462 932 1491 si
947 1461 1008 1492 diis

278 1515 392 1555 placet,
415 1520 523 1545 contra
544 1514 638 1544 libros
653 1520 770 1544 veteres
792 1514 953 1544 universos
974 1513 1008 1543 in

277 1567 411 1604 receptis
426 1565 662 1599 consentientes
679 1564 739 1594 nisi
753 1565 837 1605 quod
852 1565 1005 1603 dubitem,

277 1627 320 1647 an
335 1616 480 1646 librarIus
494 1615 624 1655 scriptor
637 1614 708 1645 cod.
727 1621 771 1646 Ω.
795 1625 860 1646 non
876 1615 1009 1646 voluerit

269 1671 326 1712 fit,
342 1677 400 1708 pro
412 1670 452 1699 sit
460 1681 471 1698 .-

313 1745 456 1773 Naturam,
467 1749 521 1774 quo
532 1743 695 1774 tantusfuat
706 1742 831 1768 decursus
841 1749 983 1774 aquarum.

278 1806 326 1838 Et
344 1816 450 1837 nonne
471 1806 584 1836 merito
606 1805 678 1835 licet
700 1807 915 1844 obstupescere
938 1805 1008 1835 Ha-

279 1866 456 1896 vercampo,
480 1867 521 1886 ne
535 1866 638 1886 morer
653 1855 739 1892 alios,
762 1856 811 1886 his
825 1855 1006 1896 inquinatis-

278 1911 369 1942 simis
398 1910 688 1950 interpolationibus
721 1910 941 1951 acquieseenti,
977 1916 1010 1941 et

280 1962 434 2003 patienter
445 1962 632 2003 spropaganti
643 1961 655 1993 ?

325 2013 401 2043 Ver.
417 2016 489 2044 610.
509 2013 570 2043 .Sic
580 2013 694 2044 leviter
707 2013 927 2054 castigandum
942 2023 1008 2044 ver-

281 2073 353 2095 sum
369 2069 460 2103 puto:

313 2136 412 2161 Omnia
423 2143 497 2168 quom
508 2136 620 2161 veniant
630 2143 667 2161 ex
678 2137 754 2162 omni
765 2137 877 2162 flumina
887 2140 972 2169 parte.

284 2202 371 2235 Nam
388 2201 540 2232 aberratio
554 2200 650 2232 fuerit
670 2201 844 2233 admodum
853 2202 1011 2242 proclivis.

282 2259 315 2283 et
329 2257 492 2282 structurae
513 2252 607 2282 series
629 2252 701 2283 hinc
726 2252 761 2283 fit
781 2253 1013 2294 aliquantulum

282 2304 409 2335 evoluta
431 2304 541 2345 magis,
564 2314 600 2334 ac
625 2304 779 2335 dilucida:
804 2309 826 2323 “
851 2305 1012 2336 Mirantur

284 2359 308 2374 ‘⁶
323 2354 467 2393 flumina,
503 2365 600 2395 quom
626 2355 760 2389 veniant.
793 2366 858 2386 non
884 2356 1011 2387 reddere

285 2409 309 2425 “
325 2406 428 2446 majus
442 2415 539 2442 mare,
555 2416 619 2447 quo
629 2412 734 2436 tantus
743 2406 890 2438 decursus
898 2407 1011 2438 sit—.”

284 2457 412 2494 Quibus
427 2458 535 2498 utique
551 2458 630 2488 nihil
653 2457 826 2498 elegantius
841 2465 872 2489 et
887 2459 1011 2499 expedi-

285 2508 350 2538 tius
375 2508 536 2539 desideres.
577 2509 665 2539 Hinc
691 2510 795 2545 etiam,
816 2511 1014 2541 enarratione

285 2569 404 2590 caussae
420 2559 618 2600 interposita,
642 2560 855 2600 superfluitate
878 2561 1013 2603 quadam

285 2612 450 2642 verborum
467 2610 588 2642 videtur
603 2611 763 2642 exonerari
779 2612 874 2642 locus.
914 2613 1013 2644 Caete-

286 2671 371 2699 rum,
392 2662 594 2694 nitidissimos
608 2669 640 2694 et
661 2664 904 2703 appositissimos
921 2664 1016 2696 Clau-

287 2711 374 2742 diani
387 2723 502 2749 versus,
526 2714 560 2744 in
577 2714 684 2745 Rufin.
699 2715 719 2745 i.
739 2718 807 2746 185.
825 2715 933 2746 lectori
946 2715 1014 2747 lau-

288 2768 322 2792 to
336 2772 399 2792 non
415 2763 637 2796 invidebimus:

485 2848 639 2876 innumeros
650 2858 743 2877 amnes
753 2853 881 2879 accedere
892 2854 990 2879 Nereus

318 2886 428 2918 >lencm
449 2891 493 2951 1et,
521 2890 669 2918 undantem
688 2893 812 2924 quamvis
832 2893 895 2920 hinc
912 2893 1016 2919 hauriat

462 2930 559 2959 strum,

1118 949 1134 969 ἱ

1075 1043 1144 1068 Hinc
1156 1041 1228 1066 bibat
1241 1040 1368 1065 aestivum
1382 1041 1496 1069 septeno
1507 1037 1613 1069 gurgite
1625 1037 1725 1068 Nilum,

1075 1085 1123 1107 Par
1134 1087 1249 1112 semper,
1261 1078 1414 1109 similisque,
1425 1080 1590 1101 manet—.

1087 1156 1163 1185 Ver.
1178 1156 1250 1184 611.
1272 1163 1361 1192 vagos
1375 1152 1509 1189 imbreis,
1531 1158 1774 1192 tempestatesque

1046 1207 1210 1239 volanteis:
1236 1215 1306 1245 quae
1321 1204 1437 1234 scilicet
1451 1203 1580 1235 fortuito
1593 1204 1693 1245 quasi,
1715 1214 1775 1236 nec

1047 1258 1188 1298 opinato,
1205 1256 1305 1287 solent
1314 1255 1468 1296 ingruere,
1479 1265 1514 1285 ac
1526 1255 1667 1286 celeriter
1676 1262 1776 1286 trans-

1046 1316 1138 1347 eunt;
1165 1308 1272 1350 quales
1287 1318 1345 1338 nos
1358 1307 1459 1348 Angli
1474 1307 1646 1338 vocitamus
1656 1310 1777 1350 Flying

1046 1367 1182 1395 showers.
1416 1362 1423 1368 '

1093 1416 1168 1446 Ver.
1179 1418 1250 1446 612.
1268 1414 1308 1444 In
1320 1413 1416 1444 dubio
1427 1419 1473 1444 est
1481 1419 1648 1444 structura:
1667 1419 1776 1444 utrum

1050 1466 1144 1496 vellet
1158 1472 1272 1503 noster,
1295 1468 1319 1483 “
1338 1465 1419 1500 Quae
1434 1465 1541 1495 omnia
1564 1465 1693 1506 (imbres
1714 1464 1777 1495 uti-

1052 1520 1074 1535 “
1091 1527 1160 1557 que,
1187 1522 1219 1546 et
1233 1515 1445 1556 tempestates)
1466 1521 1617 1556 spargunt
1637 1514 1777 1546 maria:'’

1050 1578 1090 1599 an
1106 1578 1224 1606 rursus,
1248 1571 1271 1585 “
1293 1567 1375 1603 Quae
1399 1573 1552 1607 spargunt
1576 1565 1685 1596 omnia
1709 1576 1777 1596 ma-

1051 1623 1074 1638 “
1089 1619 1176 1650 ria:’'
1212 1628 1309 1660 quam
1340 1618 1420 1648 viam
1451 1628 1508 1648 nos
1536 1618 1684 1648 inivimus
1709 1623 1778 1657 post

1051 1670 1136 1701 alios.
1183 1670 1237 1700 Ad
1253 1669 1387 1708 priorem
1408 1679 1535 1700 sensum
1547 1669 1609 1700 hoc
1622 1668 1718 1700 modo
1728 1669 1777 1699 in-

1051 1721 1280 1762 terpunxissem
1292 1722 1397 1751 verba:

1083 1803 1181 1828 Omnia
1192 1808 1267 1834 quae‚
1277 1802 1372 1832 maria,
1382 1809 1413 1828 ac
1429 1805 1524 1833 terras,
1532 1805 1757 1835 sparguntque—-

1055 1878 1208 1910 Conferas
1223 1882 1332 1907 autem
1346 1876 1436 1917 Virg.
1457 1887 1525 1917 geo.
1544 1876 1563 1906 i.
1583 1879 1651 1908 167.

1097 1928 1180 1960 Ibid.
1197 1930 1301 1968 rigant
1317 1929 1434 1958 imbres.
1458 1927 1559 1963 Idem,
1576 1926 1648 1958 ibid.
1658 1927 1781 1959 iv.115.

1070 2035 1534 2045 —————-
1543 2023 1599 2054 ipse
1609 2022 1704 2048 feracis

1070 2065 1146 2097 Figat
1157 2064 1242 2089 humo
1253 2064 1367 2096 plantas,
1379 2066 1406 2087 et
1417 2062 1517 2087 amicos
1528 2061 1618 2094 inriget
1628 2061 1723 2086 imbris.

1099 2148 1172 2178 Ver.
1188 2151 1259 2179 614.
1287 2148 1412 2179 Gutta'i:
1438 2147 1480 2177 V.
1500 2146 1547 2177 ed.
1571 2151 1608 2178 Σ.
1637 2147 1781 2177 Gutta...-

1055 2210 1205 2238 augmen:
1232 2198 1272 2228 O.
1287 2209 1430 2238 unguem.

1102 2250 1182 2280 Ibid.
1207 2251 1248 2279 ad
1263 2260 1413 2289 augmen:
1438 2249 1457 2278 i.
1473 2258 1499 2278 e.
1526 2247 1567 2278 ad
1581 2253 1700 2278 tantam
1715 2257 1784 2278 ma-

1056 2301 1099 2332 ris
1114 2300 1360 2340 amplitudinem
1372 2298 1596 2340 adaugendam.

1099 2361 1175 2390 Ver.
1198 2363 1270 2391 616.
1295 2371 1437 2399 magnam
1461 2360 1520 2390 sol:
1556 2358 1593 2388 P.
1620 2357 1716 2388 Vind.
1739 2357 1781 2389 V.

1054 2411 1103 2442 ed.
1122 2416 1155 2443 Σ.
1172 2418 1217 2442 Ω.
1231 2412 1274 2442 sol
1288 2422 1430 2450 magnam
1439 2416 1498 2447 ;·et
1508 2419 1614 2440 vereor
1628 2408 1785 2450 equidem,

1056 2474 1097 2493 ne
1114 2469 1257 2503 receptus
1278 2462 1355 2493 ordo
1377 2463 1540 2492 verborum
1563 2462 1604 2492 sit
1625 2461 1785 2491 arbitraria

1057 2513 1213 2544 editorum
1234 2513 1405 2549 collocatio,
1429 2513 1548 2544 codices
1570 2512 1784 2552 spernentium

1057 2566 1191 2605 optimos
1203 2572 1237 2596 et
1251 2566 1491 2606 antiquissimos.
1720 2564 1721 2567 ’

1103 2618 1183 2648 Ibid.
1207 2618 1250 2648 sol
1268 2623 1389 2657 partem
1412 2618 1545 2647 detrahit
1567 2622 1652 2647 aeslu.
1689 2614 1785 2644 Hanc

1060 2681 1158 2699 mom
1174 2668 1322 2698 Lucanus
1337 2667 1559 2708 elegantissimi
1574 2664 1719 2696 carminis
1734 2674 1783 2695 or-

1060 2725 1137 2750 natu
1152 2719 1345 2757 convestivit,
1367 2719 1400 2749 in
1420 2719 1526 2750 Phars.
1542 2718 1582 2747 ix.
1598 2719 1669 2747 313.

1090 2804 1140 2829 Sed
1152 2804 1258 2836 rapidus
1269 2804 1365 2834 Titan,
1377 2806 1461 2835 ponto
1472 2809 1518 2827 sua
1528 2801 1630 2826 lumina
1640 2807 1758 2832 pascens,

1090 2847 1209 2877 AEquora
1219 2846 1349 2871 subduxit
1361 2851 1440 2870 zonae
1451 2844 1539 2869 vicina
1546 2846 1673 2876 perustae.

1062 2921 1210 2952 Demiror
1225 2920 1380 2952 inscitiam
1397 2920 1584 2956 Burmanni,
1603 2920 1728 2950 rabidus
1745 2931 1786 2958 τῳ
