1926 3224
584 205 817 255 LIBER
867 205 1178 256 SEXTUS.

1508 216 1604 258 319

261 337 462 388 Confluit;
494 338 591 379 inde
611 353 732 394 super
752 346 878 381 terras
899 338 1007 380 redit
1026 338 1191 395 agmine
1211 337 1336 389 dulci,

259 412 355 461 Qua
376 413 441 454 via
461 421 568 454 secta
587 413 710 454 semel
728 413 883 468 liquido
902 412 1007 468 pede
1026 412 1171 454 detulit
1190 412 1334 454 undas.

316 488 438 529 Nunc
459 489 563 529 ratio
583 502 676 544 quae
695 489 760 537 sit,
782 503 856 542 per
876 487 1010 528 fauces
1031 489 1182 528 montis
1203 497 1249 529 ut
1270 489 1419 530 AEtnae

144 565 226 602 640
259 561 482 616 Exspirent
501 562 616 618 ignes
635 561 843 602 interdum
863 561 1028 601 turbine
1047 570 1179 610 tanto,

256 635 502 690 Expediam:
532 649 666 689 neque
685 634 794 674 enim
815 634 1012 675 mediocri
1033 634 1148 675 clade
1170 644 1314 676 coorta

254 707 449 749 Flammae
470 714 702 762 tempestas,
728 706 911 748 Siculum
932 708 1144 749 dominata
1163 722 1238 763 per
1257 723 1393 765 agros,

254 780 471 822 Finitumis
492 779 545 821 ad
565 795 607 821 se
627 782 833 822 convortit
853 781 1045 838 gentibus
1066 796 1157 832 ora3

263 946 322 953 ——
330 936 435 958 aeteruos
445 933 581 958 efflantem
593 934 715 959 faucibus
727 935 803 967 ignis.

109 996 162 1027 Ad
185 997 419 1028 aemulationem
444 997 560 1028 scilicet
586 998 741 1029 Homerei
767 1009 834 1029 car-

106 1049 212 1087 minis,
235 1048 268 1079 ni
285 1048 385 1085 fallor,
410 1048 444 1079 in
468 1048 506 1079 11.
530 1055 562 1080 E.
579 1053 607 1080 4.
633 1050 672 1080 de
690 1051 837 1081 Maronis

108 1100 334 1131 consuetudine
344 1114 350 1131 ε

145 1177 210 1204 Aous
223 1177 245 1204 οἵ
255 1187 282 1204 εκ
295 1178 458 1204 ΚΟΡΥΘΟΣ
468 1187 494 1204 τε
508 1188 555 1204 και
568 1179 672 1208 oen-1305
687 1180 834 1206 AKAMA-

262 1227 336 1251 TON
348 1227 417 1251 ΠΥΡ
432 1237 439 1251 :

104 1301 124 1332 i.
141 1311 166 1332 e.
193 1300 395 1337 indefessum,
428 1300 568 1342 adeoque
594 1308 751 1333 (eternum.
795 1303 839 1333 Et

108 1353 310 1396 quantulum,
342 1352 445 1384 sodes!
485 1353 665 1393 discrepant
698 1355 841 1386 inlibris

108 1404 230 1444 scriptis
250 1404 359 1442 et'nos,
375 1404 439 1434 sive
453 1411 579 1441 eternos,
603 1411 698 1446 atque
718 1408 839 1438 etneos?

109 1457 171 1488 Sed
186 1457 272 1487 enim
283 1467 375 1496 super
389 1458 448 1487 hac
463 1457 658 1488 divinatione
675 1459 837 1498 ampliabi-

111 1518 183 1539 mus
214 1509 436 1548 opportuniore
466 1508 545 1540 loco.
587 1510 756 1546 Caeterum,
780 1510 841 1540 alia

106 1570 162 1600 per
177 1561 233 1590 hos
254 1561 393 1591 Lucretii
408 1570 513 1591 versus
535 1567 665 1602 vagatus
687 1561 839 1601 decerpsit

109 1612 318 1650 Blantuanus‚
354 1612 467 1652 quibus
500 1612 718 1644 admirabilem
748 1625 838 1644 suam

108 1662 350 1702 descriptionem
368 1670 543 1702 exornaret,
566 1665 599 1694 in
618 1665 693 1695 AEn.
715 1665 746 1696 ii.
763 1668 834 1696 572.

107 1713 246 1745 eundem
261 1719 402 1744 montem
417 1714 588 1746 celebrans:

122 1795 232 1820 Turbine
233 1795 385 1827 fumantem
397 1795 484 1828 piceo,
500 1800 527 1821 et
539 1797 818 1829 candentefavilld—:

123 1834 542 1868 ——flingentemque
552 1837 659 1869 insuper
670 1840 778 1862 AEtnam

121 1874 280 1906 Inpositam,
292 1875 514 1907 ruptisstammam
529 1876 660 1909 exspirare
670 1877 790 1902 caminis.

108 1956 131 1972 “
150 1955 302 1985 Candente
313 1953 448 1995 favillc‘i:
476 1955 495 1985 i.
512 1965 538 1986 e.
566 1956 740 1987 scintillis.”
766 1956 835 1986 Ser-

106 2004 183 2035 vius.

137 2056 209 2087 Ver.
223 2059 295 2087 640.
308 2058 473 2096 Exspirene
485 2059 579 2097 ignes.
591 2057 728 2089 Pulchra
736 2064 836 2089 trans-

105 2107 181 2139 latio
207 2113 253 2138 est
281 2109 320 2138 ab
346 2109 517 2147 animante,
552 2111 697 2149 spiritum
719 2121 774 2142 ore
800 2121 835 2142 ac

105 2159 233 2190 naribus
247 2158 379 2190 efflante.
403 2160 567 2201 Virgilius,
584 2162 658 2192 AEn.
676 2163 695 2192 i.
712 2166 762 2192 44.

123 2239 202 2266 Illum
213 2241 383 2273 exspirantem
394 2242 527 2267 transfixo
537 2246 634 2275 pectore
637 2243 802 2274 flammas—.

151 2321 225 2352 Ver.
252 2325 324 2352 641.
352 2323 500 2354 mediocri
522 2325 608 2354 clade
637 2331 746 2355 coorta.
783 2325 836 2355 De

108 2374 167 2403 bac
182 2372 413 2415 emendatione,
435 2384 506 2415 quae
521 2385 540 2404 a
554 2375 739 2414 corruptelis
753 2376 833 2415 opti-

108 2436 235 2456 morum
249 2426 477 2466 exemplarium
498 2428 639 2467 proxime
660 2430 747 2459 abest
767 2438 835 2459 om-

108 2477 199 2508 nium
215 2484 397 2517 conatuum,
413 2489 491 2520 quos
505 2479 670 2511 doctorum
685 2482 836 2522 sagacitas

109 2529 262 2566 exhibuit,
285 2529 503 2562 amandandus
523 2542 557 2562 es
570 2531 610 2562 ad
633 2532 762 2563 Heinsii
777 2543 834 2563 no-

107 2585 155 2611 tas
181 2581 216 2611 in
243 2581 335 2612 Ovid.
363 2588 436 2613 met.
460 2583 499 2614 iv.
522 2587 594 2615 556.
640 2584 708 2614 Nec
729 2584 836 2615 locum

107 2637 225 2668 tamen,
248 2632 320 2664 licet
334 2633 413 2664 nihil
427 2634 543 2665 melius
557 2635 668 2674 habeo,
688 2635 772 2676 quod
787 2636 834 2666 af-

104 2682 218 2722 feram,
241 2684 282 2714 ad
296 2685 479 2724 primaevam
496 2686 663 2725 puritatem
679 2687 836 2727 scripturae

107 2740 308 2773 persanatum
323 2743 408 2776 puto.
454 2738 693 2778 Havercampus
714 2739 832 2771 divina-

107 2785 229 2816 tionem
252 2787 345 2817 Fabri
370 2794 401 2818 et
428 2790 575 2828 probavit,
599 2795 630 2820 et
656 2790 783 2821 admisit
804 2791 837 2821 in

109 2842 302 2877 contextum,
325 2838 379 2869 (ἰίιῖ
397 2842 434 2871 (Ie
450 2842 536 2871 clade
551 2847 667 2872 coorta:
692 2842 771 2872 mihi
786 2852 836 2873 ve·

110 2898 146 2920 ro
176 2889 308 2922 minime
337 2891 441 2931 placet
474 2899 649 2933 tentamen,
678 2894 763 2926 unde
792 2900 837 2926 tot

880 937 993 968 ductus
1015 938 1124 968 veteris
1149 939 1309 977 scripturae
1338 939 1441 971 extriti
1473 950 1608 981 pereant.

882 989 1050 1029 Ingeniose
1078 990 1241 1020 Bentleius
1265 991 1314 1021 hic
1342 992 1448 1031 etiam,
1478 1001 1514 1025 ut
1535 995 1611 1029 alibi

881 1050 1013 1080 semper,
1028 1047 1166 1071 versatus
1181 1048 1240 1071 est:

974 1143 1036 1150 —
1046 1137 1135 1162 neque
1147 1131 1219 1156 enIm
1232 1132 1353 1156 Enceladi
1365 1133 1398 1158 de
1410 1133 1485 1159 clade
1495 1139 1603 1162 coorta:

883 1218 953 1248 quae
979 1214 1085 1238 tamen
1111 1209 1189 1238 veris
1211 1220 1278 1239 esse
1300 1210 1424 1246 similia,
1448 1214 1611 1245 varietates

883 1258 1028 1288 codicum
1044 1260 1283 1299 contemplatus,
1299 1271 1381 1301 aegre
1396 1262 1521 1295 dixeris.
1546 1265 1611 1296 Hae

883 1320 955 1340 vero
971 1311 1014 1340 sic
1030 1321 1062 1340 se
1084 1311 1213 1341 habent:
1240 1312 1278 1342 P.
1305 1315 1406 1343 ‘media
1432 1325 1501 1354 quae
1523 1317 1610 1348 clade

884 1369 983 1393 coorta
990 1378 1001 1399 ;
1026 1362 1123 1393 Vind.
1146 1363 1182 1394 L.
1203 1364 1249 1394 M,
1266 1369 1300 1394 Δ.
1319 1371 1364 1395 Ω.
1387 1368 1487 1397 media
1506 1371 1612 1407 grecia

884 1415 921 1444 de
937 1420 1056 1450 coorta;
1076 1415 1117 1444 V.
1134 1414 1181 1444 ed.
1200 1415 1236 1444 B.
1253 1417 1350 1445 media
1365 1419 1471 1455 grecia
1487 1421 1611 1450 decora-

883 1471 931 1502 ta;
959 1465 997 1496 Ο.
1014 1468 1114 1497 media
1131 1468 1167 1497 de
1179 1468 1292 1506 glande
1308 1475 1406 1499 coorta
1416 1485 1426 1505 ;
1453 1475 1486 1500 Σ.
1509 1474 1610 1504 ‘media

880 1520 985 1557 grecia
1002 1525 1113 1549 coorta.
1159 1519 1201 1548 Iu
1219 1518 1371 1550 Vossiana
1384 1522 1613 1562 emendatione,

884 1579 980 1609 quam
997 1580 1054 1599 nos
1076 1569 1281 1607 admittimus,
1306 1582 1405 1611 pauca
1420 1579 1612 1607 tantummo-

882 1620 923 1650 do
935 1621 1077 1651 videmus
1092 1621 1211 1652 detorta
1227 1628 1257 1652 et
1273 1623 1455 1664 immutata5
1476 1638 1494 1656 α
1506 1627 1539 1657 in
1550 1640 1577 1665 o,·
1591 1640 1614 1669 g

881 1673 914 1703 in
931 1674 1165 1715 consanguineo
1181 1686 1258 1706 sono
1281 1676 1403 1708 literam
1426 1690 1459 1716 c,-
1483 1692 1498 1711 e
1521 1681 1610 1712 deni-

879 1736 939 1766 que
955 1732 986 1756 et
1011 1729 1036 1763 i,
1058 1727 1090 1756 in
1109 1730 1122 1757 ί
1136 1738 1171 1757 ac
1186 1730 1206 1758 l.
1252 1729 1370 1759 Adhuc
1395 1737 1501 1762 tamen
1524 1734 1612 1765 locus

879 1782 926 1807 est
941 1778 1080 1807 acumini
1097 1779 1328 1818 conjectorum3
1345 1787 1376 1810 et
1392 1782 1515 1813 utinam
1531 1795 1563 1814 se
1578 1785 1612 1815 in

881 1829 939 1858 hac
951 1829 1081 1859 materia
1092 1829 1213 1860 felicius
1225 1838 1401 1862 exerceant:
1416 1834 1505 1863 nobis
1517 1835 1611 1874 enim,

880 1880 1085 1920 cogitationes
1097 1880 1136 1910 ad
1146 1881 1253 1911 omnia
1263 1884 1527 1924 convertentibus,
1538 1887 1610 1916 nul-

881 1933 912 1963 la
926 1933 981 1963 lux
997 1934 1180 1971 ostenditur,
1205 1946 1278 1975 qua}
1298 1937 1441 1967 tenebras
1456 1938 1610 1976 discutiat.

885 1987 1003 2018 Saltem
1019 1988 1201 2028 trivialibus,
1226 2000 1358 2030 quaeque
1373 1991 1539 2024 lectoribus
1561 2005 1610 2025 as-

882 2050 1010 2070 sensum
1032 2047 1189 2081 nequeant
1211 2048 1405 2081 extorquere,
1429 2054 1486 2074 nec
1508 2048 1611 2078 omni.

881 2101 924 2120 no
939 2091 1046 2129 placet,
1070 2101 1172 2131 neque
1187 2093 1324 2131 profecto
1340 2103 1396 2132 per
1410 2094 1511 2125 otium
1526 2096 1609 2137 licet,

883 2141 1057 2182 indulgere.

922 2200 996 2231 Ver.
1013 2204 1086 2231 642.
1111 2200 1266 2233 Siculam:
1295 2209 1339 2233 Ω..
1359 2206 1492 2243 Siculos;
1517 2208 1608 2249 forte,

879 2262 898 2281 a
919 2254 1068 2283 Siculam:
1093 2252 1142 2283 vel
1164 2253 1277 2292 potius,
1300 2256 1346 2285 uti
1369 2257 1516 2296 suspicor,
1540 2271 1607 2291 ver·

879 2303 920 2334 sis
934 2305 1086 2343 partibuS‚
1103 2315 1122 2334 a
1136 2307 1263 2342 Siculos,
1280 2306 1351 2338 vera
1363 2308 1502 2340 Lucretii
1514 2313 1610 2354 scrip-

878 2358 962 2397 tura,
985 2359 1123 2398 primum
1140 2359 1229 2390 fluxit
1245 2363 1386 2398 Siculum,
1410 2363 1524 2396 deinde
1538 2367 1608 2398 vul.

877 2416 988 2450 gatum
1002 2410 1082 2441 illud
1098 2413 1245 2442 Siculum.
1276 2413 1362 2443 Nam
1377 2414 1410 2444 in
1427 2416 1527 2454 po'e‘tis
1536 2429 1607 2458 pas-

879 2461 938 2491 sim
949 2460 1053 2492 videas
1068 2463 1187 2493 Siculas
1202 2474 1281 2499 oras,
1307 2466 1422 2496 Siculos
1436 2474 1558 2508 cantus,
1574 2477 1605 2500 et

879 2520 1007 2545 centum
1023 2515 1215 2553 consimilia;
1237 2516 1289 2547 sed
1305 2523 1413 2548 contra
1435 2521 1606 2553 Sr‘culorum

878 2577 959 2604 oras,
981 2571 1074 2607 atque
1088 2566 1132 2597 ita
1149 2578 1249 2607 porro,
1272 2568 1320 2598 vel
1342 2570 1499 2603 rarissime
1521 2573 1603 2605 inve.

879 2619 953 2654 nias,
992 2619 1114 2658 opinor,
1151 2620 1200 2651 vel
1230 2631 1394 2661 nusquam.
1446 2624 1606 2665 Denique,

878 2674 1106 2714 suspicionibus
1128 2675 1208 2705 meis
1236 2675 1319 2706 favet
1340 2677 1605 2710 nobilissimorum

881 2736 1027 2756 versuum
1049 2726 1243 2756 nobilissima
1268 2726 1414 2765 imitatio,
1435 2739 1531 2770 quam
1552 2730 1606 2761 ille

881 2777 1037 2818 Virgilius
1052 2784 1214 2808 exsecutus
1228 2784 1282 2815 est,
1299 2779 1339 2810 ad
1356 2780 1432 2811 AEn.
1443 2780 1495 2812 vii.
1511 2785 1600 2822 222..

943 2868 1051 2899 Quanta
1062 2875 1110 2900 per
1121 2868 1211 2900 Idaeos,
1224 2870 1303 2894 saevis
1313 2870 1394 2897 effusa
1404 2873 1535 2904 Mycenis,

945 2909 1083 2941 Tempestas
1093 2909 1154 2935 ierit
1164 2913 1333 2942 campos—u
