1926 3224
303 203 329 240 3

274 204 289 239 l
336 200 362 239 6

770 197 830 245 Τ.
880 195 1257 246 LUCRETII

301 330 383 365 800
415 324 508 368 Ova
526 324 823 380 relinquebant,
845 324 1020 373 exclusae
1039 333 1225 380 tempore
1241 340 1385 368 verno:

417 399 632 441 Folliculos
652 405 699 439 ut
718 412 830 439 nunc
851 399 1012 440 tereteis
1032 406 1173 441 aestate
1193 400 1347 442 cicadae

416 473 632 527 Linquunt
652 479 798 526 sponte
817 471 905 522 sua,
927 473 1081 515 victum
1101 473 1309 529 vitamque
1327 480 1523 529 petentes.

473 547 585 589 Tum
605 548 680 589 tibi
701 557 811 590 terra
829 546 943 588 dedit
961 547 1143 602 primum
1163 548 1352 590 mortalia
1371 547 1495 597 secla3

272 710 388 734 temere
402 704 617 744 relinquenda,
638 709 763 744 propter
784 713 885 734 unum
908 709 1000 743 atque

272 755 406 785 alterum
421 755 526 785 locum
543 755 678 785 difficilis
693 754 913 793 explicationis.
932 753 999 783 Ad-

271 807 403 837 scribam
430 807 537 847 igitur,
565 807 614 836 his
637 806 814 845 praemissis,
851 805 997 835 Claudia-

272 867 364 895 num,
385 857 424 887 de
439 863 540 896 nuptt.
558 857 646 887 Hon.
663 863 695 886 et
710 856 792 886 Mar.
811 859 884 887 210.

452 948 512 973 pars
523 942 654 966 nectareis
665 941 822 973 adspergere
833 943 906 966 tecta

321 980 459 1010 Fontibus,
475 984 503 1006 et
515 980 626 1005 flammi
637 981 711 1005 lucos
720 980 820 1005 adolere
831 980 949 1005 Sabaeos:

272 1056 294 1086 i.
309 1066 336 1086 e.
358 1057 516 1087 cumulare
531 1057 564 1086 in
581 1054 717 1086 flamma.
764 1056 878 1086 Nescio
895 1061 1001 1086 tamen

271 1118 315 1139 an
331 1118 396 1139 non
411 1108 544 1138 aliarum
557 1109 812 1139 membranarum
820 1108 913 1139 lectio
921 1119 1000 1148 prae-

274 1159 404 1190 ferenda
417 1158 469 1189 sit:

531 1227 642 1253 flamma
654 1227 730 1252 lucos
740 1228 835 1253 abolere
847 1229 968 1254 Sabaeos:

273 1287 293 1318 i.
307 1297 333 1318 e.
356 1287 445 1328 quasi
459 1293 534 1318 totos
547 1288 630 1318 lucos
645 1297 826 1322 consumere,
849 1287 889 1317 ob
910 1297 1000 1327 mag-

273 1349 350 1369 nam
364 1339 429 1369 vim
446 1344 631 1368 aromatum.
679 1337 795 1368 Confer
813 1336 900 1377 Virg.
922 1338 999 1368 AEn.

272 1391 312 1422 iv.
329 1393 402 1423 495.
422 1390 507 1421 unde
522 1390 630 1420 nullus
643 1390 814 1430 ambigem,
836 1389 913 1430 quin
938 1389 1001 1420 Va-

274 1442 370 1473 letius
392 1443 522 1473 Flaccus
543 1440 743 1481 castigandus
769 1441 820 1478 sit,
857 1441 935 1480 Arg.
959 1441 1001 1471 iii.

274 1497 349 1525 445.
373 1504 471 1534 quum
490 1494 658 1524 Maronem
672 1492 842 1523 clarissime
861 1492 936 1522 velit
949 1492 1003 1523 ille

273 1545 429 1576 aemulari:

304 1631 362 1655 Ter
372 1629 469 1654 tacitos
479 1636 559 1661 egere
569 1630 682 1661 gradus;
699 1632 741 1654 ter
752 1628 838 1654 tristia
848 1632 961 1661 tangens

305 1670 388 1694 Arma
398 1668 478 1693 simul
493 1672 631 1700 vestesque
640 1668 742 1698 virum,
752 1668 910 1692 lustramina
917 1671 1002 1699 ponto

303 1711 375 1734 Pone
383 1709 463 1740 jacit:
482 1708 579 1740 rapidis
590 1708 721 1733 abolentur
732 1711 834 1733 caetera
845 1708 970 1732 flammis.

275 1782 373 1818 Libri,
396 1785 574 1817 addentur,-
600 1781 655 1812 sed
677 1782 711 1812 in
727 1781 905 1812 certissimis
919 1781 1003 1812 vide·

276 1839 327 1863 tur
343 1834 409 1863 haec
424 1832 603 1863 emendatio
617 1832 815 1863 recensenda.
862 1832 1003 1869 Ovidius,

277 1889 350 1915 met.
366 1884 387 1914 i.
404 1888 475 1916 499.

312 1965 405 1995 thue
416 1963 487 1989 leves
498 1964 605 1995 stipulae
618 1964 734 1996 demptis
744 1964 878 1989 adolentur
888 1964 982 1995 aristis,

310 2005 348 2029 Ut
358 2004 462 2029 facibus
472 2010 557 2036 saepes
566 2004 735 2028 ardent—.

278 2076 345 2106 Hic
371 2081 453 2106 certe
479 2081 587 2114 captus
608 2085 690 2111 sum,
713 2081 744 2106 et
769 2076 912 2106 vanitatis
936 2087 1007 2107 mea

277 2127 454 2168 disquisitio
475 2128 671 2168 coarguitur3
693 2138 765 2157 nam
789 2130 950 2158 adolentur
972 2128 1006 2158 in

279 2181 338 2210 hoc
353 2189 443 2210 versu
459 2178 538 2208 nihil
553 2185 653 2218 potest
675 2179 857 2219 significare,
881 2180 940 2209 nisi
957 2183 1005 2210 in-

277 2233 458 2262 cenduntur.
485 2229 546 2260 Sed
562 2230 626 2260 duo
641 2230 763 2260 codices
779 2231 925 2260 exhibent
937 2232 1007 2261 abo-

277 2284 396 2312 lentur:
434 2286 454 2298 ‘⁸
470 2281 550 2310 forte
574 2281 720 2317 rectius‚”
743 2281 817 2311 dicit
845 2281 1006 2312 Heinsius.

279 2331 422 2372 Optime,
446 2341 482 2362 ac
496 2331 667 2362 verissime!
709 2332 777 2362 Nec
791 2342 899 2362 vereor
913 2333 1004 2363 libra-

278 2383 331 2412 riis
361 2383 516 2421 imputare
539 2382 792 2421 depravationem
817 2383 950 2413 similem
974 2383 1006 2413 in

278 2433 365 2472 epist.
382 2433 440 2463 xvi.
451 2437 523 2464 555.
550 2432 685 2473 Quaque
694 2433 775 2464 feres
783 2444 919 2474 gressus,
931 2436 1006 2464 ado-

278 2485 380 2514 chunt
396 2484 542 2514 cinnama
557 2483 702 2514 flammae.
738 2485 945 2515 Scribendum
960 2485 1007 2515 di-

279 2544 326 2570 co,
350 2534 397 2564 vel
403 2537 547 2575 flammi,
571 2536 590 2565 i.
607 2545 633 2565 e.
645 2537 823 2576 flammam·
847 2547 917 2576 quae
939 2547 1008 2574 per-

279 2587 495 2628 vulgatissima
516 2595 562 2618 est
584 2589 752 2618 aberratio:
779 2588 826 2619 vel
842 2591 1008 2620 abolebunt-

280 2638 440 2678 Denique,
464 2639 548 2669 idem
565 2638 598 2668 in
615 2639 682 2669 fast.
701 2639 745 2669 iii.
764 2643 834 2670 805.

295 2705 399 2730 Viscera
411 2706 457 2737 qui
468 2706 537 2731 tauri
555 2706 671 2731 flammis
681 2706 806 2731 adolenda
818 2707 1005 2732 dedisset—.

281 2769 481 2809 Interpretari
498 2773 605 2811 possis,
629 2774 828 2808 cumulanda,
850 2772 899 2802 vel
921 2774 1006 2812 inge-

281 2822 392 2856 renda,·
416 2821 468 2851 sed
485 2823 576 2853 unice
591 2834 700 2853 verum
716 2830 861 2861 autumo,
886 2825 1006 2854 abolen-

280 2873 330 2903 cla.
376 2871 456 2903 Mox
474 2878 518 2903 Ω.
533 2875 653 2910 alitum,
675 2885 733 2913 pro
747 2876 888 2906 alituum.

1023 2936 1045 2961 5

1085 703 1160 734 Ver.
1178 706 1249 736 799.
1268 714 1365 743 genus
1385 704 1528 734 alituum.
1562 702 1666 740 Maro,
1691 703 1767 733 AEn.

1044 753 1108 784 viii.
1126 757 1177 785 27.

1057 823 1174 848 Alituum
1184 821 1375 854 pecudumque
1381 828 1461 854 genus
1470 828 1549 853 sopor
1560 822 1629 846 altus
1640 821 1768 846 habebat.

1084 895 1160 925 Ver.
1176 897 1247 923 800.
1269 894 1415 923 eoeclusae:
1443 898 1486 922 Π.
1501 903 1635 929 ea·cusoe;
1659 902 1768 932 perpe-

1043 956 1119 982 ram,
1142 955 1242 986 quum
1256 943 1336 974 illud
1360 943 1400 973 sit
1424 944 1458 973 in
1479 944 1539 974 hac
1554 945 1682 974 notione
1698 954 1770 983 pro.

1043 998 1149 1037 prium
1171 996 1308 1026 maxime
1330 994 1532 1025 vocabulum:
1561 1003 1771 1036 summarum-e-

1046 1063 1097 1080 ναι.
1142 1049 1211 1078 Nec
1226 1054 1341 1083 tamen,
1358 1048 1398 1077 ob
1414 1046 1611 1086 frequentem
1625 1058 1719 1077 usum
1735 1060 1774 1079 τε

1044 1103 1156 1132 excudo
1172 1100 1206 1130 in
1222 1100 1378 1136 Varrone,
1401 1104 1507 1128 tutum
1529 1097 1624 1128 fuerit
1644 1098 1773 1130 forsitan

1046 1153 1212 1190 affirmare,
1228 1151 1370 1182 librarios
1381 1152 1472 1182 toties
1483 1150 1683 1182 aberravisse:
1699 1161 1773 1182 con-

1045 1204 1129 1234 sulas
1156 1203 1295 1234 lexicum
1309 1202 1349 1233 ad
1364 1202 1526 1242 scriptores
1540 1202 1580 1232 de
1595 1212 1629 1233 re
1650 1201 1773 1233 rustica.

1046 1255 1167 1286 Vocem
1181 1257 1314 1291 excludo,
1343 1253 1382 1284 de
1403 1253 1497 1294 pullis
1511 1253 1618 1284 avium
1631 1263 1773 1294 perrum-

1045 1307 1189 1347 pentibus
1204 1317 1338 1337 ovorum
1352 1306 1511 1342 corticem,
1535 1305 1661 1337 Plinius
1685 1305 1773 1345 saepi-

1045 1358 1153 1388 uscule
1170 1357 1349 1396 usurpavit3
1373 1366 1409 1386 ac
1431 1366 1543 1386 meum
1566 1365 1642 1386 sane
1659 1355 1774 1396 judici-

1047 1419 1104 1439 um
1119 1414 1166 1439 est
1179 1410 1309 1439 verbum
1324 1410 1445 1439 excludi
1459 1407 1575 1447 passim
1589 1407 1710 1438 restitui
1720 1407 1774 1438 de-

1046 1460 1132 1490 bere:
1159 1458 1214 1489 sed
1229 1458 1290 1494 alii,
1306 1459 1422 1499 quibus
1437 1458 1539 1488 otium
1553 1463 1609 1494 eet,
1624 1468 1691 1488 rem
1705 1458 1777 1489 dili.

1046 1510 1172 1550 gentius
1186 1509 1370 1547 eventilent3
1395 1519 1462 1546 nos,
1486 1519 1527 1539 ne
1547 1509 1639 1539 nimii
1666 1509 1777 1549 simus,

1046 1560 1154 1591 sedulo
1169 1571 1322 1591 cavemus.

1090 1611 1171 1642 Ibid.
1193 1618 1324 1651 tempore
1348 1621 1447 1641 verno.
1485 1610 1562 1642 Sine
1585 1610 1776 1642 substantivo

1049 1662 1241 1692 Ammianus
1266 1661 1484 1699 Marcellinus,
1521 1671 1569 1691 xv.
1597 1665 1646 1694 19.
1681 1665 1704 1681 ‘⁴
1732 1663 1777 1693 Et

1047 1717 1070 1732 “
1086 1714 1164 1748 haec,
1196 1719 1232 1743 ut
1254 1712 1405 1750 diximus,
1437 1715 1517 1743 anni
1538 1724 1627 1744 verno
1653 1714 1775 1744 contin-

1046 1768 1068 1783 “
1085 1768 1196 1805 gunt.”
1219 1765 1340 1794 Versus
1354 1770 1461 1794 autem
1477 1764 1633 1801 Maronis,
1650 1765 1691 1795 ad
1705 1775 1775 1805 geo.

1047 1815 1078 1846 ii.
1095 1819 1167 1846 356.
1185 1816 1353 1855 opportuni
1377 1821 1452 1845 sunt
1472 1815 1506 1845 in
1522 1815 1643 1855 primis,
1665 1823 1698 1847 et
1711 1816 1776 1856 ple-

1048 1867 1120 1896 nius
1135 1865 1268 1896 adscribi
1283 1865 1409 1896 debent:

1066 1953 1124 1976 Non
1136 1951 1201 1976 alios
1209 1950 1295 1983 prima
1307 1950 1436 1975 crescentis
1447 1950 1543 1983 origine
1554 1951 1645 1976 mundi

1065 1991 1197 2016 Inluxisse
1206 1991 1272 2020 dies,
1289 1991 1407 2016 aliumve
1418 1991 1538 2016 habuisse
1548 1994 1684 2021 tenorem,

1065 2030 1231 2055 Crediderim
1243 2037 1249 2054 z
1268 2037 1320 2054 ver
1331 2030 1395 2055 illud
1407 2034 1474 2060 erat,
1492 2037 1544 2055 ver
1555 2037 1669 2062 magnus
1679 2031 1777 2063 agebat

1065 2069 1151 2099 Orbis,
1168 2074 1195 2094 et
1207 2069 1324 2094 hibernis
1333 2070 1479 2100 parcebant
1491 2069 1598 2094 flatibus
1610 2069 1684 2100 Euri,

1065 2109 1157 2139 Quum
1166 2107 1257 2139 primae
1268 2107 1356 2132 lucem
1366 2108 1471 2140 pecudes
1483 2108 1604 2138 hausere,
1615 2109 1762 2140 virumque

1065 2147 1160 2171 Ferrea
1171 2147 1310 2178 progenies
1321 2147 1393 2171 duris
1403 2151 1485 2179 caput
1498 2147 1599 2172 extulit
1609 2148 1689 2178 arvis,

1067 2185 1244 2216 Inmissaeque
1255 2184 1322 2210 ferae
1333 2185 1424 2217 sylvis,
1441 2190 1469 2211 et
1481 2185 1565 2211 sidera
1576 2186 1658 2211 coelo.

1054 2260 1104 2290 Sic
1119 2266 1184 2290 erat
1200 2260 1299 2290 levius
1313 2260 1574 2302 distinguendum
1585 2261 1625 2291 ad
1634 2271 1693 2292 ver.
1703 2264 1777 2294 359.

1096 2311 1171 2341 Ver.
1194 2314 1269 2341 801.
1292 2313 1467 2342 Folliculos.
1508 2311 1688 2342 Audiamus
1712 2312 1778 2343 No-

1051 2363 1150 2398 nium,
1173 2362 1258 2393 adii.
1273 2366 1346 2394 527.
1380 2366 1401 2381 “
1422 2364 1610 2394 Folliculum
1636 2363 1778 2394 Lucilius

1053 2417 1075 2432 ‘⁶
1091 2413 1194 2453 posuit
1209 2423 1266 2453 pro
1281 2424 1413 2454 corpore,
1436 2413 1487 2444 lib.
1504 2414 1585 2445 xxvi.

1083 2503 1102 2515 “
1115 2502 1181 2533 Ego,
1197 2501 1217 2525 si
1237 2501 1295 2532 quis
1312 2509 1385 2531 sum,
1401 2505 1428 2526 et
1440 2508 1494 2533 quo
1502 2501 1621 2533 folliculo
1632 2508 1704 2526 nunc
1715 2507 1774 2526 sum

1160 2543 1179 2555 ‘⁴
1191 2541 1388 2566 indutus—.”

1053 2616 1105 2646 De
1120 2626 1182 2656 quo
1204 2627 1263 2646 usu
1288 2629 1325 2647 τε
1340 2618 1479 2654 indutus,
1502 2615 1572 2646 vide
1599 2615 1672 2645 Silv.
1698 2614 1777 2646 Crit.

1050 2669 1089 2698 iv.
1105 2679 1136 2707 p.
1155 2671 1226 2699 219.
1243 2674 1274 2698 et
1288 2678 1345 2698 nos
1359 2679 1462 2707 supra,
1478 2668 1520 2697 iii.
1539 2669 1613 2698 613.
1639 2666 1775 2696 Arnobi-

1051 2730 1089 2749 us
1114 2727 1297 2759 opportune,
1321 2720 1374 2750 lib.
1397 2720 1427 2749 ii.
1449 2729 1478 2757 p.
1503 2721 1552 2750 98.
1576 2721 1598 2736 ‘⁸
1616 2717 1705 2747 Nihil
1731 2724 1777 2748 est

1053 2775 1075 2790 ‘¹
1091 2771 1176 2801 enim
1203 2772 1292 2801 nobis
1313 2771 1499 2810 promissum
1520 2769 1560 2799 ad
1573 2770 1654 2799 hanc
1669 2769 1776 2806 vitam,

1052 2826 1071 2840 “
1089 2833 1146 2852 nec
1169 2822 1202 2852 in
1224 2823 1401 2853 carunculoe
1423 2819 1518 2860 hujus
1532 2819 1675 2860 jblliculo
1699 2830 1776 2850 con-

1049 2877 1070 2891 “
1088 2873 1213 2911 stitutis,
1234 2872 1300 2912 opis
1315 2870 1433 2912 aliquid
1448 2880 1596 2911 sponsum
1613 2876 1670 2910 est,
1684 2870 1773 2902 auxi-
