1926 3224
557 215 790 264 LIBER
837 213 1140 264 SEXTUS.
1499 223 1586 268 371

256 348 315 390 Ut
335 363 433 390 cava
456 348 700 390 conveniant
719 347 848 403 plenis
868 347 958 388 haec
982 346 1101 397 illius,
1132 345 1200 386 illa

254 422 492 479 Hujusque;
525 423 631 463 inter
653 437 694 463 se
707 422 903 476 junctura
922 421 1013 461 haec
1033 428 1204 475 optuma
1223 425 1393 461 constat.

115 498 219 536 1085
253 496 328 537 Est
348 497 484 546 etiam,
516 496 629 551 quasi
650 503 695 536 ut
715 494 882 535 annellis
902 494 1114 548 hamisque
1133 493 1296 548 plicata,

254 570 368 611 Inter
388 585 429 611 se
449 569 637 626 quaedam
657 569 814 623 possint
834 567 1006 622 cop’lata
1025 567 1173 607 teneri:

254 643 380 693 Quod
401 644 530 700 magis
550 643 592 683 in
613 641 747 696 lapide
767 640 847 681 hoc
868 639 973 690 fieri,
1005 639 1209 695 ferroque,
1241 639 1413 682 videtur.

312 717 352 758 N
357 731 450 765 unc,
483 717 588 758 ratio
609 730 702 772 quae
723 716 774 756 sit
794 714 963 765 morbis,
995 722 1081 765 aut,
1112 714 1224 755 unde
1243 722 1412 769 repente

253 788 515 831 Mortiferam
534 790 663 845 possit
684 789 843 831 cladem
864 789 1043 830 conflare
1062 796 1205 830 coorta

113 869 218 905 1090
250 863 448 904 Morbida
467 864 527 904 vis
547 864 764 905 hominum
784 863 942 920 generi,
973 863 1261 918 pecudumque
1281 862 1470 913 catervis,

258 937 503 992 Expediam·
567 937 772 988 Primum,
804 938 1026 978 multarum
1047 938 1202 979 semina
1221 952 1360 978 rerum

153 1092 226 1123 Ver.
253 1094 346 1123 1085.
364 1094 502 1133 plicata.-
526 1091 624 1123 vind.
647 1093 688 1123 V.
715 1092 763 1123 ed.
795 1092 835 1123 Ο.

111 1149 146 1176 Σ.
162 1150 194 1174 et
210 1151 254 1175 Ω.
271 1146 401 1184 placita.

151 1207 225 1237 Ver.
243 1210 335 1237 1086.
358 1207 505 1246 cop’lata:
533 1205 584 1236 Sic
601 1205 698 1236 vind.
722 1206 762 1236 V.
787 1205 834 1236 ed.

108 1257 156 1287 M.
179 1267 199 1287 a
219 1256 356 1287 secunda
371 1267 483 1295 manu;
510 1257 549 1287 Ο.
567 1257 606 1292 Q.
622 1262 657 1289 Σ.
676 1264 720 1288 Ω.
743 1268 834 1297 copu-

105 1309 188 1345 lata,·
212 1315 243 1339 et
258 1309 362 1339 nescio
377 1319 417 1338 an
434 1318 604 1348 perperam.

151 1369 228 1400 Ver.
245 1373 338 1400 1087.
366 1371 453 1404 Quod
461 1383 471 1400 :
499 1370 545 1400 M.
574 1371 656 1406 Quo‚·
680 1375 712 1399 et
725 1369 837 1409 placet,

106 1419 166 1450 hoc
191 1419 302 1450 ordine
316 1421 495 1451 verborum:
523 1423 546 1438 “
567 1422 630 1455 Quo
658 1420 761 1461 magis
785 1422 839 1451 hoc

107 1474 130 1491 “
146 1472 267 1503 videtur
283 1472 432 1503 fieri—:'’
455 1473 474 1502 i.
492 1483 516 1502 e.
539 1473 607 1502 haec
622 1474 833 1512 res—lapide.-

110 1529 155 1555 Ω.
170 1525 303 1564 lapidem
310 1539 322 1561 ;
345 1523 431 1554 unde
445 1523 555 1553 malim
569 1523 748 1554 rescribere:

122 1623 177 1655 Quo
188 1622 274 1654 magis
284 1622 312 1646 in
321 1622 431 1655 lapidem
444 1622 496 1647 hoc
508 1622 577 1652 fleri,
584 1621 750 1654 ferrumque,
763 1621 837 1647 vide-

169 1664 225 1686 tur.

106 1732 204 1761 —Izoc
215 1732 311 1773 fieri:
338 1731 378 1762 Ο.
389 1732 470 1772 fieri
489 1733 560 1768 hoc;
584 1737 621 1761 ut
641 1731 754 1761 ultima
775 1731 835 1771 syl-

104 1780 177 1811 laba
203 1781 237 1811 in
261 1784 364 1822 lapide
394 1782 424 1811 vi
455 1792 579 1813 caesurae
608 1781 838 1822 porrigatur.—

96 1833 194 1875 ficre':
219 1832 317 1863 Vind.
332 1833 373 1863 V.
389 1832 438 1863 ed.
458 1834 497 1869 Q.
521 1839 555 1864 Δ.
569 1833 665 1874 ferri.

150 1893 225 1924 Ver.
244 1897 336 1925 1089.
360 1895 495 1924 cladem:
514 1893 611 1924 Vind.
628 1895 664 1925 L.
683 1894 721 1925 Ο.
738 1899 775 1927 Σ.
793 1901 837 1926 Ω.

106 1950 237 1980 cratem,·
262 1950 293 1974 et
324 1944 459 1975 Heinsio
488 1955 553 1975 non
584 1945 742 1985 displicuit
771 1947 838 1976 haec

106 1995 268 2034 scriptura,
280 1996 314 2025 in
332 1995 460 2026 Advers.
475 1995 519 2026 iii.
534 1999 560 2027 l.
578 2006 606 2035 p.
622 1999 696 2027 400.
720 1995 774 2027 sed
788 2007 837 2027 ar-

106 2045 204 2087 gutiae
217 2046 296 2077 tales
310 2047 442 2077 minime
456 2047 602 2077 omnium
618 2048 742 2087 poetam
761 2048 836 2078 sim-

106 2097 322 2137 plicissimum,
361 2099 544 2130 Lucretium
573 2099 655 2137 dico,
693 2100 833 2139 sapiunt:

107 2147 149 2178 V.
166 2148 213 2179 ed.
233 2160 336 2180 creare
341 2165 352 2186 ;
378 2150 417 2186 Q.
431 2152 570 2186 cradem;
595 2151 680 2181 unde
695 2161 835 2191 progres-

107 2208 161 2228 sus
176 2199 288 2229 erroris
301 2200 486 2230 manifestus
500 2207 694 2231 esu—coorta
704 2215 713 2232 5
738 2201 837 2232 Vind.

108 2249 150 2280 V.
166 2249 213 2281 ed.
241 2255 275 2282 Σ.
301 2257 424 2288 σοανεας
448 2256 484 2281 ut
511 2251 584 2281 alibi
608 2257 781 2290 peccatum,
808 2257 839 2283 et

108 2304 192 2335 infra
206 2305 246 2336 ad
261 2315 321 2336 ver.
339 2309 431 2337 1094.
450 2306 484 2336 in
502 2306 540 2337 V.
556 2305 605 2336 ed.

150 2366 226 2396 Ver.
246 2369 335 2398 1090.
353 2369 566 2408 pecudumque
587 2369 731 2399 catervis:
760 2378 833 2399 con-

108 2415 190 2447 feras
203 2416 297 2455 infra,
317 2427 378 2448 ver.
397 2420 487 2448 1142.
533 2418 654 2449 Pariter
669 2419 834 2461 Virgilius,

112 2469 186 2499 AEn.
203 2469 244 2499 xi.
261 2472 332 2500 456.

302 2550 357 2575 alto
369 2550 396 2575 in
406 2550 468 2576 luco
479 2557 564 2582 quum
575 2551 646 2577 forte
658 2555 774 2578 caterve

141 2591 294 2616 consedere
302 2591 472 2616 avium—.

151 2669 227 2701 Ver.
245 2675 339 2703 1092.
362 2673 487 2703 viealia:
513 2673 554 2704 V.
580 2673 627 2704 ed.
655 2673 694 2709 Q.
720 2678 755 2705 Σ.
779 2674 834 2705 ha-

111 2721 186 2752 bent
200 2729 235 2753 ut
249 2725 324 2754 alia.

153 2782 235 2814 Ibid.
256 2795 349 2824 supra
365 2786 472 2816 docui.-
497 2784 564 2816 redi
589 2785 631 2816 sis
651 2785 693 2818 iv.
712 2789 788 2818 641.
807 2796 835 2818 v.

112 2835 184 2865 897.

154 2893 229 2925 Ver.
254 2898 344 2928 1096.
382 2898 482 2938 Atque
510 2909 546 2929 ea
575 2899 639 2933 vis,-
675 2897 771 2931 vind.
803 2902 838 2933 Σ.

880 1093 981 1133 Atque
995 1093 1078 1127 avis,·
1104 1091 1144 1122 V.
1160 1091 1208 1122 ed.
1226 1092 1305 1122 Acus
1319 1093 1398 1122 anis.
1426 1092 1558 1129 Nonius,
1573 1092 1608 1125 ii.

881 1148 951 1175 684.
989 1145 1046 1174 sub
1075 1143 1154 1174 falso
1183 1143 1296 1173 Lucilii
1327 1144 1455 1174 nomine
1484 1155 1607 1176 versum

881 1195 949 1225 sine
963 1195 1108 1225 varietate
1128 1194 1269 1224 lectionis
1284 1193 1605 1234 laudan—pestilitas.-

880 1246 975 1276 Vind.
986 1248 1172 1287 pentilentas
1182 1261 1193 1282 ;
1219 1252 1263 1276 Ω.
1276 1247 1461 1285 pestilitilas.

924 1307 997 1337 Ver.
1024 1310 1113 1338 1097.
1137 1308 1338 1337 intrinsecus.-
1373 1307 1394 1336 i.
1425 1317 1450 1337 e.
1479 1317 1515 1337 ez·
1543 1309 1609 1347 ipso

881 1361 961 1396 α’ἑνε,
977 1369 1038 1389 ver.
1058 1362 1148 1390 1095.
1172 1358 1225 1399 qui
1242 1357 1374 1388 subinde
1389 1357 1425 1387 fit
1446 1358 1608 1389 morbidus

882 1410 1053 1440 seminibus
1066 1412 1250 1440 extrinsecus
1265 1409 1473 1446 venientibus,
1491 1409 1554 1439 sive
1569 1411 1607 1440 de

882 1461 976 1498 terrei,
998 1472 1058 1492 ver.
1076 1465 1166 1493 1099.
1214 1461 1305 1491 Nihil
1318 1460 1419 1491 verius
1433 1466 1489 1490 aut
1504 1461 1606 1491 mani-

879 1513 987 1544 festius
1009 1515 1066 1544 hac
1082 1512 1336 1552 interpretatione
1356 1513 1432 1550 loci3
1456 1519 1487 1543 et
1501 1513 1544 1543 sic
1559 1512 1608 1543 di-

880 1571 959 1595 serte
973 1565 1123 1604 scriptum
1147 1571 1192 1594 est
1213 1565 1246 1594 in
1261 1575 1323 1595 var.
1339 1564 1419 1594 lectt.
1436 1564 1508 1595 edit.
1532 1564 1606 1595 Flo-

879 1622 958 1648 rent.
977 1615 1072 1646 vind„
1088 1616 1125 1646 L.
1144 1616 1183 1646 O.
1200 1621 1235 1646 Δ.
1249 1621 1283 1647 Σ.
1299 1622 1342 1646 Ω.
1359 1615 1477 1655 Vulgo,
1492 1617 1609 1647 extrin-

879 1680 978 1705 secus;
1002 1668 1056 1699 sed
1071 1667 1178 1698 nullus
1192 1668 1310 1703 dubito,
1336 1668 1411 1708 quin
1437 1678 1474 1698 ex
1493 1667 1606 1698 intem-

880 1719 964 1759 perie
979 1719 1027 1750 vel
1042 1719 1234 1760 negligenti&⁴
1255 1719 1423 1756 editorum,
1447 1725 1555 1749 contra
1568 1718 1607 1748 li-

879 1771 950 1802 bros
978 1770 1213 1801 vetustissimos:
1249 1770 1290 1800 V.
1321 1769 1370 1800 ed.
1394 1771 1478 1800 intus
1503 1780 1606 1801 secus.-

880 1824 900 1854 i.
916 1834 941 1854 e.
965 1825 1126 1854 intrisecus
1133 1838 1143 1858 ,·
1169 1826 1200 1853 ri
1228 1828 1259 1853 et
1283 1834 1316 1860 u,
1345 1822 1429 1863 quod
1454 1821 1608 1861 adsolent,

881 1875 1186 1906 commutatis—ut:
1214 1879 1258 1904 Ω..
1274 1875 1316 1903 in.

926 1933 998 1964 Ver.
1016 1937 1107 1965 1098.
1131 1939 1187 1963 aut
1202 1929 1382 1974 ipsa-saepe.-
1408 1936 1444 1963 Δ.
1467 1933 1533 1972 z'psa
1555 1938 1610 1964 aut

875 1990 1186 2025 persaepe.—coorta:
1214 1988 1249 2015 Σ.
1266 1990 1380 2014 coarta.

924 2044 999 2074 Ver.
1016 2047 1108 2075 1099.
1125 2049 1283 2083 putorem.-
1308 2042 1441 2072 editores
1458 2042 1607 2073 scelestis-

880 2096 964 2134 simi,
985 2102 1158 2136 pucrorem‚·
1184 2101 1291 2125 contra
1316 2095 1476 2126 universos
1497 2096 1605 2128 libros:

881 2147 976 2177 etiam
991 2146 1196 2186 ineptissime,
1219 2157 1319 2187 quum
1335 2147 1402 2176 haec
1417 2146 1513 2177 dictio
1528 2146 1610 2179 nihil

880 2197 921 2229 ad
937 2198 1074 2229 Lucretii
1088 2203 1228 2228 mentem
1244 2198 1347 2228 faciat.
1395 2197 1477 2228 Rem
1492 2199 1535 2229 sic
1549 2198 1610 2230 ali.

881 2254 928 2280 ter
942 2249 1070 2289 exponit
1085 2249 1253 2290 Virgilius,
1268 2259 1336 2290 geo.
1351 2249 1391 2279 iv.
1406 2252 1457 2281 49.

972 2323 1028 2349 Aut
1038 2323 1085 2348 ubi
1094 2323 1152 2348 odos
1161 2322 1225 2348 coeni
1231 2323 1401 2355 gravis—.

878 2396 1068 2426 —lzmnidat
1098 2394 1196 2426 Vind.
1219 2395 1260 2425 V.
1283 2394 1331 2426 ed.
1354 2396 1470 2426 munda
1476 2409 1488 2431 ;
1520 2394 1607 2427 facili

878 2446 1001 2477 deflexu
1015 2448 1055 2478 ab
1068 2449 1188 2486 umida,
1211 2453 1335 2487 propter
1351 2452 1397 2477 tot
1411 2447 1510 2478 lineas
1529 2457 1605 2478 con-

878 2498 1004 2529 similes.

921 2551 996 2582 Ver.
1014 2553 1104 2581 1100.
1122 2552 1254 2591 pluviis:
1280 2551 1321 2581 V.
1347 2550 1395 2582 ed.
1422 2554 1458 2582 Δ.
1485 2555 1520 2583 Σ.
1535 2553 1606 2593 flu·

878 2612 945 2633 vzzs.

924 2652 1004 2683 Ibid.
1027 2660 1109 2684 terra
1135 2656 1251 2694 pluviis
1276 2656 1347 2685 icta.
1392 2653 1493 2684 Haud
1517 2653 1608 2685 aliter

881 2705 1090 2743 Mantuanus,
1107 2704 1148 2735 ad
1164 2705 1238 2735 AEn.
1254 2705 1295 2735 ix.
1311 2709 1383 2737 669.

911 2787 1012 2819 Qualis,
1022 2788 1054 2812 ab
1066 2794 1161 2812 occasu
1173 2788 1291 2818 veniens,
1300 2786 1466 2820 pluvialibus
1477 2787 1568 2814 Haedis

910 2827 1027 2852 Verberat
1037 2827 1114 2852 imber
1124 2827 1300 2852 humum—.

882 2898 944 2933 Sed
957 2901 1025 2932 haec
1035 2900 1104 2941 jam
1117 2899 1261 2932 dedimus
1274 2899 1314 2932 ad
1330 2910 1358 2932 v.
1375 2902 1446 2933 955.
