1926 3224
626 233 858 282 LIBER
905 229 1208 281 SEXTUS.

1561 233 1654 277 255

317 366 505 408 Turbine
523 374 754 416 ventorum,
786 365 1032 414 conburens,
1061 363 1200 418 inpete
1218 373 1384 417 magno.

317 440 405 482 Nec
426 455 487 481 res
507 440 587 481 ulla
606 441 749 496 magis,
782 453 905 494 quam
929 437 1075 479 Phoebi
1097 434 1301 490 Delphica
1319 433 1454 475 laurus

316 513 508 555 Terribili
529 514 679 562 sonitu,
710 511 874 554 flamma
895 511 1134 565 crepitante,
1166 516 1383 549 crematur.

207 591 283 628 155

371 587 579 642 Denique,
611 600 719 640 saepe
737 584 817 641 geli
837 583 987 624 multus
1007 581 1160 637 fragor,
1192 590 1314 635 atque
1333 580 1454 621 ruina

315 660 557 708 Grandinis,
588 659 632 698 in
652 658 812 713 magnis
832 657 1011 697 sonitum
1031 655 1102 696 dat
1121 653 1298 694 nubibus
1317 654 1411 694 alte:

312 734 470 775 Ventus
489 732 599 773 en'im
619 747 746 788 quom
766 730 976 781 confercit,
1007 729 1269 786 franguntur,
1300 727 1346 768 in
1365 734 1500 768 artum

168 888 515 929 z'ngentis.—subcensa.·
554 886 598 917 sic
621 886 701 917 clare
725 887 762 917 P.
780 886 819 917 V.
845 886 892 917 ed.

168 941 272 981 vulgo,
301 945 633 979 succensu—repente.-
660 938 756 969 Vind.
774 938 815 968 V.
844 938 892 968 ed.

167 991 204 1022 L.
222 991 268 1021 M.
286 997 326 1021 Π.
344 997 460 1022 recente
467 1005 478 1025 ;
506 996 550 1021 Ω.
572 991 698 1030 repenti.
743 988 832 1020 Nihil
847 989 890 1018 vi-

167 1041 258 1073 detur
269 1048 379 1082 praeter
390 1047 512 1081 recepta
522 1041 768 1082 disquirendum,
780 1050 889 1082 quam-

167 1093 213 1125 vis
227 1093 270 1125 sic
286 1093 403 1133 optima
417 1092 605 1133 exemplaria
623 1092 813 1123 dissentiant.

212 1153 293 1184 Ibid.
316 1155 435 1193 ingenti
448 1154 558 1183 sonitu.
591 1151 712 1183 Pariter
727 1150 891 1192 Virgilius,

168 1204 207 1235 de
217 1203 352 1246 flammd
369 1205 511 1234 arborem
525 1208 674 1241 vastante,
689 1212 756 1243 geo.
772 1202 803 1232 ii.
819 1205 890 1232 506.

392 1284 554 1315 frondesque
565 1283 665 1309 elabsus
675 1283 702 1307 in
713 1283 788 1313 altas,

196 1326 326 1357 Ingentem
337 1324 408 1350 coelo
418 1324 527 1349 sonitum
536 1324 685 1349 dedit-——.

209 1396 285 1426 Ver.
303 1399 372 1427 151.
394 1397 519 1426 monceis
545 1397 630 1426 abest
655 1401 696 1425 Π.
722 1396 760 1431 si,
776 1394 816 1424 V.
844 1393 890 1424 ed.

167 1447 252 1489 quod
267 1457 351 1485 sane,
372 1446 398 1476 si
412 1446 530 1477 deesset
544 1446 678 1487 reliquis,
695 1445 892 1477 credidissem

168 1506 237 1540 post
250 1501 375 1530 montez's
391 1499 531 1530 voculam
553 1499 648 1530 fuisse
663 1497 889 1535 collocandam;

168 1551 254 1582 unde
269 1560 376 1580 versus
390 1555 421 1580 et
435 1550 560 1580 suavior
573 1550 718 1590 prodiret,
735 1555 766 1580 et
780 1538 890 1579 imme-

167 1605 266 1636 rosior
271 1618 278 1636 :

181 1679 354 1706 Lauricomos
364 1684 396 1706 ut
406 1681 579 1713 per-monteis
589 1681 610 1705 si
625 1681 736 1705 flamma
747 1682 870 1712 vagetur.

168 1750 230 1782 Sed
244 1751 329 1782 enim
343 1763 436 1793 aegre,
452 1757 488 1782 ut
502 1752 622 1782 videtur
637 1751 740 1790 nobis,
756 1750 892 1782 declara-

167 1804 247 1833 veris
269 1804 435 1835 stationem
459 1806 605 1844 phraseos
629 1805 764 1835 Turbine
789 1809 889 1834 vento-

166 1866 235 1886 rum
251 1855 286 1885 in
301 1856 528 1887 constructione
546 1857 710 1887 verborum
731 1854 771 1885 ad
786 1865 889 1894 recep-

168 1912 233 1937 tam
248 1907 412 1939 lectionem
432 1908 502 1939 loci.
551 1908 680 1948 Scripsit
701 1907 809 1949 utique
822 1907 886 1938 Lu-

167 1959 280 1990 cretius
295 1959 404 1999 procul
418 1959 527 1991 dubio:

197 2040 370 2065 Lauricomos
382 2043 413 2065 ut
423 2041 444 2065 si
454 2047 502 2072 per
513 2040 629 2066 monteis
638 2040 749 2065 flamma
759 2042 869 2072 vegetur

197 2079 319 2105 Turbine
328 2083 550 2105 ventorum--z

167 2150 188 2181 i.
213 2160 239 2181 e.
268 2156 478 2190 promovetur,
501 2151 663 2189 excitatur,
693 2156 890 2191 propagatur.

168 2201 290 2231 Festus:
318 2205 341 2221 “
363 2204 482 2242 Vegere,
511 2202 664 2242 portare.’'
709 2201 834 2232 Ennius
856 2212 889 2232 a·

167 2252 232 2292 pud
249 2253 401 2292 Nonium,
413 2253 446 2285 ii.
460 2256 533 2285 876.

316 2334 427 2360 aequora
437 2328 502 2353 salsa
512 2336 589 2361 veges
599 2328 751 2360 ingentibus
761 2327 858 2352 ventis.

211 2399 286 2430 Ver.
304 2402 374 2430 155.
394 2410 443 2430 res
463 2402 545 2431 ulla:
571 2399 668 2430 Vind.
693 2405 733 2429 Π.
754 2409 802 2430 res
817 2399 892 2435 vita,

168 2456 200 2481 et
215 2451 257 2481 V.
274 2450 322 2481 ed.
347 2461 404 2490 pro
421 2460 483 2482 var.
506 2451 575 2482 lect.
593 2451 633 2482 0.
657 2456 774 2488 autem,
800 2450 891 2480 casti-

168 2507 242 2543 gata
261 2503 312 2533 Pii
333 2503 532 2542 exemplaria,
553 2509 585 2533 et
601 2509 646 2533 n.
667 2504 785 2539 resina‚·
810 2501 893 2543 quod

168 2563 206 2584 ex
222 2553 322 2593 priore
333 2553 520 2593 corruptela,
534 2559 570 2584 ut
579 2553 721 2591 arbitror,
734 2552 893 2592 profluxit,

168 2617 215 2638 res
230 2617 292 2637 una
309 2607 440 2645 semem
462 2617 562 2648 quum
581 2618 645 2638 una
669 2612 701 2637 et
724 2608 789 2637 ulla
804 2605 892 2645 saepi-

168 2658 276 2689 uscule
290 2655 536 2690 commutentur:
564 2663 601 2691 Σ.
617 2669 664 2690 res
679 2660 752 2690 visa.

213 2712 293 2743 Ibid.
317 2715 386 2745 IVec
400 2725 449 2745 res
470 2716 534 2745 ulla
556 2716 655 2754 magis
669 2724 761 2754 quam
777 2715 893 2744 laurus.

170 2763 304 2801 Plinius,
328 2771 391 2796 nat.
408 2767 480 2797 hist.
497 2777 545 2796 xv,
561 2770 611 2797 40.
635 2769 657 2784 “
674 2767 801 2796 Laurus
825 2763 894 2805 qui·

171 2819 196 2833 ‘⁸
210 2815 281 2846 dem
296 2818 463 2848 manifesto
478 2818 601 2849 abdicat
615 2820 699 2859 ignes
713 2819 844 2858 crepitu,
866 2822 896 2847 et

171 2869 191 2885 “
207 2868 339 2907 quadam
355 2869 587 2901 detestatione.”

715 2919 898 2951 Lambinus

937 884 1064 916 Addam
1082 883 1245 921 Ovidium,
1260 882 1293 912 in
1308 881 1376 912 fast.
1390 881 1429 912 iv.
1446 884 1517 912 742.

997 959 1029 982 Et
1040 960 1118 989 crepet
1131 957 1157 981 in
1170 956 1264 982 mediis
1273 955 1363 980 laurus
1372 954 1466 980 adusta
1476 952 1554 978 focis.

978 1026 1050 1057 Ver.
1071 1028 1139 1057 154.
1162 1028 1280 1056 sonieu:
1306 1025 1347 1054 V.
1363 1023 1409 1054 ed.
1424 1025 1573 1058 sonitum5
1595 1030 1657 1053 un·

934 1078 973 1109 de
998 1078 1133 1119 cogitare
1156 1077 1252 1116 possis
1271 1076 1309 1106 de
1335 1077 1434 1105 sonita
1461 1076 1506 1112 in,
1532 1073 1660 1114 quodet

933 1129 1048 1160 Vossio
1076 1128 1109 1158 in
1140 1134 1279 1158 mentem
1306 1127 1404 1156 venit:
1443 1125 1496 1155 sed
1524 1124 1659 1154 imitatio

936 1184 1111 1225 Virgiliana
1139 1182 1325 1222 prudentem
1353 1179 1445 1210 facile
1470 1189 1489 1209 a
1515 1178 1659 1208 novando

935 1235 1143 1273 absterruerit,
1158 1234 1199 1265 ad
1215 1234 1289 1264 AEn.
1301 1233 1351 1263 vii.
1369 1235 1418 1263 74.

965 1309 1054 1340 Atque
1064 1314 1175 1333 omnem
1187 1310 1314 1332 ornatum
1327 1304 1439 1337 flammei
1456 1302 1592 1336 crepitante
1607 1308 1660 1328 cre·

1056 1355 1132 1373 mart.

977 1412 1059 1444 Ibid.
1087 1413 1233 1443 Terribili
1246 1413 1358 1442 sonitu.
1405 1409 1534 1446 Vereor,
1561 1418 1601 1438 ne
1623 1417 1658 1438 o-

933 1465 1061 1495 rationis
1075 1463 1210 1494 efficacia
1224 1461 1387 1492 materiem
1401 1465 1573 1499 exsuperet.
1599 1458 1661 1489 Ni-

935 1517 980 1547 hil
1016 1521 1062 1546 est
1095 1515 1292 1545 inconcinnae
1328 1510 1590 1544 dissimilitudinis
1623 1509 1660 1540 in

936 1568 1126 1605 Mantuano,
1141 1565 1214 1596 ibid.
1231 1565 1272 1595 ix.
1288 1567 1360 1595 505.

948 1661 984 1685 At
1001 1665 1082 1684 ‘rum
1098 1658 1231 1684 terribilem
1243 1657 1351 1682 sonitum
1362 1655 1455 1688 procul
1466 1660 1521 1680 aere
1530 1659 1630 1679 canoro

951 1701 1159 1734 lncrepuit—.

978 1771 1054 1801 Ver.
1073 1773 1143 1802 155.
1165 1770 1258 1799 ruina
1279 1768 1466 1798 Grandinis:
1492 1765 1512 1795 i.
1528 1775 1554 1795 e.
1571 1775 1662 1796 casus

933 1822 1109 1865 grandinis;
1132 1821 1195 1851 sive
1210 1821 1411 1850 vehementer
1425 1823 1456 1847 et
1469 1816 1591 1855 copiose
1604 1827 1661 1847 ru-

932 1885 985 1906 ens
1009 1872 1138 1915 grand0.
1184 1871 1268 1901 Rem
1294 1869 1425 1899 feliciter
1441 1866 1582 1906 depinxit
1596 1866 1660 1897 lec-

932 1927 1059 1958 tissimis
1073 1924 1211 1956 versibus
1228 1921 1414 1957 Columella,
1437 1930 1466 1950 x.
1481 1922 1554 1951 329.

949 2009 1026 2039 Saepe
1037 2006 1109 2031 ferus
1119 2005 1199 2029 duros
1210 2002 1344 2034 jaculatur
1353 1999 1458 2032 Jupiter
1468 1999 1576 2028 imbres,

950 2045 1082 2072 Grandine
1093 2043 1239 2076 dilapidans
1255 2041 1453 2071 hominumque
1471 2039 1609 2069 boumque
1622 2036 1660 2063 la-

1057 2086 1134 2110 bores
1142 2091 1150 2107 :

934 2161 1035 2193 duros,
1051 2165 1165 2195 nempe
1179 2157 1339 2184 concretos
1353 2150 1478 2191 frigore,
1494 2154 1532 2180 ut
1545 2154 1663 2182 noster.

934 2208 1098 2250 Virgilius,
1117 2207 1194 2237 AEn.
1210 2205 1231 2235 i.
1248 2207 1318 2235 129.
1343 2201 1463 2232 itidem:

964 2286 1099 2313 Fluctibus
1108 2289 1245 2317 oppressos
1254 2283 1351 2311 Troas,
1364 2280 1473 2312 coequue
1483 2279 1560 2304 mimi
1566 2287 1576 2304 .-

934 2355 953 2385 i.
968 2364 994 2385 e.
1016 2353 1161 2384 imbribus
1168 2365 1179 2387 ;
1205 2356 1241 2381 ut
1266 2358 1334 2390 geo.
1360 2347 1380 2378 i.
1394 2349 1466 2379 524.
1491 2349 1516 2365 “
1530 2345 1597 2376 ruit
1609 2354 1660 2376 ar-

935 2409 958 2425 “
975 2403 1057 2435 duus
1093 2400 1217 2434 aeelzer.”
1263 2399 1376 2430 Minus
1411 2403 1492 2428 recte
1526 2395 1660 2433 Servius,

935 2458 1121 2488 Burmanno
1136 2460 1242 2484 tamen
1255 2453 1415 2492 probatus:
1432 2449 1486 2480 sed
1500 2458 1558 2479 nee
1570 2448 1661 2489 Hey-

936 2511 1008 2542 nius
1028 2508 1196 2541 invidendo
1222 2516 1366 2537 successu
1394 2504 1493 2544 po'e'tae
1520 2508 1660 2533 mentem

937 2562 1101 2603 expedivit,
1121 2560 1176 2602 qui
1191 2565 1297 2590 tamen
1313 2555 1571 2588 Drakenborchio
1585 2563 1660 2585 con-

937 2614 1031 2644 sentit
1045 2612 1084 2644 ad
1102 2612 1215 2643 Silium
1231 2609 1388 2644 Italicum,
1403 2607 1426 2638 i.
1444 2610 1518 2638 251.

1252 2699 1314 2720 turn
1324 2693 1426 2720 vertice
1437 2692 1510 2716 nudo

999 2737 1128 2768 Excipere
1140 2737 1242 2760 insanos
1253 2733 1351 2763 imbres,
1367 2731 1475 2762 coelique
1484 2730 1600 2756 ruinam.

945 2811 1090 2844 Tonitrsa's
1119 2809 1239 2841 mentio
1262 2807 1342 2839 nihil
1367 2806 1407 2837 ad
1432 2816 1507 2836 rem.
1550 2804 1662 2836 Plures

941 2864 981 2895 ad
995 2864 1078 2894 locos
1093 2861 1288 2892 doctissimus
1301 2859 1348 2889 vir
1362 2862 1516 2898 provocat,
1537 2856 1590 2897 qui
1605 2865 1663 2886 nos

941 2929 961 2949 a
988 2916 1140 2948 sententia
1168 2913 1316 2954 concepta
1343 2910 1474 2943 minime
1499 2909 1663 2950 depellent-
