1926 3224
267 201 361 243 356

777 195 836 241 T.
876 193 1255 241 LUCRETII

404 327 567 376 Fertur,
590 333 630 366 et
650 325 691 364 in
713 330 880 364 cunctas
900 322 1120 364 dimittitur
1138 323 1322 379 undique
1341 320 1503 379 parteis.

404 400 493 442 Nec
513 413 643 447 mora,
665 411 741 437 nec
761 397 934 453 requies,
956 397 1064 438 inter
1083 397 1205 438 datur
1224 397 1304 438 ulla
1321 398 1500 448 fluundi;

404 474 610 527 Perpetuo
630 471 826 527 quoniam
846 471 1056 521 sentimus,
1088 479 1130 512 et
1149 472 1289 512 omnia
1307 486 1466 527 semper

291 551 372 588 935
406 547 601 596 Cernere,
624 544 805 595 odorari,
826 545 935 594 licet,
959 553 1000 586 et
1025 545 1174 586 sentire
1193 560 1350 586 sonare.

463 619 589 660 Nunc
608 633 750 660 omnes
770 628 953 674 repetam
973 634 1097 675 quam
1117 634 1210 660 raro
1231 634 1403 674 corpore
1423 619 1503 660 sint
1517 633 1581 660 res

407 694 744 744 Conmemorare,
766 694 878 749 quod
898 694 941 734 in
961 694 1098 748 primo
1119 709 1282 750 quoque
1302 694 1482 735 carmine
1501 693 1636 734 claret.

407 767 575 822 Quippe
593 775 635 808 et
654 768 780 817 enim,
802 782 1051 823 quamquam
1071 768 1218 810 multas
1236 768 1317 809 hoc
1335 768 1512 823 pertinet
1531 767 1585 808 ad
1604 782 1667 808 res

406 841 602 890 Noscere,
625 854 720 881 cum
740 841 882 895 primis
903 840 1010 882 hanc
1030 841 1083 882 ad
1103 857 1190 883 rem
1209 842 1396 897 protinus
1415 843 1562 896 ipsam,

292 919 376 956 940
407 913 502 962 Qua
524 913 576 954 de
595 913 791 954 disserere
811 913 1045 971 adgredior,
1064 914 1232 958 firmare
1251 930 1412 956 necesse
1432 923 1510 964 est3

409 987 524 1029 Nihil
542 1002 628 1029 esse
646 988 690 1028 in
710 996 920 1044 promptu,
941 989 1019 1029 nisi
1039 1004 1187 1044 corpus
1206 990 1383 1029 mixtum
1403 989 1446 1027 in
1466 987 1591 1028 inani.

465 1061 692 1117 Principio,
714 1061 776 1113 fit,
797 1069 844 1104 ut
862 1062 905 1103 in
926 1062 1126 1117 speluncis
1145 1075 1245 1102 saxa
1264 1074 1440 1115 superna

305 1237 379 1268 Ver.
393 1240 464 1269 930.
488 1236 554 1268 Hic
568 1246 672 1267 versus
688 1246 761 1267 cum
776 1242 932 1277 sequente,
953 1236 987 1266 in

260 1287 348 1319 libris
362 1290 508 1319 omnibus
522 1294 632 1327 praeter
653 1288 687 1317 P.
713 1286 904 1317 collocantur
917 1293 988 1326 post

261 1348 322 1369 ver.
338 1343 592 1372 935.—-amaror:
619 1337 713 1367 Vind.
728 1349 848 1368 amara.

253 1409 257 1411 ·
306 1399 380 1428 Ver.
398 1401 468 1429 931.
490 1399 544 1427 ab:
572 1403 616 1428 Ω.
639 1398 864 1438 a.-fluenter:
893 1396 987 1427 Vind.

262 1450 303 1480 Ο.
334 1456 380 1479 Ω.
402 1451 554 1489 flue-ntur.
607 1449 651 1478 Et
679 1449 746 1478 haec
774 1448 890 1484 omnia,
920 1458 990 1488 quae

257 1507 388 1541 pereunt
403 1499 540 1538 fluendo,
556 1510 685 1539 corpora
696 1499 858 1530 Maximus
868 1499 991 1539 Tyrius,

262 1551 323 1581 viii.
356 1555 406 1582 10.
441 1553 520 1582 bene
549 1551 668 1582 vocavit
696 1553 888 1582 ῬΕΟὙΣΑΣ
915 1556 990 1581 ΦΥ-

262 1607 367 1634 ΣΕῙΣ.

306 1662 379 1693 Ver.
396 1665 467 1694 955.
490 1673 614 1694 sonare:
640 1661 774 1693 editores
796 1661 988 1703 nequissimi,

264 1720 370 1744 contra
385 1713 479 1744 libros
491 1720 608 1744 veteres
623 1714 792 1751 universos,
809 1725 952 1744 sonorem.

307 1765 381 1795 Ver.
403 1768 475 1796 957.
502 1766 613 1796 claret:
641 1764 737 1795 Vind.
761 1765 797 1794 L.
821 1764 869 1794 M.
899 1766 989 1800 dare,-

265 1816 305 1852 Q.
321 1821 355 1847 Σ.
372 1818 452 1847 clare
458 1831 469 1852 ‚·
494 1826 558 1845 non
574 1816 716 1853 absurde,
733 1816 758 1845 si
773 1821 892 1854 repetas
911 1825 990 1846 com-

263 1870 429 1898 memoravi
443 1877 462 1897 a
477 1867 736 1906 praecedentibus:
758 1872 792 1897 Δ.
807 1869 892 1903 (λίπ’,-
908 1867 992 1907 quod

249 1918 383 1949 -librarii
408 1924 624 1948 commentum
655 1924 712 1955 est,
742 1917 889 1947 vitiosum
917 1920 992 1948 dare

265 1970 456 2010 corrigentis.

310 2028 389 2059 Ibid.
407 2031 508 2068 primo
535 2031 689 2060 carmine:
726 2039 745 2058 a
767 2038 828 2058 ver.
856 2031 928 2059 266.
951 2028 992 2058 ad

265 2091 326 2111 ver.
343 2085 414 2112 401.

311 2140 392 2171 Ibid.
415 2143 518 2173 claret.
563 2141 684 2172 Vocem
713 2140 854 2172 adhibuit
869 2140 995 2171 Ennius

264 2192 336 2232 plus
350 2193 459 2230 semel,
476 2199 506 2223 et
521 2193 593 2232 alii3
616 2192 685 2223 vide
702 2192 857 2227 Nonium.
874 2191 905 2222 ii.
925 2195 996 2222 127.

266 2250 299 2274 et
324 2243 422 2274 lexica
446 2244 598 2284 vulgaria,
622 2253 697 2273 cum
722 2244 849 2274 vetustis
875 2243 993 2284 glossis.

268 2295 289 2327 J
293 2305 441 2334 uvencuS,
457 2297 526 2326 hist.
543 2306 650 2336 evang.
667 2295 698 2326 ii.
715 2299 787 2327 782.
802 2301 991 2335 apponetur:

299 2389 367 2412 Nam
374 2388 460 2413 multi
470 2389 653 2420 vetetesJusti,
664 2389 804 2420 sanctique
817 2388 970 2420 prophetae,

299 2428 369 2459 Qua:
380 2427 455 2452 vobis
465 2427 571 2458 clarent,
581 2432 691 2453 orarunt
702 2435 811 2453 cernere
821 2428 902 2453 dona.

270 2507 322 2538 Ita
343 2508 425 2547 prior
446 2519 551 2539 versus
573 2515 638 2539 erat
662 2508 914 2550 distinguenduS,
942 2508 995 2539 Ci-

269 2568 340 2589 cero
355 2569 479 2601 quoque
495 2561 529 2590 in
547 2560 681 2596 Arateis,
697 2570 758 2590 ver.
775 2563 825 2591 72.

632 2639 764 2664 Aea-:mor
777 2641 866 2667 dicere
877 2641 966 2666 Graiei

300 2681 379 2711 Quod
391 2681 487 2712 solitei,
501 2681 578 2706 simili
589 2681 651 2713 quia
663 2681 753 2706 forma
765 2681 841 2707 litera
851 2681 938 2706 claret.

313 2758 387 2790 Ver.
403 2765 475 2791 958.
491 2763 532 2791 nd
543 2773 607 2793 res.-
626 2761 722 2792 Vind.
736 2762 774 2798 Q.
786 2764 884 2792 ardes.
908 2761 999 2799 Mox,

269 2821 326 2850 pro
340 2814 376 2842 de
391 2815 546 2851 disserere,
563 2820 598 2847 Σ.
612 2817 685 2847 dedi
698 2826 764 2847 sum
780 2826 838 2852 ηε,-
855 2820 887 2845 et
903 2820 948 2846 Ω..
962 2816 999 2845 de

269 2864 390 2894 dissere.

1073 1237 1148 1267 Ver.
1164 1239 1235 1268 941.
1258 1246 1366 1276 corpus
1381 1237 1507 1266 mittum
1523 1235 1557 1265 in
1573 1236 1672 1267 inani.
1710 1235 1757 1266 11-

1030 1288 1087 1318 lud
1116 1290 1149 1318 in
1181 1299 1219 1318 ex
1248 1287 1426 1328 conjectura
1447 1287 1628 1326 interposui,
1657 1297 1758 1328 quum

1030 1339 1125 1379 vulgo
1139 1339 1286 1376 scribant,
1311 1341 1439 1369 mixtum
1454 1349 1561 1378 corpus
1576 1340 1668 1369 inani
1672 1355 1683 1375 ,·
1710 1339 1759 1369 uti

1025 1395 1189 1428 comparet
1212 1389 1245 1419 in
1272 1389 1308 1420 P.
1340 1389 1380 1419 Ο.
1406 1394 1441 1419 Δ.
1473 1389 1527 1419 sed
1549 1389 1636 1419 haud
1664 1389 1759 1421 dubie

1034 1446 1141 1470 contra
1170 1440 1265 1470 libros
1293 1439 1427 1478 optimos
1456 1444 1488 1469 et
1520 1439 1760 1478 vetustissimos;

1038 1502 1113 1522 nam
1128 1492 1170 1522 V.
1188 1491 1235 1522 ed.
1252 1491 1289 1522 L.
1307 1491 1355 1521 M.
1374 1492 1412 1527 Q.
1429 1496 1464 1523 Σ.
1481 1497 1527 1522 Ω.
1551 1490 1628 1521 dant
1652 1502 1762 1532 corpus

1036 1546 1163 1574 mixtum
1179 1544 1270 1573 inani
1274 1558 1284 1579 ;
1310 1542 1406 1572 Vind.
1428 1553 1535 1581 corpus
1550 1542 1695 1582 injectum
1711 1544 1761 1574 in-

1035 1596 1102 1624 ani.
1150 1593 1306 1634 Regimen
1336 1603 1408 1623 vero
1433 1595 1560 1624 mixtum
1586 1596 1620 1624 in
1645 1593 1761 1625 iterum

1033 1656 1107 1676 mox
1123 1646 1207 1676 venit
1221 1645 1260 1676 ad
1277 1655 1337 1675 ver.
1354 1648 1447 1676 1070.
1469 1647 1592 1676 misceri
1613 1647 1646 1676 in
1668 1647 1762 1686 aqua‘i

1034 1697 1184 1727 fontibus:
1211 1703 1242 1726 et
1264 1698 1297 1727 in
1313 1696 1417 1726 literas
1431 1696 1522 1726 facile
1536 1696 1610 1727 elidi
1625 1697 1763 1736 potuisse

1035 1750 1118 1780 inter
1136 1749 1254 1779 similes
1275 1748 1387 1779 ductus
1409 1759 1460 1779 um
1483 1754 1575 1789 atque
1599 1751 1642 1785 in,
1668 1759 1763 1780 nemo

1036 1813 1100 1834 non
1127 1803 1285 1842 perspicit;
1309 1813 1349 1833 ne
1372 1802 1487 1840 dicam,
1500 1803 1672 1834 doctiorem
1686 1813 1762 1834 con-

1037 1856 1239 1885 structionem
1254 1855 1334 1885 forte
1349 1855 1518 1886 scribarum
1535 1855 1653 1886 nationi
1676 1866 1762 1886 scru-

1036 1907 1149 1946 pulum
1171 1907 1324 1948 injecisse,
1350 1913 1382 1938 et
1406 1907 1634 1948 vulgarioribus
1660 1907 1764 1939 deces-

1036 1970 1118 1990 sssse.

1079 2019 1153 2048 Ver.
1171 2021 1243 2050 943.
1268 2019 1398 2049 Sadent:
1420 2024 1463 2048 Ω.
1480 2021 1630 2055 Suadent;
1647 2024 1764 2058 puncto

1036 2075 1143 2100 tamen
1161 2069 1301 2110 ejusdem
1316 2070 1424 2100 scribae
1434 2080 1533 2101 manu
1547 2072 1607 2101 sub
1621 2082 1639 2101 a
1655 2071 1765 2110 posito.

1083 2121 1163 2152 Ibid.
1186 2124 1301 2153 Sudent
1315 2123 1438 2152 humore
1453 2115 1536 2153 saxa.
1580 2122 1687 2153 Etiam
1703 2123 1764 2154 ele-

1038 2176 1164 2216 gantius
1185 2175 1219 2205 in
1240 2176 1298 2205 hac
1320 2185 1354 2205 re
1375 2181 1513 2205 versatur
1538 2175 1577 2205 ad
1603 2176 1623 2205 i.
1638 2179 1712 2207 550.
1735 2183 1767 2208 et

1039 2227 1180 2257 conferas
1188 2227 1226 2257 iv.
1238 2230 1310 2258 628.
1328 2226 1471 2266 Speciose
1480 2226 1604 2257 locutus
1613 2233 1658 2258 est
1671 2228 1766 2259 Clau.

1038 2278 1150 2309 dianus
1165 2278 1203 2308 de
1219 2277 1316 2318 Tybri
1331 2277 1438 2316 fluvio,
1459 2278 1493 2308 in
1509 2278 1602 2310 Prob.
1626 2285 1658 2310 et
1674 2279 1766 2321 Olyb.

1039 2341 1122 2362 cons
1139 2334 1211 2363 221.

1433 2413 1539 2438 taurina
1548 2414 1674 2439 levantur

1102 2454 1220 2483 Cornua,
1236 2453 1403 2485 temporibus
1415 2459 1507 2478 raucos
1518 2453 1638 2478 sudantia
1650 2454 1734 2479 n'voJ.

1040 2533 1189 2564 Lucanus
1213 2538 1318 2563 autem
1341 2531 1462 2563 videtur
1483 2532 1672 2572 ipsissimum
1699 2533 1765 2564 Lu-

1040 2585 1130 2615 cretii
1145 2584 1250 2615 locum
1265 2584 1299 2614 in
1313 2583 1420 2615 animo
1437 2584 1591 2623 habuisse,
1603 2584 1643 2615 ad
1659 2584 1765 2616 Phara.

1041 2636 1079 2667 iv.
1094 2639 1167 2667 501.

1089 2721 1171 2744 Antra
1183 2725 1271 2751 neque
1281 2719 1382 2751 exiguo
1392 2719 1490 2744 stillant
1500 2717 1621 2743 sudantia
1631 2724 1694 2742 rore.

1044 2790 1172 2822 Addam
1188 2790 1373 2827 Manilium,
1388 2790 1430 2820 iii.
1445 2792 1517 2820 638.

1085 2866 1108 2889 N
1111 2870 1141 2889 ec
1152 2864 1269 2890 tolerant
1277 2863 1376 2890 medias
1387 2862 1498 2894 hyemes
1508 2860 1629 2886 sudantia
1640 2867 1719 2886 saxa:
