1926 3224
589 237 822 287 LIBER
868 236 1226 294 QUINTUS.

307 372 415 413 Cum
435 370 601 425 paribus
614 370 735 427 jungi
757 384 834 419 res,
858 377 898 411 et
919 368 1145 410 discludere
1164 366 1381 418 mundum,

190 450 273 486 440
305 445 579 500 Membraque
599 443 795 493 diffidere,
819 452 859 484 et
879 457 1048 499 magnas
1068 442 1284 496 disponere
1303 440 1451 497 parteis

304 519 548 575 Omnigenis
569 533 591 558 e
610 517 841 572 principiis;
874 516 1092 564 discordia,
1115 530 1293 570 quorum

303 591 534 639 Intervalla,
557 590 654 638 vias,
678 602 906 638 connexus,
929 586 1128 642 pondera,
1150 588 1305 644 plagas,

303 665 553 712 Concursus,
575 670 726 712 motus,
749 661 983 713 conturbat,
1006 661 1149 716 praelia
1168 662 1356 711 miscens,

156 837 265 868 Burm.
280 843 308 864 v.
322 836 374 864 40.
389 832 443 863 ubi
459 832 683 872 corruptissimi
695 832 880 868 scribuntur,

155 887 199 916 ita
212 890 343 926 possunt
357 884 520 914 constitui:

185 958 316 983 Humidus
327 957 389 982 inde
400 956 451 981 loci
463 956 600 981 conlustrat
612 956 743 987 Aquarius
755 956 837 981 urnd:

183 999 254 1024 Exin
265 998 437 1030 squamiferei
444 1001 553 1031 pergunt
564 997 686 1030 ecfulgere
699 998 790 1030 pisces.

155 1064 334 1102 Componas
360 1062 434 1092 ibid.
458 1066 508 1094 29.
531 1066 561 1093 6.
588 1061 637 1092 Sic
667 1063 782 1092 interea
809 1063 879 1099 loci,

153 1114 259 1144 Plaut.
284 1115 438 1144 Menaech.
454 1113 498 1144 iii.
519 1116 546 1143 1.
565 1116 593 1143 1.
639 1113 732 1143 Truc.
749 1113 768 1143 i.
788 1116 814 1142 1.
832 1115 880 1142 11.

153 1164 244 1195 Hinc
265 1164 481 1195 emendandus
510 1170 556 1194 est
585 1174 690 1194 versus
721 1163 880 1203 Chrysidis

153 1213 353 1254 Pacuvianae,
390 1216 475 1255 apud
505 1216 648 1246 Nonium
678 1215 879 1254 Marcellum,

152 1267 216 1298 viii.
231 1271 283 1298 57.

625 1341 723 1363 Interea
733 1339 790 1369 loci,

182 1379 285 1404 fluctei
302 1379 470 1410 flacciscunt,
491 1378 617 1404 silescunt
635 1378 737 1409 ventei,
758 1377 878 1404 mollitur

276 1426 361 1444 mare.

151 1489 240 1522 Libri
271 1489 358 1529 daut,
383 1491 504 1522 Interea
535 1492 610 1521 loca.
655 1489 723 1520 Adi
752 1490 877 1520 Terent.

152 1541 238 1572 Eun.
255 1541 276 1571 i.
303 1545 331 1572 2.
353 1544 404 1572 46.
427 1542 516 1581 cujus
541 1541 696 1581 Sosipater
720 1541 880 1571 Charisius

151 1592 307 1628 meminit,
316 1592 356 1623 ad
369 1604 399 1632 p.
414 1597 485 1624 180.
509 1592 659 1623 Similiter
661 1595 799 1632 postidea
812 1595 879 1629 loci,

151 1643 257 1674 Plaut.
275 1644 371 1674 Stich.
387 1654 414 1674 v.
430 1647 459 1675 5.
479 1648 526 1675 17.
550 1645 594 1674 Et
603 1651 709 1684 postea
725 1646 792 1679 loci,
812 1644 878 1674 Sal-

150 1695 222 1726 lust.
237 1696 260 1727 J
262 1706 315 1736 ug.
333 1695 383 1726 cii.
401 1699 427 1725 1.
444 1695 499 1726 ubi
513 1695 613 1726 Cortii
624 1695 728 1725 videas
737 1695 878 1726 animad-

150 1746 319 1777 versiones:
346 1746 365 1776 i.
381 1757 408 1777 e.
431 1746 456 1777 si
470 1746 581 1784 solvas,
606 1749 628 1765 “
646 1748 720 1777 Post
734 1757 768 1777 ea
789 1746 880 1776 istius

151 1799 176 1816 “
191 1799 250 1828 loci
265 1797 405 1828 eventa.”
455 1797 607 1828 Consulas
629 1798 725 1828 etiarn
739 1797 878 1828 eundem

155 1847 309 1884 Curtium,
324 1847 398 1878 ibid.
414 1847 492 1878 lxiii.
508 1853 536 1879 6.

196 1906 280 1937 Ibid.
295 1906 457 1948 Diffugere
465 1914 569 1947 partes
585 1918 714 1948 coepere:
731 1907 752 1939 i.
761 1919 787 1939 e.
804 1912 827 1928 “
840 1919 879 1939 ex

154 1960 178 1976 “
193 1957 251 1988 ista
266 1958 386 1989 unitate
401 1968 506 1989 rerum
521 1959 640 1989 secerni
651 1968 771 1998 coepere
786 1959 819 1989 in
831 1960 878 1990 lo-

153 2011 176 2028 “
191 2019 267 2039 eum
287 2009 480 2049 proprium.”
524 2010 671 2040 Eandem
686 2020 755 2040 rem
771 2009 878 2040 Mani-

151 2058 214 2091 lius
228 2060 271 2091 sic
284 2061 467 2092 summatim
481 2061 633 2100 exposuit,
650 2061 669 2091 i.
687 2064 760 2093 125.

285 2144 423 2176 permixta
433 2144 513 2169 chaos
525 2148 616 2170 rerum
632 2144 780 2176 primordia
795 2151 881 2176 quon-

276 2184 340 2208 dam

184 2221 316 2247 Discrevit
326 2225 447 2254 partu—.

197 2290 279 2322 Ibid.
296 2303 389 2332 pares
407 2295 483 2324 Cum
495 2295 624 2333 paribus
629 2294 727 2334 jungi
741 2305 797 2325 res.
829 2294 881 2324 Ita

153 2338 279 2374 locutus
299 2350 345 2375 est
359 2345 542 2376 Venusinus
566 2352 663 2385 vates,
690 2346 775 2386 epist.
802 2346 822 2376 i.
850 2348 879 2377 5.

155 2397 207 2427 25.

657 2475 687 2498 ut
698 2473 778 2498 coEat
787 2476 848 2505 par,

216 2512 410 2543 Jungaturque‚
419 2512 518 2544 pari—‘-

196 2581 272 2613 Ver.
299 2586 370 2614 459.
402 2585 588 2615 discludere:
623 2584 643 2614 i.
667 2594 694 2614 e.
727 2587 749 2603 “
765 2594 878 2614 unam-

154 2636 178 2653 “
195 2643 355 2675 quamque
369 2634 481 2665 mundi
495 2640 627 2674 partem,
639 2635 727 2675 quasi
739 2635 773 2664 in
783 2635 882 2665 caulis

154 2687 178 2704 ‘⁶
193 2686 269 2724 suis,
285 2692 317 2716 et
330 2686 413 2717 intra
427 2692 523 2726 saepta
537 2697 603 2723 sua,
618 2689 782 2726 separatim
796 2689 881 2718 clau-

155 2737 179 2755 “
193 2737 294 2768 dere.''
342 2738 528 2768 Committas
544 2738 632 2778 Virg.
649 2738 724 2768 AEn.
735 2737 788 2769 xii.
806 2740 881 2769 782.

155 2787 312 2828 Apposite
336 2788 458 2828 Cicero,
481 2789 573 2819 Tusc.
596 2789 696 2828 dispp.
718 2789 738 2820 i.
757 2793 805 2820 10.
827 2789 884 2830 qui

155 2837 253 2875 locus,
272 2849 346 2870 voce
361 2840 547 2880 transposita
561 2839 721 2880 singulari,
736 2850 768 2870 se
782 2840 882 2870 unde-

156 2898 281 2931 quaque
296 2892 472 2923 dilucidum
481 2893 619 2930 haberet,
629 2902 665 2922 ac
675 2892 879 2923 concinnum:

158 2942 182 2959 “
198 2941 280 2981 Ejus
297 2942 403 2974 doctor
418 2943 511 2976 Plato
526 2942 792 2987 triplicem—finxit
813 2942 882 2974 ani-

200 2999 289 3033 VoL.
309 2998 378 3033 ΙΙΙ.

925 836 949 852 “
965 842 1064 863 mam:
1096 833 1186 873 cujus
1201 832 1422 872 principatum,
1439 828 1470 862 id
1486 837 1542 870 est,
1562 831 1655 862 ratio-

925 888 947 902 “
964 894 1047 920 nem,
1064 884 1096 914 in
1108 884 1207 923 capite
1224 884 1279 922 sic,
1296 890 1331 914 ut
1346 884 1378 913 in
1396 893 1476 920 arce,
1492 883 1609 923 posuit3
1626 889 1657 913 et

926 939 948 954 “
964 936 1042 965 duas
1058 942 1169 974 partes,
1185 947 1261 976 quas
1271 947 1381 975 parere
1397 935 1505 971 voluit,
1532 935 1609 965 iram
1625 941 1655 965 ct

925 989 948 1004 “
964 986 1180 1024 cupiditatem,
1213 986 1288 1016 locis
1319 988 1457 1017 disclusit
1463 1001 1473 1021 ‚·
1510 986 1590 1016 iram
1621 986 1653 1015 in

925 1041 948 1056 “
965 1043 1100 1076 pectore,
1123 1037 1327 1076 cupiditatem
1351 1039 1456 1068 subter
1471 1037 1650 1076 praecordia,

927 1093 950 1109 “
967 1089 1110 1120 locavit.‘’
1160 1089 1310 1126 Avienus,
1326 1091 1390 1119 orb.
1406 1089 1486 1119 desc.
1505 1093 1575 1121 198.

969 1158 1102 1182 Thracius
1112 1160 1238 1189 angustas
1249 1156 1367 1181 discludit
1378 1157 1508 1188 Bosporus
1520 1163 1578 1180 oras
1589 1162 1596 1178 ε

924 1214 942 1244 i.
959 1225 983 1244 e.
999 1216 1121 1252 dividit,
1138 1219 1174 1244 ut
1188 1219 1292 1243 noster
1309 1213 1420 1251 Carus,
1438 1213 1457 1243 i.
1474 1216 1546 1243 721.
1570 1212 1651 1242 Pru-

923 1265 1048 1295 dentius
1069 1275 1193 1306 quoque
1214 1264 1358 1294 adhibuit
1383 1273 1491 1293 vocem
1517 1263 1550 1292 in
1579 1263 1649 1293 Ha-

923 1322 1012 1346 mart.
1030 1320 1101 1347 648.
1118 1320 1191 1348 905.
1215 1326 1288 1346 cum
1303 1314 1491 1356 quibusdam
1506 1313 1583 1345 aliis.

964 1368 1038 1398 Ver.
1051 1370 1122 1398 440.
1139 1368 1277 1398 Membra
1289 1368 1423 1397 dividere
1438 1372 1467 1397 et
1483 1368 1650 1405 disponere.

924 1419 1056 1450 Ovidius
1070 1420 1136 1448 haec
1150 1418 1273 1448 videtur
1288 1416 1528 1457 contemplatus,
1540 1422 1616 1446 met.
1631 1416 1649 1444 iv

921 1474 972 1501 5‘2.

1055 1543 1211 1575 dispositam,
1223 1543 1338 1574 quisquis
1349 1542 1402 1567 fuit
1413 1541 1456 1568 ille
1468 1543 1594 1571 deorum,

944 1583 1105 1615 Congeriem
1117 1582 1205 1612 secuit,
1216 1586 1372 1613 sectamque
1381 1582 1408 1606 in
1417 1581 1527 1606 membra
1536 1582 1648 1613 redegit.

925 1654 1020 1684 Unde
1034 1653 1126 1684 lectio
1141 1653 1262 1689 codicis,
1279 1663 1374 1693 quam
1390 1652 1480 1683 nobis
1493 1653 1650 1683 Burman·

923 1715 984 1735 nus
999 1706 1210 1743 commendat,
1234 1705 1288 1735 sed
1310 1715 1377 1735 non
1399 1705 1490 1734 solito
1504 1714 1562 1734 suo
1577 1714 1651 1734 cum

917 1756 1049 1797 judicio,
1073 1759 1266 1796 compositam
1287 1766 1412 1795 nempe,
1439 1755 1541 1785 multo
1564 1755 1651 1785 infir-

921 1813 1040 1846 mann-3
1065 1814 1096 1838 et
1118 1817 1191 1838 sane
1213 1806 1302 1837 nulla
1327 1807 1366 1837 de
1388 1806 1496 1837 caussa
1525 1805 1649 1835 admitti

922 1859 1021 1890 debet.

967 1910 1039 1940 Ver.
1057 1913 1128 1940 442.
1145 1911 1223 1940 vias:
1242 1908 1339 1939 Vind.
1354 1909 1646 1947 zaim—pondera.

924 1961 954 1992 V
956 1961 1019 1991 ind.
1039 1967 1079 1992 H.
1095 1966 1130 1993 Σ.
1148 1962 1291 2000 pondere.

966 2012 1042 2042 Ver.
1064 2015 1136 2042 445.
1159 2010 1329 2042 conturbat.
1376 2011 1458 2040 Haec
1471 2015 1517 2040 est
1531 2010 1652 2039 verissi=³

923 2074 976 2094 ma
992 2063 1084 2094 lectio
1098 2064 1207 2102 poistae,
1233 2063 1324 2093 nobis
1347 2062 1454 2092 codice
1480 2067 1588 2092 nostro
1606 2068 1651 2092 Ω.

924 2122 1119 2147 conservata:
1145 2123 1268 2156 μεγαλη
1283 2128 1368 2156 χοιρις
1394 2127 1483 2154 ava-41.
1529 2113 1651 2143 Eadem

924 2168 1100 2207 comparuit
1124 2168 1219 2198 etiam
1242 2168 1279 2196 in‘
1299 2167 1442 2207 margine
1457 2166 1652 2195 Veronensis

925 2219 1079 2255 editionis,
1106 2219 1158 2249 cui
1185 2218 1295 2248 vetusti
1312 2216 1475 2258 cujusdam
1491 2215 1562 2246 libri
1578 2216 1651 2246 MS.

923 2271 1084 2301 varietates
1099 2275 1186 2300 erant
1209 2269 1308 2306 illitae,
1334 2277 1430 2307 penes
1457 2267 1651 2297 Havercam-

923 2333 1008 2362 pum.
1055 2322 1189 2362 Reliqua
1205 2320 1312 2351 omnia
1326 2318 1524 2358 exemplaria,
1545 2319 1651 2348 turba-

924 2376 991 2409 bat;
1014 2373 1099 2414 quod
1123 2379 1248 2411 tempus
1277 2371 1322 2401 rei
1351 2370 1517 2410 praeteritae
1546 2369 1652 2399 minus

924 2424 1078 2455 convenit.
1125 2423 1259 2462 Insuper
1271 2422 1375 2461 ipsum
1387 2422 1516 2451 verbum
1528 2427 1651 2451 contur-

924 2477 1006 2514 bare,
1022 2474 1071 2505 vel
1086 2474 1148 2505 ιιηᾶ
1165 2476 1267 2504 omnia
1283 2475 1418 2510 turbare,
1434 2478 1465 2502 et
1476 2471 1587 2502 fortius
1596 2476 1651 2507 est,

924 2535 956 2559 et
970 2528 1207 2560 convenientius
1222 2537 1314 2566 scopo
1330 2526 1400 2562 loci,
1424 2525 1565 2564 simplice
1578 2531 1648 2556 tur-

924 2583 1003 2612 bare.
1051 2581 1091 2610 In
1107 2579 1327 2619 superioribus,
1351 2578 1392 2608 ad
1409 2578 1429 2608 i.
1452 2580 1502 2609 71.
1525 2576 1653 2614 scilicet,

925 2632 1035 2663 inritat
1051 2631 1196 2669 vidimus,
1211 2640 1267 2670 pro
1282 2631 1422 2660 inritavit
1430 2644 1441 2665 ;
1465 2629 1499 2658 in
1519 2627 1563 2658 iii.
1580 2631 1652 2659 710.

919 2682 1047 2723 peritdt,
1062 2693 1119 2722 pro
1129 2681 1293 2722 ρενίιᾶναῖ,
1307 2680 1357 2710 vel
1371 2680 1476 2722 potius
1485 2680 1634 2719 peritavz‘t
1640 2694 1652 2714 ;

927 2740 958 2764 et
977 2734 1010 2764 in
1026 2734 1064 2764 vi.
1080 2736 1151 2765 586.
1196 2730 1370 2768 Discurbdt‚
1393 2740 1449 2770 pro
1471 2731 1654 2761 disturbavit

927 2786 1076 2826 positum,
1098 2795 1174 2815 mox
1189 2784 1371 2815 videbimus.
1417 2782 1507 2812 Hinc
1522 2781 1655 2812 omnino

927 2837 1076 2868 assentior
1091 2836 1271 2867 acutissimo
1290 2836 1399 2871 Fabro‚
1418 2833 1459 2864 ad
1475 2838 1618 2863 nostrum
1634 2833 1652 2861 ἑ.

928 2892 978 2922 71.
1001 2890 1044 2920 ita
1058 2888 1192 2930 capienti
1207 2888 1404 2927 Terentium,
1426 2886 1461 2917 in
1477 2886 1607 2918 Phorm,

929 2943 957 2972 7.
973 2944 1022 2972 50.

912 3001 940 3030 F
