1926 3224
287 256 382 297 240

742 253 814 301 T.
856 251 1234 302 LUCRETII

344 385 398 422 30
431 382 511 424 Seu
531 397 640 431 casu,
662 395 732 423 seu
751 381 807 432 vi,
827 382 940 437 quod
958 382 1015 424 sic
1036 383 1197 425 Natura
1214 392 1412 439 parasset3

429 455 486 496 Et
505 454 649 510 quibus
669 469 693 495 e
711 454 839 509 portis
859 455 1023 498 obcurri
1042 458 1220 512 quoique
1239 456 1415 499 deceret:

426 528 484 569 Et
503 542 631 584 genus
650 527 877 570 humanum
894 528 1046 571 frustra
1062 530 1302 586 plerumque
1320 531 1509 586 probavit

428 601 603 642 Volvere
622 616 814 643 curarum
833 602 980 643 tristeis
998 603 1042 643 in
1061 611 1227 658 pectore
1245 604 1405 645 fluctus.

427 675 554 726 Nam,
575 675 719 717 velutei
739 676 878 731 puerei
898 677 1122 732 trepidant,
1143 686 1265 734 atque
1285 678 1424 719 omnia
1443 678 1560 720 caecis

340 753 393 789 35
425 748 477 790 In
497 749 674 791 tenebris
692 757 895 800 metuunt,
917 750 974 791 sic
993 765 1069 791 nos
1089 751 1133 791 in
1152 751 1243 792 luce
1261 753 1451 793 timemus

429 822 660 873 Interdum,
681 823 811 864 nihilo
831 838 924 879 quae
944 832 1039 866 sunt
1057 825 1281 866 metuunda
1299 826 1445 883 magis,
1466 839 1590 881 quam

430 895 539 944 Quae
559 897 698 951 puerei
717 896 761 937 in
781 897 956 938 tenebris
976 898 1172 953 pavitant,
1195 898 1436 956 finguntque
1454 899 1604 941 futura.

431 967 563 1010 Hunc
583 968 708 1026 igitur
726 978 924 1012 terrorem
944 971 1085 1023 animi,
1106 972 1386 1029 tenebrasque,
1408 988 1569 1015 necesse
1588 980 1648 1015 est

328 1121 402 1155 Ver.
419 1127 469 1157 29.
507 1125 592 1159 Quod
604 1126 721 1166 flueret
745 1128 900 1158 naturali:
933 1127 954 1158 i.
978 1138 1004 1159 e.

286 1175 419 1207 naturali
423 1178 529 1217 fluxu,
551 1177 600 1207 vel
604 1179 709 1218 fluore
721 1194 732 1214 ‚-
756 1179 891 1215 nomine,
914 1185 950 1209 ut
971 1179 1006 1209 fit

285 1231 462 1270 saepissime,
499 1232 581 1262 intra
608 1235 736 1264 verbum
765 1233 1000 1272 comprehenso:

284 1283 398 1323 quibus
425 1283 567 1314 formulis
596 1284 676 1314 nihil
706 1284 833 1318 doctius,
869 1282 1003 1322 planius,

285 1333 469 1374 elegantiuS,
492 1340 547 1364 aut
560 1335 662 1374 magis
683 1334 917 1364 Lucretianum.
961 1333 1005 1362 Et

285 1385 416 1424 hujusce
443 1385 599 1424 phraseos,
635 1395 705 1424 quae
734 1384 837 1414 statim
866 1382 1004 1418 veniunt,

284 1436 413 1476 pulchre
426 1442 500 1466 sunt
514 1435 719 1475 epexegefica,
742 1435 782 1465 de
797 1435 934 1465 ubertate
949 1445 1004 1474 po-

283 1487 342 1517 Etae
357 1492 460 1516 nostro
475 1486 563 1516 valde
578 1485 733 1516 familiari.
780 1485 878 1516 Nulla
892 1492 938 1515 est
952 1495 1005 1515 va-

284 1539 378 1570 rietas
393 1539 424 1568 in
442 1539 529 1568 libris
542 1539 682 1574 vetustis,
704 1545 908 1580 praeterquam
923 1539 1007 1580 quod

285 1590 383 1621 Vind.
398 1590 441 1621 V.
459 1590 506 1620 ed.
530 1590 570 1621 O.
597 1596 631 1621 Δ.
657 1597 699 1621 Π.
726 1597 759 1622 Σ.
784 1598 829 1622 Ω,
851 1591 1006 1632 dentfue-

284 1643 327 1672 rit
342 1651 398 1680 pro
401 1643 518 1682 flueret
524 1657 535 1678 ;
561 1648 590 1672 n
609 1644 747 1679 naturai,
770 1643 835 1674 vice
851 1645 1004 1679 naturam

286 1692 323 1723 P.
338 1694 401 1723 viro
416 1699 520 1732 atque,
547 1692 615 1722 loco
629 1695 768 1733 varieque
774 1709 785 1730 ;
809 1704 845 1724 ac
861 1700 902 1724 Π.
917 1693 1008 1724 deni—

285 1753 346 1783 que
365 1744 458 1778 Quid,
474 1753 530 1781 pro
550 1745 644 1777 Quod.
666 1744 741 1775 Jam
757 1754 828 1774 vero
840 1743 1006 1775 insulsissi-

285 1804 353 1824 mas
368 1800 399 1824 et
419 1794 648 1833 intempestivas
663 1795 826 1825 doctorum
841 1796 1006 1826 hominum

286 1844 488 1884 conjecturas,
510 1844 704 1875 multimodis
718 1845 869 1876 misenum
885 1856 1007 1876 versum

285 1894 551 1932 discruciandam,
575 1895 660 1934 piget
682 1895 839 1936 pudetque
861 1896 1007 1926 dinume-

286 1955 362 1975 rare.
407 1944 448 1975 In
462 1945 623 1985 spongiam
639 1945 830 1977 incumbant.

329 1995 411 2026 Ibid.
437 1996 558 2026 Omnes
574 1997 670 2028 MSS.
685 2000 833 2029 naturali.
853 1998 948 2039 Lege:

363 2091 443 2122 Quod
455 2091 550 2117 flueret
562 2092 679 2117 naturali
688 2092 795 2123 ratione,
805 2092 908 2118 volaret

364 2132 414 2156 scu
426 2138 497 2156 casu.

761 2172 985 2203 ΒεΝτῐ-ειυε.

287 2253 412 2285 Eodem
432 2264 586 2292 successu,
608 2265 670 2295 quo
695 2254 810 2294 priores
831 2255 1010 2286 emendato-

288 2316 354 2344 res;
369 2306 439 2336 loco
454 2306 616 2337 sanissimo
631 2307 820 2337 medicinam
836 2307 1010 2338 inconsulte

288 2363 380 2397 atque
394 2357 624 2387 incontinenter
645 2358 802 2388 facientes:
831 2368 925 2398 quam
948 2358 1010 2388 for-

289 2413 400 2438 tunam
424 2418 518 2438 nemo
540 2409 653 2448 saepius
674 2415 817 2448 expertus
839 2415 893 2445 est,
915 2419 1010 2450 quam

289 2467 394 2492 noster
420 2462 527 2493 Carus.
573 2462 740 2493 Creechius
764 2477 919 2502 ατοτομως
943 2473 1011 2493 rem

289 2521 398 2552 gerere
412 2512 545 2551 volebat,
561 2523 683 2544 versum
693 2513 861 2544 delendum
873 2523 939 2544 esse
949 2520 1009 2544 sta-

289 2569 390 2593 tuens.
415 2564 501 2595 Ohe!
519 2563 600 2594 satis.

333 2614 407 2644 Ver.
422 2617 472 2645 50.
494 2617 538 2645 sic
553 2621 684 2645 natura:
709 2615 746 2645 L.
763 2615 810 2646 M.
831 2617 1009 2656 signatura,-

293 2664 329 2696 Δ.
347 2671 461 2702 autem,
477 2668 517 2697 sit
531 2673 657 2698 natura.

337 2717 418 2749 Ibid.
441 2729 493 2750 seu
507 2720 554 2750 vi:
580 2718 756 2750 committas
781 2729 841 2750 ver.
866 2721 938 2751 758.
962 2718 1011 2749 in·

292 2766 397 2800 serius.

335 2817 410 2848 Ver.
425 2822 475 2849 51.
493 2821 535 2850 Et
548 2831 584 2851 e:
603 2820 644 2850 V.
660 2819 710 2851 ed.
728 2825 764 2852 Δ.
780 2822 812 2851 Ε
825 2831 858 2858 e‚·
875 2821 1012 2852 13.Eee.

339 2867 421 2898 Ibid.
443 2871 550 2908 quibus
576 2881 592 2901 e
608 2873 708 2910 portis
733 2873 854 2903 obcurri
877 2873 1013 2911 quoique.

295 2917 479 2950 Translatus
493 2925 539 2951 est
551 2930 652 2952 sermo
667 2923 706 2952 ab
720 2932 778 2952 usu
797 2922 941 2953 castrensi
956 2921 1014 2952 mi-

1047 1127 1154 1167 litum;
1177 1129 1260 1169 quod
1281 1128 1338 1158 viri
1360 1127 1442 1158 docti
1465 1133 1547 1158 recte
1571 1126 1764 1159 animadver-

1047 1186 1159 1210 terunt.
1182 1179 1336 1220 Virgilius
1349 1180 1407 1210 hac
1421 1178 1522 1220 figura
1537 1189 1614 1210 usus
1624 1184 1681 1218 est,
1695 1189 1764 1220 geo.

1047 1229 1086 1260 iv.
1103 1233 1152 1260 78.

1047 1303 1126 1334 Ergo,
1139 1302 1185 1327 ubi
1192 1309 1240 1328 ver
1249 1305 1339 1328 nactae
1351 1303 1459 1334 sudum,
1469 1309 1631 1335 camposque
1641 1302 1767 1335 patentis,

1048 1344 1193 1374 Erumpunt
1199 1343 1288 1374 portis.-
1303 1343 1472 1369 concurritur
1482 1343 1585 1370 aethere
1595 1343 1622 1368 in
1632 1343 1687 1369 alto
1694 1352 1706 1375 ς

1047 1381 1088 1405 Fit
1098 1382 1268 1407 sonitus——.

1050 1457 1101 1488 Ita
1123 1458 1209 1489 locus
1234 1465 1300 1490 erat
1328 1459 1582 1500 distinguendu53
1612 1465 1644 1491 et
1671 1459 1769 1491 voluit

1050 1509 1204 1540 Heinsius
1232 1513 1267 1541 Se
1296 1517 1454 1551 rumpunt,
1493 1521 1549 1550 pro
1573 1512 1769 1552 Erumpunt,-

1049 1561 1142 1602 longe
1158 1562 1376 1594 infelicissime.

1093 1614 1166 1645 Ver.
1192 1618 1242 1645 52.
1275 1617 1336 1646 Ει.·
1367 1615 1613 1655 Ι-Ιανετοειῐηριιε,
1638 1617 1697 1652 At‚·
1730 1624 1770 1647 ex

1050 1665 1187 1702 arbitrio,
1209 1665 1263 1696 sed
1277 1666 1439 1704 inutiliter,
1462 1673 1493 1696 et
1518 1667 1584 1696 sine
1609 1665 1768 1697 caussa.—

1045 1717 1201 1756 probavit:
1229 1723 1269 1747 Π.
1284 1719 1434 1757 probaret.

1093 1768 1167 1798 Ver.
1183 1771 1233 1798 55.
1265 1769 1397 1799 Volvere:
1425 1768 1520 1799 Vind.
1538 1769 1577 1799 O.
1595 1775 1635 1800 11.
1659 1770 1770 1800 Vulne-

1049 1829 1098 1854 η’,-
1121 1819 1157 1848 L.
1176 1819 1222 1849 M.
1239 1823 1272 1850 Σ.
1297 1821 1434 1855 Volnere;
1461 1825 1504 1850 Ω.
1528 1821 1697 1851 Vulnerere.

1094 1870 1173 1900 Ibid.
1204 1872 1321 1901 Volvere
1345 1881 1490 1901 curarum
1515 1873 1627 1902 tristeis
1640 1873 1770 1912 fluctus.

1052 1921 1328 1957 Quemadmodum
1353 1922 1506 1960 Catullus,
1530 1928 1629 1962 nuptt.
1653 1922 1718 1954 Pel.
1740 1928 1772 1954 et

1052 1973 1142 2003 Thet.
1157 1978 1207 2004 62.

1276 2041 1379 2073 magnis
1390 2048 1509 2066 curarum
1512 2040 1626 2071 fluctuat
1635 2041 1722 2067 undis.-

1053 2108 1122 2138 quae
1138 2099 1291 2140 Virgilius
1305 2100 1445 2139 arripuit,
1467 2100 1541 2130 AEn.
1557 2100 1619 2130 viii.
1636 2104 1686 2132 19.

1259 2174 1358 2199 magno
1368 2173 1492 2192 curarum
1505 2166 1618 2192 fluctuat
1629 2171 1708 2192 aestu.

1055 2222 1094 2252 In
1110 2223 1290 2262 metaphora
1312 2223 1492 2264 pervulgata
1513 2234 1577 2254 non
1592 2223 1772 2264 adjecissem

1055 2273 1177 2309 Silium,
1208 2274 1267 2304 nisi
1291 2281 1327 2304 ut
1351 2284 1556 2315 expurgarem
1582 2274 1708 2314 menda,
1732 2275 1772 2306 ad

1054 2325 1115 2355 viii.
1129 2329 1180 2356 32.

1055 2394 1143 2424 Surge,
1153 2399 1214 2425 age,
1224 2397 1252 2418 et
1263 2393 1366 2418 insanos
1371 2400 1492 2418 curarum
1503 2393 1759 2426 comprimefluctus.

1054 2459 1170 2500 Vulgo,
1195 2462 1312 2501 Perge5
1335 2461 1389 2491 sed
1410 2462 1478 2491 haec
1499 2462 1622 2501 propria
1636 2468 1710 2492 sunt
1722 2461 1773 2492 in-

1054 2511 1175 2541 citantis
1190 2513 1291 2548 verba,
1314 2518 1344 2542 et
1358 2523 1377 2542 a
1392 2512 1540 2553 Virgilio,
1566 2513 1640 2543 AEn.
1657 2523 1686 2544 x.
1702 2516 1772 2544 241.

1054 2561 1225 2601 desumpta.
1273 2563 1421 2594 conferas
1446 2569 1561 2599 autem,
1584 2573 1647 2594 non
1669 2563 1774 2594 minus

1053 2613 1211 2654 eleganter
1225 2621 1397 2650 canentem,
1415 2614 1484 2644 val.
1501 2614 1599 2645 Flacc.
1614 2623 1642 2644 v,
1655 2617 1728 2644 305.
1740 2618 1775 2644 et

1056 2664 1155 2694 Hom.
1173 2664 1211 2694 Il.
1229 2671 1250 2695 1.
1268 2668 1359 2696 1-9.

1098 2715 1172 2746 Ver.
1188 2718 1239 2745 34.
1261 2722 1350 2756 atque
1363 2729 1373 2746 :
1400 2722 1440 2746 Π.
1455 2717 1552 2750 velut;
1577 2713 1774 2754 perelegante

1055 2766 1211 2804 varietate,
1234 2777 1308 2796 nam
1319 2766 1362 2796 sic
1376 2776 1480 2797 versus
1487 2764 1694 2805 pulcherrime
1701 2774 1771 2804 pro-

1057 2818 1193 2848 cessisset
1206 2817 1361 2852 ασυνδετσς.

1099 2869 1173 2899 Ver.
1201 2872 1252 2899 37.
1262 2871 1468 2910 finguntque:
1495 2867 1534 2899 V.
1561 2867 1608 2899 ed.
1621 2867 1773 2909 fugiunt-

1057 2923 1199 2962 que.-in
1215 2921 1300 2952 abest
1316 2926 1356 2952 n.
