1926 3224
603 237 837 286 LIBER
883 237 1177 286 SEXTUS.

1549 242 1642 282 :305

301 369 433 410 Terra
452 383 625 424 superne
644 370 797 420 tremit,
818 370 978 427 magnis
998 383 1194 410 concussa
1211 367 1338 410 ruinis

301 443 465 494 Subter,
497 443 567 484 ubi
587 443 787 500 ingenteis
807 443 1017 497 speluncas
1037 443 1195 484 subruit
1214 451 1331 492 aetas3

186 521 266 557 545
299 516 466 572 Quippe
486 517 638 558 cadunt
657 516 755 557 totei
776 524 950 565 montes,
972 530 1206 571 magnoque
1224 523 1392 571 repente

302 590 514 631 Concussu
535 589 614 630 late
632 588 864 642 disserpunt
883 587 981 628 inde
1000 596 1214 628 tremores:

299 663 356 705 Et
378 663 524 703 merito
531 679 544 711 ς
577 661 788 716 quoniam,
810 660 974 716 plostris
994 675 1205 712 concussa,
1226 663 1466 705 tremiscunt

148 836 323 874 putandum
349 840 409 865 est:
434 833 454 864 i.
481 843 507 864 e.
531 834 692 864 submerso
709 834 817 875 ante;
844 840 880 865 ut

154 891 265 921 noster,
288 895 315 915 v.
333 888 403 916 271.
426 891 457 915 et
471 884 560 915 alias:
587 896 662 916 nam
685 886 879 916 Havercam-

151 948 210 977 pus
233 942 442 977 portentosam
471 937 564 978 plane
593 944 624 968 et
645 938 879 969 subtilissimam

154 989 453 1028 interpretationem,
475 997 570 1029 quam
591 988 678 1029 piget
701 999 877 1029 recoquere,

153 1048 353 1072 commentus
382 1048 435 1072 est.
481 1041 532 1071 Sic
569 1047 674 1072 autem
706 1041 878 1082 legendum

152 1092 407 1132 existimavimus,
429 1103 469 1124 ne
483 1100 599 1123 temere
612 1093 789 1124 videremur
803 1094 876 1124 doc-

150 1144 191 1174 tis
206 1144 278 1174 viris
299 1144 471 1182 dissentire,
495 1144 539 1174 ita
562 1143 714 1174 librorum
737 1150 878 1174 veterum

154 1195 342 1234 corruptelas
371 1195 590 1225 evolventibus,
645 1195 738 1225 Forte
773 1201 879 1226 tamen

153 1247 283 1287 vestigia
298 1247 520 1286 scripturarum
539 1246 583 1276 sic
598 1246 733 1286 pressius
746 1245 809 1287 legi
824 1256 880 1286 po·

156 1302 269 1327 terant:

378 1379 510 1404 submersis
520 1378 641 1412 capitibus
651 1378 766 1404 dandum
777 1381 833 1405 est:

155 1451 174 1482 i.
191 1461 217 1482 e.
238 1451 382 1491 cap’cz'bu’
410 1450 552 1482 dandum
578 1456 630 1481 est.
677 1451 713 1481 P.
732 1450 772 1481 Ο.
786 1456 817 1481 et
834 1457 878 1482 Ω.

152 1505 362 1544 submersaque
398 1515 472 1534 saxa
505 1505 679 1543 putandum
715 1509 766 1534 est.
811 1503 879 1533 Nec

153 1554 291 1594 profecto
314 1564 366 1584 me
396 1554 527 1584 omnino
553 1564 736 1594 persuasum
765 1555 877 1592 habeo,

152 1612 337 1636 caeterorum
366 1605 517 1636 librorum
545 1605 694 1636 lectiones
723 1616 788 1635 non
814 1616 879 1636 esse

151 1666 255 1687 meras
286 1655 518 1696 depravationes
547 1657 660 1686 harum
689 1655 877 1694 dictionum,

152 1717 224 1738 vere
238 1707 384 1738 Lucretio
398 1707 583 1746 positarum:
610 1706 649 1737 de
667 1717 730 1747 quo
751 1706 879 1737 lectores

147 1759 298 1800 judicent.
343 1759 441 1789 Vind.
469 1759 505 1789 L.
523 1759 571 1789 M.
596 1760 759 1790 submersos
782 1769 878 1798 capu·

153 1813 283 1842 tandum
312 1817 371 1842 est:
397 1820 454 1841 nec
477 1810 630 1849 discrepat
652 1814 687 1840 Δ.
714 1811 880 1841 submersos

151 1874 190 1894 ea
214 1865 389 1904 putandum
419 1868 477 1899 est;
509 1862 606 1892 literis
630 1873 646 1892 c
672 1867 704 1892 et
725 1873 741 1892 e
762 1861 879 1901 passim

152 1914 304 1945 confusis:
325 1913 365 1944 V.
381 1912 428 1944 ed.
444 1913 481 1944 B.
496 1914 655 1944 submersis
669 1915 878 1952 caputandum

153 1973 214 1997 est.-
241 1971 276 1997 Σ.
300 1967 459 1997 submersis
484 1967 616 2005 hincque
633 1966 810 2004 putandum
826 1970 878 1995 est.

153 2016 298 2047 Editores
333 2017 427 2056 probe
463 2015 664 2046 contulerunt
692 2015 880 2046 Ennianum

152 2077 288 2104 oermen,
305 2067 410 2099 Gellio
425 2067 593 2108 Nonioque
608 2066 833 2099 collaudatum:

168 2151 294 2184 Capitibus
304 2150 439 2176 nutanteis
449 2151 535 2183 pinos,
550 2154 691 2183 rectosque
701 2157 847 2183 cupressos,

156 2229 330 2261 Varietates
344 2230 412 2261 cod.
427 2235 461 2262 Σ.
484 2241 556 2261 vero
571 2230 691 2260 faciunt
706 2229 878 2266 consimile,

155 2283 240 2325 quod
255 2284 425 2324 subjicitur,
447 2290 618 2315 tentamen:

156 2365 271 2391 volvere
281 2365 309 2390 vi
319 2365 427 2397 fluctus,
443 2366 567 2391 submerso
574 2366 655 2398 funte
665 2365 818 2398 putandum
827 2368 878 2392 est.

158 2450 244 2487 Quae
254 2450 404 2482 divinatio
428 2450 530 2491 magis
552 2450 714 2490 magisque
735 2448 881 2480 arridebit

154 2501 320 2533 lectoribus
341 2501 569 2532 elementorum
590 2501 719 2541 vestigia
740 2506 878 2531 contem-

155 2553 322 2593 plantibus.
369 2553 401 2583 Si
425 2552 528 2592 capias
549 2552 634 2583 enim
648 2551 728 2582 illud
747 2553 879 2582 submer-

155 2615 202 2635 sos
230 2603 364 2634 aliorum
392 2603 545 2638 codicum,
575 2609 606 2633 et
629 2609 735 2633 tecum
758 2609 882 2642 reputes

155 2654 279 2685 literam
283 2655 313 2696 s
321 2655 356 2685 in
360 2654 391 2696 s
397 2654 580 2694 saepiuscule
591 2654 727 2695 migrare
733 2666 743 2692 3
765 2654 880 2693 aspira-

153 2713 221 2738 tam
234 2706 362 2746 insuper
382 2706 506 2736 literam
520 2706 634 2746 passim
654 2705 773 2743 omitti;
795 2705 879 2735 vide-

156 2757 206 2789 bis
227 2767 392 2797 exsurgere
408 2758 498 2799 (nam
520 2756 596 2798 quid
616 2757 727 2786 attinet
749 2756 788 2786 de
810 2767 880 2796 per-

157 2808 251 2848 petua
276 2822 330 2839 των
352 2820 368 2839 c
390 2819 427 2838 ac
447 2815 458 2839 t
481 2807 727 2838 commutatione
752 2807 879 2849 loqui?)

157 2870 196 2890 ex
209 2862 371 2892 submersos
392 2863 532 2901 hincque,
555 2860 602 2890 vel
625 2861 772 2891 submerso
783 2861 880 2903 finte,

156 2910 342 2950 ipsissimam
358 2911 530 2949 lectionem,
546 2921 639 2953 quam
652 2911 882 2952 proposuimus,

924 834 1029 865 addito
1040 839 1163 865 tantum
1178 834 1253 865 recti
1268 831 1486 866 calamiductu
1501 835 1661 876 simplice.

926 886 987 916 Sed
1002 886 1087 916 enim
1108 886 1271 917 redeamus
1285 886 1319 916 in
1345 887 1437 924 viam,
1464 894 1531 927 post
1553 899 1650 929 quam

925 937 1152 975 monuerimus,
1177 948 1240 978 quo
1266 938 1364 968 simus
1387 939 1420 968 in
1446 940 1648 970 omnibusne-

922 988 1056 1028 quiores,
1081 999 1186 1018 saxum
1211 990 1395 1020 submersum
1411 989 1472 1030 legi
1492 990 1526 1020 in
1541 991 1663 1032 virgi--

921 1039 975 1077 lio,
1000 1040 1074 1069 AEn.
1090 1049 1118 1069 ν.
1140 1042 1208 1070 125.
1232 1040 1316 1080 quod
1338 1041 1515 1082 vulgarium
1538 1041 1648 1073 editio-

920 1101 1000 1121 num
1015 1091 1174 1130 scripturae
1185 1091 1417 1130 quodammodo
1432 1093 1584 1123 nimirum
1600 1093 1647 1123 fa-

921 1148 984 1173 vet:
1024 1147 1061 1172 ut
1095 1141 1288 1182 intelligatur
1317 1143 1407 1181 po'e'ta
1435 1142 1546 1180 dicere,
1584 1155 1649 1176 non

923 1194 1023 1234 magis
1035 1197 1190 1226 terrestria
1214 1206 1280 1226 esse
1301 1206 1384 1232 saxa,
1409 1206 1504 1236 quam
1520 1199 1552 1227 in
1567 1196 1651 1237 aqud

924 1248 1065 1283 condita,-
1094 1248 1152 1277 sub
1175 1247 1297 1286 tellure,
1321 1247 1368 1278 uti
1391 1258 1483 1288 super
1505 1247 1651 1279 tellurem

924 1307 1006 1331 sunt.

967 1361 1042 1391 Ver.
1058 1363 1129 1392 541.
1150 1363 1298 1392 similem.-
1323 1361 1360 1392 P.
1377 1362 1418 1392 V.
1433 1361 1480 1393 ed.
1507 1362 1547 1393 O.
1563 1367 1599 1393 A.
1614 1367 1650 1395 Σ.

926 1419 970 1444 Ω.
986 1414 1192 1444 simila—sui
1213 1424 1276 1444 res:
1302 1413 1404 1444 Vind.·
1414 1415 1457 1444 V.
1483 1414 1530 1444 ed.
1556 1415 1650 1445 ΒΓΔ.

923 1466 1000 1496 vires
1008 1479 1019 1500 ;
1045 1464 1086 1495 Ο.
1111 1470 1139 1495 et
1154 1475 1219 1500 res,·
1243 1468 1278 1495 Σ.
1303 1471 1329 1495 et
1347 1466 1439 1501 vires,·
1466 1472 1510 1496 Ω..
1537 1473 1566 1497 et
1585 1477 1650 1506 par

921 1517 1170 1554 res—postulat:
1197 1520 1232 1547 Σ.
1255 1517 1432 1555 expostulat.
1478 1517 1560 1548 Sane
1581 1517 1650 1549 cod.

924 1573 968 1597 Ω.
1005 1567 1192 1606 scripturam
1224 1566 1355 1597 minime
1385 1568 1650 1600 contemnendam

922 1627 987 1647 esse
1002 1623 1092 1656 puto:

922 1691 1049 1722 Undique
1056 1691 1128 1716 enim
1138 1691 1219 1716 simile
1229 1698 1283 1716 esse
1294 1694 1316 1716 et
1323 1695 1383 1724 par,
1400 1698 1440 1717 res
1452 1692 1570 1724 postulat
1580 1693 1646 1725 ipsa.

965 1760 1039 1790 Ver.
1055 1763 1125 1791 545.
1147 1771 1292 1800 superne:
1318 1761 1356 1791 P.
1381 1761 1422 1791 Ο.
1441 1766 1476 1791 Δ.
1496 1773 1657 1802 ευμεν-ηας.

921 1809 976 1840 sed
990 1810 1058 1840 vide
1072 1810 1111 1841 iv.
1127 1814 1200 1841 441.
1222 1816 1254 1840 et
1267 1811 1374 1841 confer
1388 1812 1581 1852 Bentleium,
1605 1813 1646 1844 ad

922 1861 1035 1892 Horat.
1052 1861 1083 1892 ii.
1104 1865 1154 1892 20.
1171 1864 1221 1892 11.

963 1923 1039 1953 Ver.
1056 1925 1128 1954 546.
1150 1925 1341 1963 disserpunt.-
1368 1923 1406 1954 Ρ.
1421 1923 1519 1954 Vind.
1535 1924 1577 1954 V.
1600 1924 1648 1956 ed.

923 1974 962 2005 B.
979 1973 1018 2004 Ο.
1036 1978 1070 2004 Δ.
1087 1978 1122 2006 Σ.
1139 1980 1183 2004 Ω..
1197 1976 1383 2014 discerpunt.

965 2034 1040 2064 Ver.
1057 2037 1128 2065 547.
1150 2036 1290 2074 plostris:
1324 2035 1514 2065 Lucretiana
1542 2045 1648 2066 exem-

922 2085 1032 2124 plaria,
1056 2087 1206 2125 plaustris
1212 2100 1222 2120 ;
1246 2085 1301 2115 sed
1329 2085 1418 2115 aliter
1442 2086 1649 2126 antiquissimi

924 2137 1153 2167 Romanorum.
1197 2135 1384 2172 Priscianus,
1408 2136 1460 2167 lib.
1482 2136 1502 2166 i.
1524 2147 1554 2176 p.
1576 2140 1661 2170 562.-

924 2191 946 2206 “
962 2188 1089 2218 Transit
1104 2187 1176 2229 (au)
1199 2187 1233 2217 in
1248 2199 1263 2218 ο
1278 2187 1475 2227 productam,
1495 2199 1577 2220 more
1591 2201 1650 2220 an-

924 2241 1062 2280 “tiquo;
1095 2245 1132 2270 ut
1159 2239 1243 2270 lot-us
1271 2249 1328 2278 pro
1356 2239 1472 2277 lautus,
1497 2242 1651 2280 plostrum

924 2294 946 2310 “
962 2301 1019 2330 pro
1031 2290 1283 2331 plauscrum—-.”
1327 2290 1430 2320 Vetus
1443 2290 1643 2330 glossarium:

924 2345 946 2360 “
964 2344 1130 2381 Plostrum,
1155 2341 1289 2381 ἅμαξα.”
1335 2341 1376 2371 In
1406 2342 1525 2372 Catone
1554 2343 1593 2373 de
1614 2354 1650 2374 re

922 2399 997 2425 rust.
1023 2396 1186 2435 plostrum,
1221 2403 1285 2424 non
1310 2395 1492 2433 plaustrum,
1528 2394 1658 2436 majore'

923 2455 1074 2477 consensu
1090 2446 1210 2477 codices
1231 2447 1296 2476 fere
1310 2445 1410 2476 solent
1433 2446 1591 2478 exhibere:
1618 2453 1650 2479 et

922 2497 1006 2536 apud
1034 2498 1176 2529 Ciceron.
1200 2498 1234 2527 in
1250 2498 1340 2528 Verr.
1363 2497 1384 2528 i.
1410 2501 1460 2528 20.
1482 2498 1659 2538 Horatius,

923 2556 978 2581 sat.
993 2549 1025 2580 ii.
1039 2556 1070 2583 5.
1086 2553 1158 2582 247.

970 2629 1112 2655 AEdificare
1121 2636 1203 2660 casas,
1211 2629 1321 2662 plostello
1331 2629 1475 2661 adjungere
1485 2636 1585 2655 mures.

923 2703 1079 2741 —Porro,
1107 2703 1203 2733 Vind.
1233 2702 1274 2733 V.
1303 2701 1352 2733 ed.
1385 2702 1425 2733 O.
1447 2708 1646 2734 tremescunt.-

924 2755 1047 2794 rectius,
1062 2761 1096 2785 ut
1111 2755 1251 2786 arbitror.
1298 2754 1348 2785 Sic
1363 2754 1578 2785 onomasticon
1591 2764 1648 2785 an-

924 2807 1063 2848 tiquum:
1089 2809 1112 2825 “
1133 2808 1301 2844 Tremesco,
1315 2805 1437 2848 τρεμω.”
1468 2805 1581 2845 Neque
1590 2805 1657 2835 ali--

924 2865 970 2889 ter
998 2859 1101 2898 plures
1130 2864 1222 2899 atque
1251 2857 1476 2889 emendatiores
1504 2856 1574 2886 libri
1608 2856 1649 2886 ad

924 2910 1015 2952 Virg.
1034 2911 1109 2942 AEn.
1126 2910 1169 2941 iii.
1186 2914 1256 2942 648.
1278 2920 1305 2941 v.
1326 2913 1399 2942 694.
1421 2909 1536 2940 Noster
1553 2908 1650 2938 etiam
