1926 3224
268 241 328 281 68

722 273 724 275 ,
763 235 822 282 Τ.
865 233 1239 281 LUCRETII

415 367 696 409 Constiterunt
714 362 878 410 imbres,
899 367 939 400 et
958 360 1128 400 flumina
1150 360 1232 400 vim
1252 360 1497 403 minuerunt.

478 438 573 486 Sed,
596 435 742 490 quibus
761 433 826 474 ille
843 433 975 474 modis
995 433 1200 488 conjectus
1219 433 1407 474 materiai

422 509 622 553 Fundarit
641 517 808 557 terram,
830 515 869 548 et
890 506 1053 556 coelum,
1075 507 1272 562 pontique
1292 506 1513 561 profund33

420 584 538 633 Solis,
560 583 687 632 lunai,
708 596 866 630 cursus;
899 595 951 621 ex
971 579 1116 620 ordine
1134 595 1300 635 ponam.

305 663 386 699 420

474 657 584 699 Nam
603 664 712 697 certe
731 669 863 710 neque
882 653 1050 694 consilio
1068 653 1295 708 primordia
1314 668 1452 694 rerum

420 730 580 773 Ordine
601 745 642 771 se
663 744 735 770 suo
756 743 928 783 quaeque
948 728 1082 783 sagaci
1103 735 1239 767 mente
1258 727 1462 776 locarunt3

416 806 520 854 Nec,
543 819 644 859 quos
663 816 836 857 quaeque
854 801 1000 842 darent
1019 808 1169 850 motus,
1190 801 1381 857 pepigere
1401 800 1598 856 profecto:

418 877 516 926 Sed,
538 876 632 930 quia
651 874 794 924 multa,
816 873 948 914 modis
967 874 1117 924 multis,
1139 874 1364 928 primordia
1383 889 1535 925 rerum,

416 950 484 990 Ex
503 948 665 989 infinito
678 949 766 1004 jam
786 956 970 1003 tempore
989 947 1143 1003 percita
1161 947 1306 1003 plagis,

272 1120 348 1142 cum
362 1109 512 1148 deturpat,
528 1108 597 1138 hist.
612 1117 721 1148 evang.
735 1108 774 1138 iv.
791 1111 862 1139 690.
877 1107 910 1136 in
926 1117 992 1137 ver·

272 1163 359 1192 sibus
373 1169 522 1190 venerum
547 1159 737 1198 poeticarum
760 1158 890 1189 minime
912 1156 993 1187 indi-

272 1212 418 1253 gentibus
432 1224 439 1241 :

302 1296 362 1326 Jam
373 1293 494 1318 medium
505 1298 594 1316 cur-ms
604 1291 667 1316 lucis
678 1291 868 1316 conscenderat
879 1291 982 1319 orbem,

301 1336 373 1360 Cum
385 1333 472 1357 subito
483 1331 553 1363 fugit
565 1337 601 1356 ex
613 1331 704 1360 oculi-3,
715 1330 852 1361 furvisque
866 1328 979 1354 tenebris

300 1374 435 1402 Induitur,
445 1372 633 1403 trepidumque
644 1371 715 1395 diem
723 1369 761 1394 sol
771 1374 851 1394 nocte
859 1367 988 1393 recondit.

269 1445 367 1481 Libri,
382 1454 459 1485 quos
476 1444 584 1477 habeo,
600 1451 713 1471 cursus.
758 1440 802 1470 Et
817 1439 933 1468 imitari
954 1439 988 1468 in

269 1497 376 1528 animo
390 1495 499 1525 habuit
514 1493 692 1528 Maronem,
709 1490 748 1520 ad
767 1490 842 1520 AEn.
860 1490 920 1519 viii.
938 1493 986 1520 97.

268 1557 363 1589 quem
378 1545 503 1579 ibidem,
519 1553 545 1573 v.
563 1546 633 1572 758.
656 1541 699 1571 sic
721 1546 842 1580 sponte,
869 1550 923 1579 per
939 1539 986 1569 di·

267 1598 458 1628 vinationem
472 1593 610 1624 maxime
625 1591 839 1627 indubitatam,
855 1591 987 1630 puritate

264 1648 398 1689 pristina
410 1646 542 1678 renitere
557 1644 755 1675 dederamus:

296 1733 410 1763 Jamque
431 1728 505 1753 vale!
535 1727 659 1756 Torquet
675 1724 777 1749 medios
798 1725 859 1748 Nox
876 1722 986 1747 humida

391 1775 493 1797 currus,

298 1815 330 1838 Et
343 1819 388 1837 me
397 1817 485 1835 saevus
495 1808 562 1841 equis
574 1809 666 1832 Oriens
677 1805 786 1831 adflavit
797 1805 906 1829 anhelis.

268 1887 380 1918 Postea
401 1880 550 1917 intellexi,
572 1878 677 1909 locum
702 1879 786 1907 hunc
808 1887 872 1906 non
898 1876 986 1905 aliter

266 1937 354 1969 citari
372 1934 486 1969 Servio,
509 1932 541 1961 in
558 1928 788 1961 commentariis
809 1928 848 1958 ad
878 1927 951 1957 AEn.
966 1927 985 1957 i.

268 1991 339 2019 108.
363 1985 483 2025 Vulgo,
499 1993 604 2014 cursus
611 1996 621 2017 ;
647 1981 700 2011 sed
715 1990 795 2020 aegre
810 1980 888 2009 feret
901 1990 933 2009 se
954 1979 986 2008 in

266 2037 503 2071 controversiam
515 2034 616 2065 vocari
627 2034 692 2063 haec
704 2031 889 2062 emendatio.
910 2031 933 2062 J
935 2041 986 2061 am

266 2091 350 2121 vides
367 2096 536 2128 utrumque
557 2095 680 2115 versum
702 2083 887 2114 amicissime
909 2092 982 2113 con-

265 2142 394 2177 sentire3
417 2138 490 2168 hinc
518 2138 614 2177 equis,
644 2135 717 2165 inde
739 2145 864 2165 currus:
893 2133 984 2163 adeas

266 2191 360 2223 modo
388 2190 468 2220 dicta
490 2189 548 2218 sub
570 2197 630 2217 ver.
659 2189 732 2216 402.
754 2185 882 2224 hujusce
906 2184 985 2215 libri.

265 2242 410 2274 Eandem
425 2249 549 2280 prorsus
563 2247 629 2268 rem
644 2237 732 2267 aliter
747 2235 886 2266 exhibuit
896 2235 985 2275 po'e'ta

264 2294 430 2330 maximus,
446 2290 486 2321 ad
503 2290 577 2321 AEn.
592 2288 655 2318 viii.
671 2290 743 2318 407.

295 2383 370 2411 Inde,
381 2381 426 2406 nbi
437 2380 522 2412 prima
533 2378 607 2410 quies
617 2377 696 2401 medio
704 2377 761 2407 jam
773 2375 863 2400 Noctis
878 2375 982 2399 abactae

293 2421 422 2447 Curriculo
433 2420 575 2452 expulerat
585 2423 752 2442 somnum—z

263 2511 362 2542 quum
377 2501 547 2531 curriculus
562 2496 640 2527 nihil
655 2495 694 2526 sit
716 2495 776 2525 nisi
801 2505 908 2526 currus
931 2496 982 2524 do-

263 2555 408 2583 minatus.
474 2550 599 2581 Nonius
635 2546 816 2582 Marcellus.
860 2546 898 2576 iv.
935 2549 982 2576 75.

262 2608 286 2622 “
306 2604 498 2639 ezerr-icadas,
514 2607 550 2631 ut
563 2598 755 2631 consuetudo
769 2598 839 2633 fert,
855 2609 874 2627 a
889 2608 983 2628 curru

264 2658 286 2673 “
303 2655 469 2684 deminutio
500 2658 563 2689 est;
583 2658 611 2682 et
632 2650 747 2681 dicitur
769 2649 984 2680 brevissimum

263 2709 286 2724 “
302 2706 433 2736 vehiculi
448 2707 602 2745 Epirotici
611 2706 741 2744 genus.”
786 2702 838 2733 Sic
848 2702 982 2732 scriben-

263 2755 349 2786 dum.
414 2757 534 2786 Glossae
570 2762 700 2785 veteres:
743 2758 765 2772 “
792 2754 981 2787 caniculas,

263 2811 286 2826 “
303 2808 468 2849 dpaoemss'
513 2807 603 2838 Hinc
612 2807 758 2838 sentisces
772 2806 866 2836 etiam
877 2805 942 2835 vim
952 2810 983 2835 et

262 2863 456 2888 venustatem
487 2857 570 2887 verbi
597 2864 714 2897 torquet
743 2857 777 2887 in
799 2855 983 2897 Virgilianis

262 2908 405 2940 versibus.
430 2907 522 2940 Idem
537 2918 671 2949 magnus
683 2914 777 2946 vateS,
793 2917 860 2947 geo.
876 2907 895 2939 i.
910 2909 980 2937 174.

1083 1111 1218 1144 deaque,
1229 1118 1290 1143 quae
1302 1118 1391 1136 currus
1401 1118 1417 1136 a
1427 1114 1503 1144 tergo
1513 1113 1625 1144 torqueat
1637 1113 1713 1138 imos.

1039 1176 1101 1206 Sed
1116 1176 1328 1217 regrediamur
1342 1175 1469 1207 tandem
1485 1176 1519 1206 in
1534 1176 1625 1207 viam.

1079 1227 1152 1258 Ver.
1168 1231 1239 1258 420.
1256 1228 1303 1258 Hi
1314 1237 1421 1258 versus
1434 1228 1503 1268 jam
1518 1228 1590 1258 lecti
1604 1233 1688 1268 sunt,
1700 1228 1755 1260 sed

1035 1278 1143 1309 leviter
1159 1277 1277 1314 variati,
1301 1277 1341 1308 ad
1364 1278 1383 1308 i.
1403 1281 1492 1309 1020.
1516 1284 1547 1308 et
1568 1289 1669 1319 supra,
1692 1289 1753 1310 ver.

1037 1333 1105 1359 188.
1127 1328 1212 1359 unde
1226 1334 1341 1359 nostrae
1364 1328 1505 1368 petendae
1521 1335 1595 1360 sunt
1611 1329 1753 1361 animad-

1033 1380 1194 1411 versiones·

1076 1438 1147 1468 Ver.
1159 1441 1230 1468 421.
1245 1450 1275 1470 se
1283 1449 1335 1469 suo
1348 1450 1474 1479 quaeque
1481 1441 1600 1479 sagaci:
1618 1440 1658 1471 P.
1669 1451 1752 1481 φαε-

1031 1501 1088 1530 que
1109 1501 1162 1521 suo
1184 1497 1274 1530 atque
1298 1494 1404 1531 sagaci
1409 1505 1420 1526 ;
1442 1497 1474 1521 et
1498 1492 1542 1522 sic
1565 1491 1700 1523 Juntina
1723 1497 1754 1522 et

1035 1545 1163 1583 Aldina,
1194 1546 1261 1576 sine
1287 1545 1373 1577 libris
1401 1546 1531 1586 scriptis,
1561 1552 1598 1577 ut
1626 1547 1755 1586 opinor:

1032 1598 1126 1628 vind.
1143 1610 1173 1629 se
1188 1610 1313 1639 quaeque
1327 1606 1416 1640 atque
1431 1602 1547 1640 sagaci,
1562 1605 1600 1630 ut
1613 1599 1756 1640 vulgares

1029 1650 1121 1688 editi3
1137 1650 1334 1689 dormitante,
1347 1651 1454 1690 procul
1472 1651 1580 1690 dubio,
1594 1651 1749 1682 collatore:

1030 1701 1070 1731 V.
1086 1701 1136 1731 ed.
1163 1701 1202 1731 O.
1233 1707 1266 1732 A.
1284 1706 1319 1734 Σ.
1336 1708 1380 1732 Ω..
1407 1713 1532 1743 quaeque
1553 1713 1606 1733 suo
1629 1705 1735 1742 sagaci
1739 1718 1752 1738 ‚-

1030 1752 1186 1783 emendati
1200 1753 1320 1783 codices
1336 1753 1396 1789 Pii,
1411 1765 1442 1784 se
1456 1765 1512 1785 nec
1522 1765 1649 1794 quaeque
1660 1765 1751 1794 saga-

1028 1805 1072 1839 ci;
1098 1810 1137 1833 Π.
1160 1815 1286 1843 quaeque
1314 1815 1367 1834 suo
1396 1815 1545 1845 quamque
1567 1807 1692 1844 sagaci:
1714 1804 1752 1835 L.

1029 1859 1144 1890 autem,
1167 1860 1204 1884 ut
1228 1854 1389 1893 posuimus
1413 1854 1447 1884 in
1463 1860 1566 1892 textu3
1590 1855 1638 1885 M.
1657 1864 1752 1895 quam

1028 1905 1178 1944 proxime,
1207 1917 1318 1946 suoque
1340 1917 1465 1946 quaeque
1486 1908 1601 1946 sagaci.
1646 1906 1753 1947 Atque

1031 1957 1081 1987 hic
1111 1957 1240 1987 demum
1269 1968 1307 1988 ex
1337 1959 1394 1988 hac
1416 1957 1548 1988 colluvie
1569 1957 1752 1988 insanarum

1030 2009 1166 2048 profecto
1195 2009 1451 2049 depravationum
1480 2010 1591 2049 pedem
1619 2009 1752 2040 feliciter

1029 2060 1247 2090 extricavimus
1262 2060 1294 2090 in
1309 2061 1473 2091 materiam
1487 2059 1697 2090 amoeniorem.

1071 2111 1151 2141 Ibid.
1179 2112 1291 2142 Ordine
1306 2122 1358 2142 suo
1374 2122 1509 2151 quaeque.
1537 2110 1646 2150 Euge!
1660 2111 1749 2151 euge!

1029 2164 1191 2205 εὑρηκαμεν·
1215 2162 1443 2202 nobismetipsis
1457 2161 1660 2203 gratulamur.
1697 2161 1752 2192 Ad

1028 2214 1177 2244 amussim
1192 2214 1387 2253 praeceptoris
1400 2214 1509 2254 magni
1534 2223 1670 2254 magnus
1689 2212 1752 2243 dis.

1028 2264 1150 2304 cipulus
1175 2264 1386 2295 indubitanter
1411 2271 1458 2295 est
1483 2263 1699 2305 quadrandus;
1720 2269 1753 2294 et

1028 2315 1198 2346 multorum
1213 2316 1392 2346 criticorum
1407 2315 1561 2346 tumultus
1578 2315 1647 2355 jam
1661 2314 1750 2345 sedan

1026 2367 1143 2397 buntur
1158 2367 1191 2396 in
1206 2372 1368 2405 aeternum,
1386 2366 1546 2396 temeritas
1560 2365 1656 2396 etiam
1671 2374 1751 2396 non-

1027 2418 1195 2453 nullorum,
1210 2419 1407 2448 membranas
1423 2417 1682 2452 conculcantium,
1702 2426 1749 2446 re-

1027 2469 1187 2507 primetur,
1204 2468 1362 2498 verissima
1374 2467 1594 2498 constitutione
1608 2465 1749 2498 Maroni-

1027 2521 1079 2550 ani
1094 2520 1211 2557 versus,
1225 2519 1264 2550 de
1279 2519 1421 2550 codicum
1438 2518 1629 2557 testimonio,
1642 2517 1683 2548 ad
1693 2516 1749 2548 ecl.

1027 2570 1077 2601 vii.
1093 2574 1142 2601 54.

1058 2645 1145 2668 Strata
1162 2644 1253 2674 jacent
1275 2644 1370 2675 passim
1390 2643 1439 2668 sud
1461 2648 1565 2675 queque
1585 2640 1634 2664 sub
1652 2639 1744 2664 arbore

1150 2690 1239 2715 poma.

1027 2754 1125 2785 Vides
1138 2754 1194 2786 sud
1211 2755 1288 2786 sexti
1303 2754 1391 2786 casus
1405 2752 1592 2784 validissimo
1608 2750 1680 2780 Cari
1695 2759 1745 2780 ro-

1025 2807 1099 2836 bore
1121 2806 1297 2845 suffultum,
1323 2811 1355 2836 et
1375 2815 1407 2835 se
1428 2809 1536 2834 contra
1557 2801 1746 2833 cavillatores

1025 2856 1184 2887 universos
1204 2857 1276 2897 jure
1289 2855 1408 2895 optimo
1422 2853 1502 2884 tueri
1522 2851 1746 2895 quire.-Mox

1028 2913 1068 2938 Π.
1092 2910 1225 2948 tetigere,
1241 2907 1309 2939 loco
1318 2907 1469 2948 pepigere.
