1926 3224
275 228 374 283 ‘400

279 366 386 408 1270

784 234 843 285 Τ.
890 236 1266 286 LUCRETII

1419 289 1437 300 Δ

473 366 640 416 Omnia,
662 366 852 422 denique,
875 376 1014 409 sancta
1032 367 1155 409 desim
1174 368 1342 411 delubra
1359 371 1534 426 replerat

413 439 665 494 Corporibus
686 439 807 481 Mors
826 441 1041 491 exanimis,
1062 450 1313 498 onerataque
1331 444 1482 498 passim

414 514 576 555 Cuncta
595 513 858 556 cadaveribus
877 515 1084 557 coelestum
1104 516 1254 571 templa
1273 518 1511 568 manebant3
1564 552 1567 555 .

266 683 342 715 Non
355 682 475 714 abludit
488 681 671 714 Callimachi
684 683 782 723 locus,
795 686 900 725 hymn.
915 686 984 718 Cer.

267 740 316 768 93.
550 740 553 744 ’

262 829 315 855 nau
325 839 405 856 mm
415 839 449 856 m
459 831 540 860 μειζον
551 839 664 860 traxero,
673 830 748 863 μεσφ·
758 839 794 856 em
805 831 983 857 ΠΛΕΥΡΑΙΣ

262 875 493 910 ΔυλωᾳῬῙΝΟΣ
505 886 533 903 τε
542 888 589 903 zm
601 886 677 903 verm
686 887 762 910 μανον
775 877 868 910 meos».

263 953 316 984 sic
337 954 413 985 olim
439 965 477 985 ex
503 955 632 996 ingenio
655 961 764 994 sponte
786 965 893 986 versus
916 955 985 986 illos

259 1005 509 1044 emendaveram‚
544 1005 583 1035 de
613 1006 725 1046 quibus
755 1006 830 1036 alias
859 1007 985 1037 fortasse

258 1057 364 1097 plura;
387 1069 486 1098 quum
503 1059 542 1089 sit
563 1058 800 1099 ambigendum,
821 1069 861 1089 an
876 1058 983 1099 vulga-

259 1113 328 1138 tum
359 1123 409 1143 ηες
439 1110 628 1140 summoveri
657 1109 773 1140 debeat.
817 1109 981 1150 Virgilius,

259 1158 314 1189 ecl.
329 1158 374 1190 iii.
394 1163 463 1190 102.

605 1237 654 1262 vix
664 1237 763 1262 ossibus
773 1237 879 1261 haerent
890 1242 897 1260 τ

256 1305 277 1336 ἱ.
293 1315 321 1336 e.
347 1309 370 1325 “
385 1306 458 1337 solis
480 1307 597 1336 ossibus
619 1305 750 1334 adscribi
772 1304 874 1342 debet,
895 1303 978 1344 quod

257 1361 282 1377 “
297 1368 406 1389 eorum
428 1367 555 1396 corpora
575 1358 758 1392 cohaereant,
785 1367 842 1387 nec
857 1367 980 1395 prorsus

257 1411 281 1426 “
296 1407 503 1438 dilabantur.”
551 1409 643 1438 Pellis
659 1414 765 1437 autem
780 1417 872 1448 grave
891 1414 936 1437 est
950 1413 981 1437 et

256 1459 468 1498 emphaticum
505 1458 706 1496 vocabulum;
745 1459 795 1489 cui
825 1459 913 1489 testis
940 1459 980 1489 sit

256 1510 423 1548 Horatius,
441 1510 530 1550 epod.
546 1510 616 1540 xvii.
634 1514 683 1541 22.
698 1516 790 1551 atque
804 1511 826 1542 J
828 1510 978 1548 uvenalis,

254 1566 310 1592 sat.
326 1571 354 1592 x.
375 1565 443 1593 192.

526 1645 628 1668 tetrum
639 1647 703 1667 ante
713 1642 804 1667 omnia
814 1643 931 1672 vultum,

269 1697 482 1730 Dissimilemque
491 1699 531 1723 sui
539 1707 548 1729 5
565 1698 715 1724 deformem
721 1702 768 1731 pro
777 1703 832 1724 cute
844 1704 976 1725 PELLEM:

253 1776 284 1802 et
297 1772 332 1803 in
346 1772 455 1812 primis
473 1773 656 1810 Maeonides,
675 1774 735 1805 Od.
751 1781 784 1805 N.
800 1777 870 1805 431.

292 1857 386 1892 Κιρψε
398 1867 443 1889 με·
463 1857 485 1883 οἱ
505 1860 600 1884 ΧΡΟΔ
621 1863 700 1885 zai-ou
714 1869 742 1885 w
756 1869 912 1892 yram-ruet
932 1869 976 1893 με·

369 1909 452 1930 aea-n·

293 1950 398 1979 Ξανθαις
423 1950 446 1977 δ’
467 1961 494 1977 εκ
519 1957 629 1984 xxxin:
653 1957 721 1978 ολεσε
741 1963 842 1987 τριχῶς,
864 1962 930 1987 αμςι
953 1955 977 1980 be

370 1999 492 2023 AEPMA

289 2044 418 2069 Han-wei
433 2049 546 2077 μελεεσσι
560 2051 660 2071 παλαια
676 2045 744 2074 θῆκε
757 2055 871 2080 γερουτος.

252 2118 394 2149 Ultimus
415 2125 541 2157 prestet,
566 2130 605 2150 ne
632 2121 664 2149 in
687 2120 735 2150 his
761 2122 978 2162 persequendis

253 2169 312 2199 sim
328 2170 455 2208 nimius,
480 2170 669 2209 Apollonius
687 2172 836 2208 Rhodius,
858 2173 890 2202 ii.
906 2178 976 2204 200.

251 2231 325 2250 cum
340 2221 452 2261 quibus
467 2221 643 2252 committas
659 2222 753 2252 ctiam
767 2223 902 2254 Lucretii
914 2234 973 2254 ver.

254 2275 345 2303 1262.

495 2366 552 2390 ⁷³³?
566 2365 592 2382 τε
609 2356 630 2382 oi
644 2361 782 2385 ωυπαλεος
798 2359 895 2384 ΧΡΩΣ

249 2404 386 2434 Εσκλαυ,
399 2403 490 2447 '1²qu
507 2404 531 2430 δε
543 2415 583 2430 cm
597 2414 674 2430 οστεοι
688 2415 762 2437 μενον
778 2406 916 2432 EEPI'EN:

247 2475 268 2507 i⁴
283 2487 309 2506 e.
335 2481 357 2496 “
374 2477 439 2508 sola
454 2481 544 2516 cutis,
561 2478 629 2519 jam
643 2478 726 2509 facta
737 2481 838 2518 pellis,
854 2480 974 2510 coe'rce-

248 2530 272 2545 “
287 2528 340 2558 bat
356 2528 455 2558 ossa.”
503 2529 552 2558 Ita
570 2529 784 2570 castigandum
801 2536 887 2568 puto,
910 2530 975 2560 vice

247 2580 307 2620 ρινοι
324 2591 423 2621 εεργον·
443 2590 516 2610 nam
532 2591 700 2611 numerum
716 2581 926 2612 multitudinis
941 2582 974 2611 in

247 2630 306 2660 hac
321 2640 395 2661 voce
410 2631 453 2661 sic
469 2631 606 2661 adhibita
623 2642 685 2661 non
701 2641 877 2672 agnoscam.

288 2689 363 2720 Ver.
391 2693 483 2722 1269.
514 2693 695 2722 Visceribus:
732 2690 864 2721 editores
891 2691 973 2722 male

245 2739 358 2778 feriati,
386 2747 417 2770 et
432 2741 545 2782 quibus
567 2741 655 2772 nulla
682 2741 791 2782 religio
816 2743 974 2773 vetustatis

245 2790 358 2828 inerat,
388 2791 428 2822 ad
457 2792 621 2834 ingenium
649 2793 791 2830 redeunt,
817 2803 908 2835 atque
934 2794 973 2824 de

246 2852 304 2873 suo
318 2853 424 2873 rursus
439 2845 528 2875 nobis
542 2846 690 2886 ingerunt
703 2845 782 2876 illud
798 2847 969 2882 Ulceribus,-

244 2893 330 2934 quod
344 2894 455 2926 vitium
465 2895 661 2928 odiosissima
672 2897 807 2928 Vindob.
820 2897 973 2929 collatoris

1028 687 1179 727 supinitas
1201 687 1326 718 silenter
1343 689 1531 730 propagavit.
1576 690 1751 731 Nimirum,'

1036 741 1202 770 Visceribus
1216 742 1356 780 sordique
1377 743 1493 780 sepulta
1511 741 1751 781 exquisitissima

1027 794 1073 818 est
1098 795 1129 819 et
1153 789 1363 820 efficacissima
1388 790 1506 822 locutio
1534 792 1664 831 poetica,
1694 803 1750 832 pro

1029 844 1051 859 “
1068 840 1147 879 pelle
1169 841 1334 872 visceribus
1356 843 1467 873 inustis
1490 843 1751 885 consolidatisque

1029 894 1052 909 “
1067 891 1177 921 obruta
1192 898 1223 922 et
1237 892 1426 931 deperditAJ’
1473 894 1534 924 sed
1552 895 1637 924 enim
1653 895 1748 924 inter-

1027 942 1122 981 pretis
1151 942 1318 973 doctissimi
1348 944 1590 985 validissimique
1618 945 1750 976 vindicis

1028 993 1129 1024 officio
1144 994 1299 1035 Virgilius
1313 995 1475 1035 fungatur,
1497 996 1550 1035 qui
1565 997 1751 1035 magistrum

1027 1055 1120 1074 suum
1136 1045 1251 1084 magna
1272 1055 1345 1074 cum
1368 1045 1492 1075 solertia
1507 1046 1672 1076 aemulatus
1693 1053 1750 1085 est,

1026 1096 1059 1125 in
1074 1106 1141 1135 geo.
1155 1095 1200 1124 iii.
1219 1098 1291 1126 559.

1043 1176 1110 1198 Nam
1130 1179 1216 1205 neque
1233 1178 1290 1199 erat
1311 1174 1383 1199 cmiii
1396 1182 1456 1200 usus
1462 1183 1470 1206 ς
1492 1182 1544 1201 nec
1561 1176 1664 1201 viscera
1679 1176 1749 1208 quis-

1133 1220 1196 1237 ualn

1036 1253 1092 1277 Aut
1103 1220 1181 1276 u‘ixdis
1192 1252 1288 1276 abolere
1299 1256 1398 1285 potest,
1414 1258 1462 1278 aut
1473 1254 1580 1280 vincere
1591 1254 1716 1280 flammi:

1037 1293 1074 1315 Ne
1086 1291 1198 1316 tondere
1209 1291 1330 1322 quidem,
1341 1292 1421 1317 morbo
1432 1291 1582 1325 inluvieque
1589 1297 1688 1326 peresa,

1039 1329 1152 1361 Vellera,
1164 1337 1214 1355 nec
1225 1330 1291 1356 telas
1301 1335 1410 1363 possunt
1425 1332 1564 1364 adtingere
1573 1333 1666 1366 putris.

1025 1399 1106 1434 Quae
1120 1400 1326 1430 temeritatem
1341 1400 1577 1431 emendatorum
1588 1412 1746 1433 commen-

1023 1450 1162 1480 titiorum
1183 1451 1256 1480 satis
1271 1451 1433 1482 retundere
1449 1452 1744 1485 valebunt—tetris.-

1022 1501 1063 1531 V.
1079 1501 1125 1531 ed.
1146 1504 1380 1532 coecus.—sordi
1388 1516 1398 1531 .·
1423 1502 1519 1533 vind.
1535 1503 1575 1534 V.
1590 1503 1637 1534 ed.
1655 1503 1692 1534 Ο.
1707 1505 1746 1540 Q.

1023 1556 1058 1581 Δ.
1075 1556 1109 1582 Σ.
1128 1558 1171 1582 Ω.
1194 1555 1293 1589 εονάε,·
1318 1552 1402 1582 unde
1417 1553 1460 1583 sic
1482 1559 1592 1592 tentes,
1612 1554 1748 1595 trajectis

1021 1604 1162 1633 vocibus:

1053 1684 1199 1710 Visceribus
1209 1686 1291 1717 probe
1302 1687 1358 1717 jam
1371 1686 1457 1716 tetris,
1470 1689 1492 1710 et
1502 1687 1588 1717 sorde,
1598 1687 1716 1719 sepulta:

1022 1757 1074 1788 sed
1100 1758 1246 1788 audacior
1271 1758 1366 1788 fuerit
1389 1760 1456 1789 haec
1480 1759 1570 1797 ratio,
1600 1770 1657 1791 nec
1679 1760 1746 1791 sine

1021 1809 1141 1848 scriptis
1170 1810 1371 1840 suadentibus
1399 1810 1597 1842 admittenda.
1644 1812 1744 1842 Caete-

1021 1870 1104 1898 rum,
1127 1860 1324 1901 conjecturae‚
1349 1861 1462 1901 quibus
1479 1862 1564 1891 hicce
1579 1861 1746 1892 versiculus

1020 1911 1065 1941 dix
1073 1918 1180 1942 exatus
1195 1919 1248 1947 est,
1274 1922 1360 1942 vanae
1377 1919 1460 1951 sunt,
1488 1919 1517 1942 et
1532 1913 1565 1942 in
1581 1914 1745 1954 spongiam

1020 1961 1203 1992 incumbant
1216 1963 1374 2002 jusserim.

1064 2021 1144 2051 Ibid.
1167 2024 1250 2052 sordi
1273 2024 1398 2061 sepulta.
1446 2022 1532 2053 Hinc
1559 2033 1630 2054 vera
1651 2023 1743 2054 lectio

1022 2071 1145 2101 Senecae
1160 2072 1233 2101 satis
1246 2072 1354 2112 liquet,
1368 2071 1472 2102 codice
1487 2073 1689 2112 suppeditata,
1704 2074 1744 2104 ad

1020 2124 1135 2162 Agam.
1152 2126 1223 2154 991.

1111 2196 1199 2226 1nops,
1211 2202 1301 2227 egens,
1312 2195 1422 2225 inclusa,
1430 2196 1530 2227 pedore
1540 2196 1638 2221 obruta.

1020 2258 1138 2299 Vulgo,
1165 2261 1276 2294 obstin,-
1303 2260 1445 2295 tenuiter,
1471 2259 1496 2289 si
1522 2266 1640 2299 spectes
1663 2261 1743 2293 illud

1018 2318 1173 2348 nostrum,
1187 2317 1217 2341 et
1232 2321 1391 2350 compares
1405 2321 1477 2341 cum
1496 2312 1650 2343 Lucretio.

1060 2371 1135 2401 Ver.
1156 2375 1244 2402 1270.
1267 2374 1416 2411 replerat:
1452 2376 1488 2402 Σ.
1520 2374 1648 2412 replebat
1654 2389 1665 2409 ,·
1689 2373 1742 2404 sed

1018 2421 1097 2452 illud
1114 2429 1158 2452 est
1175 2423 1206 2452 in
1221 2422 1275 2452 ora
1291 2423 1417 2459 codicis,
1441 2433 1500 2452 nec
1514 2429 1619 2454 tamen
1634 2424 1667 2454 in
1682 2424 1742 2454 du-

1017 2474 1106 2504 bium
1121 2485 1185 2504 non
1201 2474 1302 2504 vocari
1329 2473 1427 2504 debet.
1444 2474 1652 2514 Thucydides,
1681 2475 1701 2506 l.
1715 2486 1740 2507 c.

1018 2540 1103 2556 -τα
1119 2539 1150 2556 τε
1167 2526 1234 2567 ispa,
1260 2539 1284 2556 εν
1311 2527 1348 2559 οἷς
1366 2539 1525 2563 εσκηνηντα,
1553 2539 1646 2568 νεκρων
1662 2534 1743 2558 rata

1020 2590 1059 2611 m,
1075 2590 1151 2607 αντε
1168 2579 1430 2609 εναποένκσκοντων.

1060 2635 1135 2666 Ver.
1152 2639 1244 2666 1271.
1266 2642 1465 2676 onerataque:
1493 2635 1531 2666 V.
1547 2636 1593 2667 ed.
1619 2644 1742 2669 onerat-

1016 2698 1082 2727 que.

1058 2746 1132 2776 Ver.
1152 2749 1244 2777 1272.
1269 2748 1397 2786 lemma:
1425 2747 1465 2782 Q.
1486 2749 1739 2786 plana—mane-

1015 2798 1108 2827 hane.-
1137 2796 1233 2827 vind.
1250 2798 1291 2828 V.
1318 2797 1366 2828 ed.
1394 2799 1552 2834 mauebat;
1577 2798 1614 2834 Q.
1636 2810 1743 2830 mane-

1016 2849 1067 2879 bit.

1058 2898 1133 2929 Ver.
1151 2901 1242 2930 1275.
1264 2900 1463 2930 aedituentcs:
1488 2897 1586 2930 Vind.
1603 2901 1741 2938 editu„
