1926 3224
604 233 837 283 LIBER
897 231 1199 282 SEXTUS.

1555 238 1648 280 259

315 363 444 408 Glans
464 366 586 407 etiam
604 366 729 423 longo
750 380 870 407 cursu
889 364 1095 406 volvunda
1112 363 1309 420 liquescit:

315 440 429 498 Ergo
449 440 626 482 fervidus
646 440 729 491 hic,
751 440 903 481 nubem
924 454 1048 494 quom
1069 438 1261 494 perscidit
1279 445 1426 488 atram,

205 518 283 554 180
313 514 511 570 Dissupat
530 514 702 564 ardoris,
726 513 841 568 quasi
861 526 935 566 per
954 513 1036 552 vim
1057 527 1260 566 expressa,
1283 519 1449 567 repente

316 588 497 638 Semina,
519 601 612 643 quae
631 587 787 628 faciunt
807 585 1006 625 nictantia
1023 584 1185 640 fulgura
1204 585 1398 625 flammae:

314 661 419 704 Inde
437 675 560 702 sonus
580 660 780 715 sequitur3
813 659 884 714 qui
904 657 1058 699 tardius
1079 658 1216 699 adlicit
1235 660 1381 708 aureis,

315 735 457 784 Quam
473 746 566 789 quae
585 733 832 788 perveniunt
851 731 1063 773 oculorum
1084 731 1135 772 ad
1155 731 1296 773 limina
1315 739 1467 773 nostra.

169 906 330 937 mittentia.
374 904 464 936 Nihil
489 904 612 936 felicius
631 905 664 935 in
679 906 738 936 hac
752 910 817 936 arte
831 904 890 935 cri-

168 957 230 988 tica
252 956 420 988 excolenda.
442 957 521 987 mihi
550 957 680 997 contigit
702 957 891 997 excogitare;

168 1019 226 1039 nec
241 1009 356 1044 dubito,
377 1008 453 1048 quin
469 1009 550 1049 aequi
562 1008 684 1048 judices
698 1008 894 1047 assenserint,

169 1065 202 1090 et
216 1059 297 1090 ultra
311 1065 440 1099 gustum
456 1059 542 1099 vulgi
557 1059 716 1098 sapientes.

214 1110 294 1140 Ibid.
312 1112 464 1142 nictantia
471 1110 605 1151 fulgura
612 1112 764 1151 flammae.
797 1110 894 1141 Unde

169 1163 443 1194 confirmationem
458 1172 522 1192 non
541 1162 761 1203 ambigendum
783 1163 895 1201 accipit

170 1214 349 1246 emendatio
362 1220 468 1244 nostra
479 1214 618 1254 Virgilii,
630 1225 726 1255 quam
741 1214 827 1254 prius
841 1225 894 1245 ex-

167 1266 346 1305 hibuimus,
371 1266 404 1296 iu
420 1266 502 1297 notis
516 1266 556 1296 ad
571 1267 602 1297 ii.
617 1270 689 1298 525.
713 1266 747 1297 in
764 1267 838 1297 AEn.
854 1266 894 1297 ix.

171 1320 242 1349 755.

487 1401 609 1424 tremunt
619 1399 646 1423 in
657 1399 759 1424 vertice
768 1398 858 1424 cristae

203 1438 373 1470 Sanguineas,
393 1439 543 1471 clypeoque
565 1439 694 1464 micantia
712 1438 826 1464 fulmina
845 1438 897 1463 nic-

297 1482 365 1505 tant:

172 1563 247 1584 nam
262 1555 365 1591 verba,
388 1555 537 1585 micantia
543 1553 697 1596 fulmina,
713 1564 768 1594 per
783 1554 898 1595 specio-

172 1606 327 1636 sissimam
356 1605 547 1644 periphrasin
567 1606 702 1647 fulgura
733 1606 899 1636 declarant.

172 1658 340 1688 Nictantia
370 1657 478 1697 igitur,
515 1657 683 1694 vibrantia;
713 1663 749 1687 ut
778 1660 898 1688 niceam

172 1708 271 1747 oculi,
294 1709 485 1749 vibrantque‚
501 1709 655 1747 palpebris
669 1709 804 1739 celeriter
818 1720 896 1739 com-

172 1763 368 1794 moventibus,
416 1762 516 1801 Hinc,
550 1769 587 1792 ut
611 1762 706 1803 longe
733 1762 897 1803 elegantis-

173 1814 253 1844 sime
265 1814 306 1844 D.
321 1813 453 1852 Paulus,
465 1818 478 1844 1
494 1815 564 1845 Cor.
576 1825 623 1845 xv.
634 1817 683 1845 52.
699 1816 766 1858 p‘awp
778 1815 896 1855 οφθαλ-

173 1877 216 1905 με
236 1875 293 1904 pro
317 1868 339 1883 ‘⁴
354 1864 548 1896 velocissimo
563 1866 657 1906 jactu
679 1866 789 1903 aciei,''
815 1866 898 1908 (vide

172 1921 311 1946 nostram
330 1915 402 1947 Silv.
421 1916 496 1947 Crit.
512 1922 584 1947 sect.
600 1916 705 1957 cxxx.)
729 1917 897 1954 Homerus,

175 1967 214 1998 11.
239 1974 278 1998 Φ.
296 1971 342 1998 12.
365 1968 564 2008 Lycophron,
587 1979 648 1998 ver.
672 1973 742 2000 970.
768 1969 897 2009 Apollo-

172 2019 246 2049 nius
263 2019 419 2056 Rhodius,
435 2019 454 2049 i.
478 2022 568 2051 1027.
586 2020 733 2050 dixerunt
747 2022 829 2063 ριπην
844 2034 899 2053 ‹rv-

173 2083 227 2111 ρος·
253 2075 285 2100 et
302 2069 468 2109 Sophocles
490 2076 685 2110 pervenuste,
711 2071 810 2102 Elect.
829 2075 897 2103 105.

171 2126 283 2163 ἀπτ-ρων
297 2123 391 2163 favas.
429 2121 582 2152 Praeclare
599 2122 746 2160 Nonnus,
762 2123 894 2163 Dionys.

174 2172 239 2202 xiii.
255 2175 283 2202 8.
297 2172 336 2203 de
351 2174 441 2204 celeri
454 2175 574 2205 alarum
593 2173 688 2204 Iridis
702 2176 881 2206 nictatione:

176 2247 211 2273 Ἦ
224 2257 268 2281 μεν
281 2257 435 2283 ερεσσομενων
447 2251 640 2276 ΠΤΕΡΥΓΩΝ
660 2251 781 2285 argu-offis?
795 2251 897 2296 ‘PIHP‘L

178 2321 247 2352 Nec
261 2322 381 2353 curiosa
394 2324 499 2354 minus
514 2335 587 2354 cum
602 2325 748 2356 felicitate
765 2326 901 2367 tragicus

177 2373 230 2405 ille
245 2375 477 2415 magniloquus,
493 2376 532 2406 ad
550 2376 664 2417 Agam.
679 2381 752 2409 902.

495 2474 516 2491 tv
527 2465 549 2491 δ’
562 2475 663 2501 amputet

253 2513 364 2542 Λεττοιις
375 2513 436 2539 ὗσαι
447 2524 557 2543 κιννωπος
571 2516 722 2550 εξηγϋρομῃ

252 2558 399 2587 ῬΙΠΔΙΣΙ
412 2561 582 2590 &aiio-coum.-

177 2639 201 2656 “
216 2639 409 2668 creberrimis
422 2640 632 2678 pennularum
646 2640 808 2672 nictibus.’'
841 2640 901 2672 Sed

175 2688 288 2727 optimi
313 2688 490 2729 interpretis
511 2691 613 2722 officio
627 2691 781 2733 fungetur
797 2699 902 2723 noster

180 2738 310 2770 Graius:

268 2813 348 2838 Some
358 2813 431 2839 shew
441 2814 511 2840 their
522 2822 571 2847 gay
576 2815 706 2847 ly-gilded
716 2816 791 2847 trini,

301 2853 508 2887 Quick-gIancing
518 2859 547 2880 to
558 2856 606 2880 the
616 2863 681 2880 sun:

179 2930 210 2956 et
241 2926 304 2965 ubi,
334 2928 464 2960 feliciter
491 2929 606 2969 audax,
636 2930 724 2967 dixit,
761 2934 783 2951 “
808 2926 905 2962 Their

937 906 959 924 “
974 902 1251 945 many-twinkling
1276 903 1378 940 feet;’'
1399 902 1438 934 de
1463 903 1659 934 saltatoribus

934 955 1095 996 agillimis:
1115 955 1389 996 exquisitissimam
1399 954 1514 985 scilicet
1524 955 1659 986 Homeri

935 1006 1125 1037 locutionem
1141 1013 1309 1042 mutuatus,
1328 1006 1388 1036 Od.
1407 1012 1446 1037 Θ.
1465 1010 1535 1037 265.

975 1085 1108 1115 Hier).nyov
1122 1084 1147 1109 δε
1160 1094 1230 1118 χορον
1243 1084 1308 1109 sm»
1322 1088 1407 1109 worm·
1417 1094 1499 1118 οιυταιρ
1511 1084 1632 1112 Οδυσσευς

977 1132 1223 1157 ΜΑΡΜΑΡΥΓΑΣ
1247 1131 1332 1160 &naz-o
1365 1131 1502 1161 HoAssN,
1534 1130 1660 1164 θ’ωυμοιζε

1091 1178 1117 1204 δε
1132 1178 1220 1212 θυμῳ·

938 1247 1118 1277 nictationes
1138 1247 1269 1285 pedum5
1293 1245 1332 1275 ob
1348 1246 1590 1276 intermz'cantem
1611 1247 1661 1275 lu-

939 1307 1000 1327 cem
1016 1296 1188 1326 interstitiis
1209 1296 1324 1335 pedum
1347 1295 1538 1326 velocissime
1563 1295 1663 1335 tripu-

939 1347 1102 1378 diantium.
1148 1348 1221 1383 Quo
1242 1347 1321 1377 nihil
1343 1347 1528 1387 elegantius,
1556 1352 1587 1376 et
1608 1346 1665 1377 ad-

939 1399 1122 1428 mirabiliter
1143 1406 1358 1439 γραφικωτερον,
1388 1397 1556 1438 excogitari
1577 1403 1664 1436 pote-

940 1455 996 1479 rat.
1043 1449 1113 1486 Sed,
1129 1459 1169 1479 ne
1183 1449 1241 1479 sim
1257 1448 1385 1486 nimius,
1402 1449 1436 1478 in
1452 1449 1534 1478 viam
1549 1448 1667 1484 redibo,

941 1511 1036 1541 quam
1047 1501 1184 1539 primum
1197 1500 1308 1530 Silium
1322 1499 1469 1530 Italicum
1480 1500 1666 1542 castigatum

942 1551 1067 1589 dedero,
1085 1551 1124 1582 ad
1140 1551 1222 1581 Pun.
1237 1550 1280 1581 iii.
1295 1552 1367 1581 414.

1294 1623 1354 1647 fluit
1365 1624 1451 1648 omnis
1462 1624 1495 1648 ab
1506 1624 1589 1648 antris

973 1664 1119 1688 Nereidum
1131 1663 1242 1693 chorus;
1260 1666 1298 1692 et,
1308 1666 1384 1688 sueto
1396 1663 1544 1689 certamine
1554 1663 1647 1694 nandi,

972 1703 1085 1728 Candida
1095 1703 1234 1734 perspicuo
1245 1703 1388 1727 conuictam
1399 1703 1506 1727 brachia
1516 1707 1611 1735 ponto.

941 1776 1041 1815 Libri,
1079 1783 1276 1813 connectunt,-
1315 1777 1370 1807 sed
1399 1777 1479 1808 illud
1515 1784 1665 1810 certamen

938 1829 1040 1859 nandi
1051 1827 1123 1857 satis
1134 1826 1262 1864 indicat,
1275 1828 1427 1867 nymphas
1435 1830 1558 1859 seorsim
1570 1828 1667 1859 lacer-

940 1885 999 1917 tos,
1025 1884 1055 1908 et
1076 1878 1300 1918 impraepedite,
1323 1878 1534 1909 commovisse.
1577 1879 1668 1909 Ean-

941 1931 1014 1961 dem
1036 1940 1144 1961 vocem
1170 1936 1279 1970 sponte
1294 1930 1472 1971 conjecture}
1488 1930 1668 1961 felicissima.

941 1982 1137 2012 restitueram
1154 1980 1336 2020 Calpurnio,
1360 1981 1415 2012 ecl.
1433 1981 1456 2012 i.
1473 1985 1524 2014 79.
1546 1982 1669 2013 nescius

941 2034 1121 2073 praecepisse
1135 2033 1194 2063 hoc
1209 2032 1393 2063 Barthium:

972 2106 1096 2135 cernitis,
1111 2108 1142 2130 ut
1153 2112 1220 2137 puro
1232 2111 1290 2130 nox
1298 2106 1355 2136 Jam
1366 2105 1493 2130 vicesima
1502 2105 1574 2130 coelo

971 2146 1099 2177 Fulgeat?
1119 2149 1149 2169 ut
1159 2145 1295 2176 placidum
1307 2144 1420 2169 radianti
1434 2145 1493 2170 luce
1503 2147 1642 2170 cometem

971 2184 1106 2210 proferat?
1123 2187 1154 2208 ut
1165 2183 1297 2215 liquidum
1308 2183 1384 2208 nictet
1395 2183 1451 2208 sine
1460 2183 1571 2209 vulnere
1580 2184 1668 2210 sidus?

942 2247 1043 2286 Libri,
1068 2253 1166 2284 nutet,
1192 2253 1302 2284 mutat,
1325 2253 1430 2278 mutet.
1475 2247 1591 2278 Nostra
1604 2247 1667 2278 leo-

942 2299 1028 2330 tione
1042 2297 1121 2328 nihil
1135 2297 1238 2328 verius
1259 2303 1314 2329 aut
1335 2298 1503 2329 venustius.
1548 2298 1669 2329 Vocem

943 2349 1073 2389 scriptor
1086 2349 1151 2389 ipse
1162 2349 1266 2379 statim
1279 2349 1426 2388 vindicat,
1443 2359 1600 2389 exponens
1610 2351 1671 2382 hoe

944 2401 1054 2432 modo:

975 2473 1112 2506 Numquid
1123 2476 1272 2506 utrumque
1287 2474 1380 2506 polum
1397 2474 1443 2505 sic,
1461 2478 1491 2500 ut
1509 2475 1588 2506 solet,
1606 2474 1670 2507 igne

1067 2518 1182 2540 cruento

975 2555 1089 2588 spargit,
1100 2558 1128 2581 et
1138 2555 1244 2580 ardenti
1252 2554 1373 2580 scintillat
1382 2555 1510 2588 sanguine
1520 2555 1638 2588 lampas?

942 2618 1062 2650 Videas
1083 2624 1190 2649 autem
1214 2619 1332 2649 Carum
1355 2619 1496 2655 inferius,
1520 2629 1582 2650 ver.
1598 2622 1671 2650 856.

944 2670 1102 2710 Denique,
1123 2670 1157 2699 in
1178 2669 1246 2700 loco
1264 2670 1294 2700 S.
1309 2669 1402 2701 Pauli
1418 2681 1512 2710 supra
1531 2669 1670 2708 laudato,

945 2722 1045 2753 versio
1070 2722 1210 2763 Vulgata
1238 2722 1342 2753 reddit
1363 2723 1504 2762 feliciter,
1533 2730 1570 2754 ut
1590 2722 1672 2753 nihil

946 2785 1051 2814 supra,
1073 2777 1096 2793 “
1111 2774 1145 2804 in
1161 2772 1223 2806 ictu
1241 2774 1363 2806 oculiz‘’
1386 2775 1406 2806 i.
1423 2785 1452 2806 e.
1475 2781 1540 2806 tam
1563 2775 1671 2805 celeri-

946 2833 1003 2864 ter,
1019 2836 1114 2866 quam
1130 2836 1162 2856 se
1176 2826 1216 2856 ad
1231 2826 1369 2867 aliquam
1384 2837 1452 2857 rem
1467 2828 1605 2868 injicere,
1622 2836 1671 2856 re·-

947 2880 1076 2920 pentino
1091 2880 1220 2920 impetu,
1235 2880 1345 2912 oculus
1358 2881 1499 2912 valuerit.
1532 2881 1614 2911 Sunt
1624 2886 1672 2911 ta·

947 2941 1034 2970 men,
1061 2932 1115 2973 qui
1140 2942 1287 2972 reponere
1313 2932 1422 2964 volunt
1444 2936 1466 2952 “
1483 2933 1518 2963 in
1532 2933 1617 2963 nictu
1638 2941 1672 2961 o-
