1926 3224
287 231 383 271 224

799 226 858 275 T.
895 226 1265 277 LUCRETII

428 353 485 397 Et
505 354 686 396 numeris
706 368 867 395 servare
885 370 1016 411 genus
1035 355 1234 406 didicere3
1267 370 1401 412 neque
1419 357 1502 399 hilo

428 428 590 483 Majore
608 427 764 467 interea
782 428 950 482 capiunt
969 427 1183 470 dulcedine
1202 428 1397 480 fructum,

291 505 399 542 1410
430 501 569 550 Quam
590 499 780 556 sylvestre
798 515 928 557 genus
948 501 1134 556 capiebat
1153 502 1462 559 terrigenarum.

487 575 613 625 Nam,
646 575 759 631 quod
777 575 892 618 adest
911 585 1078 631 praesto,
1109 577 1187 617 nisi
1207 577 1307 632 quid
1331 577 1596 634 cognovimus
1615 586 1709 620 ante

427 649 613 699 suavius,
644 649 688 690 in
707 650 850 704 primis
869 650 1015 704 placet,
1046 658 1088 692 et
1105 651 1257 706 pollere
1276 651 1453 701 videtur3

430 722 719 778 Posteriorque
737 723 822 764 fere
840 723 985 764 melior
1003 738 1067 764 res
1087 723 1154 764 illa
1172 732 1334 778 reperta

430 796 589 846 Perdit,
621 805 661 838 et
680 797 871 848 inmutat,
903 812 1044 838 sensus
1062 796 1116 837 ad
1135 797 1306 851 pristina
1325 811 1509 853 quaeque.

288 873 394 910 1415
428 870 496 912 Sic
516 869 659 911 odium
679 870 787 925 cepit
805 870 984 927 glandis;
1017 870 1073 911 sic
1093 869 1160 912 illa
1179 870 1317 912 relicta

281 1039 347 1071 tlus
361 1040 508 1081 scriptum
525 1042 692 1078 exhibenti,
714 1043 754 1074 ad
778 1043 906 1085 Virgilii
932 1045 1006 1075 AEn.

282 1095 326 1125 iii.
343 1099 416 1126 661.
442 1095 523 1126 nihil
537 1096 763 1128 Lucretianum
787 1097 940 1130 intactum
959 1109 1007 1129 re.

283 1145 462 1187 linquentis,

627 1239 659 1258 m
669 1233 725 1258 sola
734 1233 867 1265 voluptas,

343 1270 512 1302 solamenque
521 1271 605 1296 malix.

285 1344 379 1376 Unde
409 1345 478 1385 plus
516 1345 637 1383 dixerit,
673 1353 704 1376 et
736 1347 872 1387 gravius,
909 1357 1005 1387 quam

281 1406 339 1435 per
367 1396 528 1437 vulgarem
562 1398 746 1442 scripturam
781 1400 866 1428 mali.
920 1397 1005 1428 Con-

280 1446 329 1477 fer
345 1446 419 1477 AEn.
435 1457 462 1477 v.
477 1450 549 1478 367.
572 1458 600 1478 x.
617 1451 690 1479 858.
714 1452 785 1480 859.
831 1448 922 1487 Ciris,
944 1459 1004 1480 ver.

282 1501 355 1529 181.

443 1578 514 1603 nulla
524 1579 597 1604 malis
609 1580 706 1612 reperit
718 1581 807 1606 solatia
818 1581 969 1608 tantis—.

281 1652 355 1683 Hoc
378 1659 483 1684 autem
508 1654 573 1685 vult
597 1655 773 1686 Lucretius:
801 1660 823 1675 ‘⁴
841 1657 904 1688 His
918 1658 1004 1688 novis

279 1706 303 1722 “
319 1704 528 1744 voluptatibus
565 1706 644 1736 adeo
681 1707 924 1746 delectabantur,
968 1714 1003 1738 ut

279 1758 303 1773 “
319 1765 385 1786 sese
415 1756 465 1786 vel
494 1767 605 1787 somno
633 1757 777 1789 fraudare
804 1769 869 1789 non
893 1769 1001 1800 grava-

280 1809 304 1826 “
319 1814 437 1843 rentur,
460 1808 632 1839 dummodo
647 1810 777 1848 choreis,
797 1810 947 1846 cantibus,
971 1817 1002 1840 et

276 1859 303 1876 ‘⁴
319 1858 475 1894 conviviis,
498 1859 589 1898 plene
617 1869 724 1890 vacare
753 1867 887 1900 possent,
909 1867 1002 1902 atque

280 1911 303 1928 ‘⁸
318 1908 482 1949 indulgere
508 1909 678 1940 festivitati:
720 1921 777 1941 nec
805 1912 910 1942 minus
935 1913 1001 1943 haec

279 1961 304 1977 ‘¹
319 1965 392 1989 sunt
407 1959 564 1990 hodiernis
578 1961 756 1992 hominibus
765 1962 893 2001 deliciae,
906 1973 1000 2004 quam

279 2013 303 2029 ‘⁴
321 2011 573 2051 antiquissimis.”
612 2013 685 2043 Non
701 2013 878 2054 indigemus
893 2025 998 2045 emen-

279 2062 413 2093 dationis
449 2064 610 2094 Vossianae
647 2067 892 2105 Evigilanlibus:
930 2067 1001 2098 vide

277 2113 320 2143 sis
336 2114 556 2146 Burmannum
577 2115 617 2146 ad
641 2116 767 2147 Sueton.
785 2118 920 2158 August.
935 2129 1000 2158 cap.

281 2168 331 2195 78.

319 2224 396 2256 Ver.
416 2229 508 2257 1045.
526 2229 635 2259 ducere
650 2239 740 2260 voces.
785 2230 996 2266 Quemadmo-

275 2273 354 2306 dum
370 2276 534 2317 Virgilius,
549 2278 624 2310 AEn.
639 2279 678 2309 iv.
693 2283 765 2310 463.

500 2366 527 2388 et
539 2363 630 2396 longas
641 2364 668 2388 in
679 2363 774 2390 fletum
785 2364 875 2390 ducere
885 2372 970 2391 voces.

319 2435 401 2467 Ibid.
411 2438 539 2477 flectere
569 2446 684 2471 cantus.
731 2439 874 2478 Ovidius,
899 2450 996 2472 amor.

274 2485 307 2516 ii.
321 2490 350 2516 4.
367 2490 415 2518 25.

290 2577 352 2586 —
361 2566 438 2592 dulce
448 2568 528 2599 canit,
536 2569 670 2601 flectitque
681 2570 807 2596 facillima
818 2578 977 2596 vocem—-

318 2640 391 2671 Ver.
418 2645 508 2675 1406.
530 2656 658 2685 supera:
691 2646 786 2677 Vind.
811 2647 852 2676 V.
879 2646 926 2677 ed.
955 2646 994 2678 O.

271 2696 308 2721 Δ.
323 2703 560 2733 supra—unco.-
585 2697 674 2729 codd.
695 2699 822 2740 quidam
838 2699 899 2737 Pii,
922 2709 996 2730 cum

272 2746 311 2799 -A.
328 2755 436 2781 rauco,·
462 2747 709 2781 mendosissime:
735 2750 805 2781 vide
827 2756 935 2780 notata
955 2749 994 2780 ad

272 2803 311 2824 lv.
328 2798 399 2826 592.

317 2843 389 2875 Ver.
408 2850 496 2879 1407.
519 2854 609 2881 etiam
630 2855 750 2893 vigiles:
777 2853 795 2883 i.
812 2863 837 2883 e.
861 2853 908 2883 vel
926 2853 993 2893 jam

273 2895 442 2938 'igihmes2
458 2906 494 2930 ut
508 2902 593 2939 olim,
610 2914 670 2935 ver.
687 2909 778 2936 1404.
801 2911 831 2935 et
846 2915 993 2935 sommum

1050 1044 1092 1074 sic
1121 1044 1200 1074 bene
1233 1047 1469 1082 compensatum
1499 1041 1654 1083 hodieque
1681 1051 1772 1084 repu-

1049 1100 1158 1125 tantes.

1091 1153 1167 1184 Ver.
1185 1156 1274 1184 1408.
1297 1154 1431 1183 numeris
1445 1163 1564 1183 servare
1581 1163 1693 1193 genus:
1718 1153 1774 1191 ita,

1047 1205 1169 1235 doctius
1182 1210 1212 1234 et
1234 1203 1420 1244 elegantius,
1443 1203 1479 1234 P.
1494 1203 1535 1233 V.
1550 1202 1597 1233 ed.
1613 1202 1720 1244 vulgo,
1739 1209 1776 1234 ut

1047 1255 1175 1296 quidam
1191 1255 1243 1286 Pii
1258 1255 1345 1286 codd.
1360 1265 1534 1293 numerum,
1556 1263 1614 1294 pro
1635 1265 1774 1286 numero·

1048 1318 1125 1337 rum.
1171 1305 1430 1346 Appositissimus
1453 1305 1510 1335 erit
1527 1304 1656 1346 Virgilii
1679 1305 1773 1336 versi-

1048 1359 1147 1396 culus,
1167 1370 1234 1400 geo.
1250 1359 1281 1389 ii.
1298 1363 1369 1390 240.

1059 1441 1113 1466 Nec
1123 1441 1219 1466 Baccho
1226 1449 1316 1474 genus,
1330 1444 1378 1466 aut
1386 1441 1465 1474 pomis
1475 1448 1523 1467 sua
1532 1441 1645 1472 nomina,
1655 1445 1756 1467 servae.

1092 1512 1166 1543 Ver.
1186 1515 1277 1544 1409.
1311 1513 1448 1553 Major-e.-
1481 1522 1525 1543 -c
1551 1512 1588 1544 P.
1612 1513 1709 1544 Vind.
1733 1511 1773 1544 V.

1046 1563 1093 1594 ed.
1111 1564 1149 1595 O.
1179 1569 1214 1595 Δ.
1232 1571 1272 1595 r1.
1289 1569 1323 1596 Σ.
1351 1564 1457 1606 vulgo,
1481 1564 1650 1605 Majorem,-
1674 1570 1710 1595 ut
1728 1570 1773 1596 n..

1046 1617 1265 1646 —dulcedine:
1301 1615 1444 1654 editores,
1473 1617 1661 1653 dulcedinis,·
1687 1614 1774 1646 haud

1047 1667 1140 1697 dubie
1154 1667 1220 1698 sine
1235 1667 1319 1697 libi-,is
1331 1667 1464 1703 vetustis,
1480 1673 1512 1697 et
1525 1667 1656 1706 scriptis,
1669 1673 1702 1698 et
1710 1667 1772 1697 im-

1045 1717 1163 1757 pressis.
1209 1717 1297 1747 Nihil
1326 1724 1433 1748 autem
1469 1717 1642 1758 elegantius
1675 1727 1773 1758 quam

1045 1767 1181 1798 formula
1191 1767 1321 1807 fructus
1343 1770 1504 1800 dulcedine
1526 1769 1655 1809 majore;
1679 1774 1773 1810 atque

1044 1828 1168 1858 prorsus
1197 1818 1420 1858 geminissimis
1456 1819 1535 1849 nihil
1567 1819 1703 1850 crebrius
1737 1819 1772 1850 in

1044 1872 1150 1911 poe'tis.
1194 1871 1370 1902 Doctorum
1403 1871 1569 1902 hominum
1605 1872 1773 1903 temeritati

1045 1928 1075 1952 et
1087 1922 1219 1952 inscitiae
1234 1929 1342 1953 mutus
1359 1924 1552 1962 obstupesco,
1573 1923 1616 1954 ita
1637 1934 1675 1954 ex
1689 1923 1771 1954 arbi-

1044 1973 1103 2003 trio
1119 1973 1357 2012 purissimorum
1371 1974 1557 2013 scriptorum
1572 1973 1769 2015 exquisitissi-

1044 2034 1110 2054 mas
1125 2024 1297 2054 locutiones
1319 2025 1588 2063 corrumpentibus
1609 2030 1701 2066 atque
1716 2034 1769 2055 ex·

1043 2076 1249 2106 turbantibus.
1294 2075 1362 2106 Nec
1383 2075 1487 2113 refert,
1511 2081 1618 2106 utrum
1639 2075 1715 2106 velis
1737 2089 1771 2107 φο

1043 2130 1203 2159 dulcedine
1219 2127 1353 2167 pendere
1368 2130 1408 2159 ab
1417 2128 1558 2169 fructus,
1583 2139 1623 2158 an
1641 2129 1681 2159 ab
1695 2130 1769 2159 Ma-

1033 2180 1147 2220 jorem,
1173 2179 1198 2209 si
1224 2180 1291 2210 haec
1318 2179 1410 2210 lectio
1432 2179 1579 2218 anideat3
1605 2190 1675 2220 quae
1695 2189 1770 2210 sane

1042 2229 1131 2260 nobis
1145 2240 1208 2260 non
1225 2229 1346 2260 videtur
1361 2230 1397 2260 ea
1417 2229 1620 2269 simplicitate,
1643 2229 1705 2271 qua
1719 2240 1768 2261 re·

1041 2287 1137 2320 cepta.
1174 2281 1345 2322 Utriusque
1359 2281 1523 2311 schematis
1538 2280 1680 2320 exempla
1693 2291 1767 2321 sup-

1041 2331 1220 2370 peditantur
1241 2331 1351 2362 eodem
1373 2331 1525 2362 versiculo
1548 2331 1705 2370 Maronis,
1727 2331 1769 2363 ad

1041 2383 1115 2413 AEn.
1132 2382 1181 2413 vii.
1198 2385 1268 2413 485.

1050 2457 1149 2480 Cervus
1158 2459 1216 2481 erat
1224 2455 1316 2487 somni
1327 2456 1479 2489 praestanm
1488 2460 1516 2482 et
1527 2456 1642 2482 comibus
1651 2456 1749 2489 iugem.

1083 2528 1157 2559 Ver.
1177 2531 1268 2559 1410.
1291 2530 1430 2569 capiebat
1444 2528 1635 2560 desideratur
1652 2528 1687 2558 in
1703 2534 1744 2559 11.

1082 2586 1162 2618 Ibid.
1178 2590 1317 2629 sylvestre
1329 2599 1426 2628 genus
1437 2590 1678 2628 terrigenarum:
1695 2585 1766 2616 vide

1038 2648 1098 2669 ver.
1123 2642 1192 2670 803.
1217 2640 1372 2679 superius;
1403 2640 1434 2670 ii.
1451 2644 1542 2672 1150.
1560 2642 1649 2671 1151.
1692 2637 1765 2668 Hos

1038 2697 1143 2721 autem
1150 2693 1311 2731 *sylvestres
1332 2694 1466 2724 homines
1481 2690 1666 2723 Venusinus
1679 2699 1762 2720 nun-

1037 2743 1173 2782 cupavit,
1188 2750 1245 2774 art.
1261 2744 1339 2783 po'et.
1354 2747 1425 2776 591.

1081 2802 1153 2833 Ver.
1171 2807 1262 2834 1411.
1286 2803 1418 2834 Orditur
1432 2803 1472 2833 de
1488 2811 1568 2832 novo
1583 2806 1694 2837 noster,
1709 2800 1762 2830 sed

1036 2864 1108 2884 cum
1126 2854 1324 2886 conclusione
1341 2865 1378 2885 ex
1395 2853 1654 2894 praecedentibu53
1678 2851 1762 2882 unde

1036 2915 1077 2934 an
1092 2905 1264 2944 scripserit?
