1926 3224
581 275 813 323 LIBER
864 271 1222 331 QUINTUS.

1573 274 1628 312 21

291 407 378 448 Nec
398 406 455 448 fas
477 421 576 457 esse,
598 407 722 447 deum
744 406 855 462 quod
876 407 928 447 sit
947 405 1105 446 ratione
1124 401 1280 444 vetusta

292 481 495 523 Gentibus
515 481 705 522 humanis
725 481 941 521 fundatum
961 486 1160 533 perpetuo
1180 491 1284 526 aevo,

291 555 503 596 Solicitare
522 554 602 594 suis
621 552 700 593 ulla
724 553 761 591 vi
781 566 832 591 ex
853 551 1015 591 sedibus
1035 564 1245 604 umquam,

291 628 379 668 Nec
401 626 532 667 verbis
551 638 714 674 vexare,
737 632 778 664 et
797 624 849 664 ab
869 624 953 663 imo
973 629 1157 663 evortere
1177 622 1350 662 summa:

180 706 256 743 165
290 701 452 741 Caetera
471 698 523 739 de
542 712 692 754 genere
711 697 792 738 hoc
812 696 1038 753 adfingere,
1062 703 1102 737 et
1121 695 1286 744 addere,
1313 694 1506 735 Memmi!

286 773 487 827 Desipere
507 778 584 820 est;
617 770 717 826 quid
737 771 847 811 enim
868 769 1166 819 inmortalibus,
1189 777 1311 824 atque
1330 768 1472 818 beatis,

288 846 435 888 Gratia
454 852 594 886 nostra
613 852 736 900 queat
753 844 940 901 largirier
959 843 1239 893 emolumenti,

290 920 353 962 Ut
371 918 510 960 nostra
532 917 755 974 quidquam
776 917 915 959 caussa
935 932 1077 974 gerere
1096 915 1411 974 adgrediemur?

289 994 454 1043 Quidve
474 993 570 1034 novi
590 993 725 1048 potuit
743 999 859 1034 tanto
878 1000 986 1047 post,
1009 999 1104 1034 ante
1123 992 1296 1046 quietos,

207 1152 269 1181 Vos,
281 1151 368 1176 aeterni
378 1152 458 1183 ignes!
475 1153 503 1176 et
514 1156 569 1174 non
582 1148 704 1175 violabile
715 1152 834 1175 vestrum

207 1191 306 1216 Testor
317 1197 430 1221 numen,
439 1190 520 1215 ait—:

144 1276 220 1296 nam
235 1265 342 1302 solem,
359 1265 480 1304 lunam,
507 1272 538 1296 et
551 1271 643 1303 astra,
665 1264 750 1295 haud
772 1264 866 1294 dubie

143 1316 327 1356 alloquitur;
343 1326 444 1357 neque
460 1316 638 1347 admiserim
648 1315 793 1356 equidem
806 1315 868 1345 ele-

142 1375 271 1409 gantem
281 1368 464 1399 Marklandi
476 1374 507 1399 et
517 1369 650 1399 aliorum
659 1377 783 1409 quoque
792 1377 865 1397 con-

139 1422 303 1462 jecturam,
337 1423 439 1458 Vestae,
468 1421 537 1452 loco
566 1428 704 1453 vestrum.
749 1420 865 1450 Notam

144 1472 290 1512 inspicias
305 1472 447 1510 inferius,
463 1472 503 1502 ad
517 1482 579 1502 ver.
593 1476 664 1502 405.

186 1523 263 1554 Ver.
280 1526 350 1553 162.
368 1529 513 1562 perpetuo
536 1533 614 1553 aevo:
640 1522 659 1552 i.
675 1532 701 1552 e.
724 1531 761 1551 ex
779 1520 864 1551 utra-

143 1584 203 1615 que
217 1579 304 1613 parte
319 1583 383 1603 non
397 1573 579 1612 interrupto,
596 1572 651 1603 sed
661 1572 702 1602 ad
712 1571 866 1602 infinitam

143 1625 375 1665 longitudinem
390 1634 639 1664 quaquaversum
653 1624 843 1654 continuato.

187 1676 261 1705 Ver.
274 1678 345 1705 163.
360 1673 425 1704 und
440 1677 472 1705 υἱ
485 1685 536 1704 eoe:
556 1674 599 1703 sic
611 1674 648 1704 P.
660 1673 755 1703 Vind.
768 1673 805 1704 L.
818 1674 865 1703 M.

143 1732 179 1760 Σ.
197 1733 242 1758 Ω.
264 1726 425 1764 exhibent3
448 1726 489 1756 V.
506 1725 554 1755 ed.
577 1727 664 1755 illum
679 1736 732 1760 ω’,-
761 1725 800 1755 Ο.
816 1726 867 1755 ul-

142 1781 204 1809 lam
228 1780 265 1808 de
273 1792 285 1814 ;
312 1782 347 1808 Δ.
371 1783 412 1807 Π.
433 1778 529 1807 ullam
553 1787 604 1806 ex:
629 1776 680 1806 hic
702 1780 808 1805 autem
833 1775 867 1805 in

144 1830 295 1871 margine,
318 1831 406 1860 illum
421 1831 467 1859 de.
511 1827 633 1868 Vulgo,
655 1829 752 1858 ullum
778 1829 869 1858 de.—

145 1883 279 1913 sedibus:
305 1880 341 1910 P.
364 1881 511 1910 sensibus.

188 1941 270 1972 Ibid.
294 1943 453 1972 Solicitare
475 1952 510 1972 ex
534 1942 665 1972 sedibus:
691 1941 710 1971 i.
735 1951 761 1970 e.
793 1942 815 1958 ‘⁶
831 1941 867 1969 de

144 1996 168 2012 “
183 1995 241 2024 solo
257 2003 293 2023 ac
306 1992 513 2023 fundamento
527 1995 610 2024 sedes
625 1995 712 2028 ciere,
736 1991 785 2021 vel
799 2001 866 2021 mo·

145 2048 168 2064 ‘⁴
185 2045 293 2075 vere:”
323 2044 394 2074 vide
423 2046 552 2075 Festum
579 2044 613 2074 in
643 2045 814 2081 Solicitare,
837 2048 868 2073 et

147 2096 390 2136 Calphurnium,
419 2096 460 2126 ad
481 2096 607 2126 Terent.
631 2096 749 2126 Heaut.
771 2095 814 2125 iii.
838 2098 866 2125 1.

145 2151 196 2180 52.
222 2147 342 2179 Glossae
357 2153 487 2178 veteres:
515 2150 538 2166 “
553 2148 704 2186 solicitat,
720 2145 865 2178 oevoenlsss’

144 2199 380 2230 accuratissime.

188 2259 264 2290 Ver.
281 2263 350 2291 164.
373 2258 507 2290 summd:
533 2259 553 2290 i.
569 2269 595 2289 e.
619 2261 652 2289 in
668 2257 797 2294 summd,
820 2256 869 2288 uti

145 2310 270 2350 plenius
283 2317 386 2342 noster
400 2311 570 2342 formulam
585 2310 696 2341 extulit
713 2309 868 2349 superius,

151 2361 192 2392 ad
216 2361 259 2392 iii.
285 2366 336 2392 84.
366 2363 386 2393 i.
402 2373 427 2392 e.
450 2365 584 2398 tandem,
613 2364 758 2402 denique;
793 2364 816 2379 “
832 2366 868 2390 ut

147 2416 170 2432 “
186 2412 293 2443 omnia
317 2423 382 2443 uno
406 2415 499 2444 verbo
518 2413 650 2444 breviter
665 2413 867 2451 comprehen-

148 2466 170 2482 “
186 2462 294 2494 dam.''
338 2464 414 2495 Jam
436 2475 509 2495 vero
531 2465 574 2495 sic
596 2464 739 2494 scribitur
752 2463 786 2492 in
800 2473 868 2493 om-

146 2514 240 2546 nibus
254 2514 492 2554 exemplaribus,
510 2515 651 2556 quamvis
665 2514 810 2552 editores,
830 2513 871 2543 ad

145 2565 272 2596 nullum
287 2565 409 2596 facinus
423 2565 456 2595 in
471 2565 713 2596 contaminando
733 2565 870 2595 Lucretii

148 2627 275 2656 corpore
304 2622 466 2652 cessantes,
502 2617 591 2647 nobis
620 2616 870 2647 commentitium

147 2678 239 2698 suum
255 2679 404 2699 summam
419 2667 584 2698 obtrudere
599 2678 662 2698 non
682 2668 869 2698 erubuerint.

148 2719 323 2750 Lambinus
350 2719 522 2758 proposuit,
542 2719 646 2761 fundo
652 2735 663 2756 ;
696 2719 868 2755 Bentleius,

142 2782 272 2811 pessum.
317 2771 428 2802 Taedet
450 2773 562 2802 harum
586 2771 785 2811 ineptiarum,
810 2782 869 2810 pu-

148 2822 358 2863 detque—V.
387 2823 433 2854 ed.
463 2824 600 2863 insuper,
630 2834 687 2863 pro
716 2826 788 2862 imo,
817 2823 872 2854 dat

149 2884 218 2904 uno.

192 2925 264 2956 Ver.
283 2929 353 2958 165.
376 2929 532 2968 adfingere
547 2934 573 2958 el
589 2929 709 2958 addere.
756 2927 870 2963 Caesar,

909 1150 979 1181 bell.
1003 1148 1085 1180 Gall.
1109 1147 1159 1178 vii.
1184 1150 1212 1178 1.
1238 1149 1260 1165 “
1276 1146 1333 1176 Eae
1360 1155 1409 1176 res
1433 1144 1467 1175 in
1494 1145 1629 1176 Galliam

910 1205 933 1221 “
949 1200 1188 1239 Transalpinam
1200 1198 1338 1229 celeriter
1348 1197 1559 1237 perferuntur:
1575 1199 1631 1226 ad-

911 1257 933 1272 “
949 1255 1026 1283 dunt
1041 1252 1101 1291 ipsi
1115 1258 1144 1282 et
1166 1252 1330 1293 adfingunt
1344 1248 1522 1279 rumoribus
1536 1247 1629 1282 Galli,

912 1309 933 1324 “
949 1304 1034 1346 quod
1047 1314 1096 1334 res
1109 1312 1234 1342 poscere
1244 1300 1436 1332 videbatur?
1481 1299 1546 1330 Ubi
1560 1309 1630 1329 nes-

910 1356 958 1386 cio
972 1366 1013 1386 an
1028 1365 1129 1395 operae
1143 1354 1183 1384 sit
1196 1353 1331 1393 pretium
1354 1351 1461 1382 leviter
1483 1350 1634 1390 castigare

913 1408 1059 1438 Graecum
1075 1407 1289 1445 interpretem:
1318 1411 1386 1446 Περι
1409 1416 1504 1434 wat-rm
1518 1401 1540 1433 δ’
1557 1404 1631 1436 evang

909 1466 1104 1499 -αγγελιων
1121 1459 1252 1494 thesaur,
1274 1459 1427 1486 ΑΤΤΑΙΣ
1445 1467 1535 1485 εκεινω
1551 1465 1634 1495 προς-

910 1517 1119 1540 πλαττεσι-·
1135 1518 1258 1547 nempe,
1274 1514 1445 1547 αγγελιαις·
1460 1505 1566 1545 vulgo,
1581 1517 1633 1535 ειυ-

911 1574 976 1594 &013-

952 1622 1029 1651 Ver.
1059 1624 1130 1652 166.
1153 1622 1318 1660 Desipere:
1355 1624 1395 1649 Π.
1417 1620 1468 1649 De
1489 1628 1633 1657 super.—

909 1674 1137 1704 inmortalibus:
1165 1672 1205 1702 O.
1222 1678 1262 1701 Π.
1278 1669 1465 1700 mortalibus.

952 1724 1027 1753 Ver.
1041 1726 1111 1754 167.
1126 1723 1334 1752 emolumenti:
1355 1725 1389 1751 Σ.
1404 1731 1467 1750 rem
1478 1721 1631 1754 alimenti,-

909 1774 1036 1805 attracta
1051 1772 1252 1813 praecedentis
1266 1771 1410 1802 dictionis
1429 1770 1518 1800 litera
1538 1769 1635 1800 finali.

910 1827 1063 1861 —Porro‚
1087 1826 1146 1855 hoc
1160 1828 1386 1864 argumentum
1401 1821 1476 1851 alias
1497 1821 1634 1860 positum

911 1883 957 1908 est
971 1877 1071 1907 verbis
1086 1876 1165 1911 aliis,
1192 1875 1223 1905 ii.
1238 1877 1310 1905 649.
1333 1872 1388 1904 ubi
1403 1871 1546 1903 similiter
1560 1871 1635 1902 deo·

911 1940 982 1959 rum
998 1934 1143 1958 naturam
1158 1926 1282 1956 attinet:

942 2012 1001 2042 Ipsa
1011 2009 1063 2034 suis
1073 2008 1174 2041 pollens
1184 2007 1288 2039 opibus,
1299 2006 1364 2030 nihil
1372 2005 1463 2037 indiga
1470 2004 1564 2034 nostri,

940 2052 992 2074 Nec
1002 2049 1062 2073 bene
1069 2047 1211 2080 promeritis
1221 2046 1330 2079 capitur,
1340 2051 1428 2076 neque
1438 2044 1558 2076 tangitur
1568 2043 1617 2068 iri.

912 2124 1080 2159 Arnobius‚
1093 2123 1144 2154 lib.
1156 2123 1188 2153 ii.
1199 2133 1229 2162 p.
1242 2126 1292 2153 69.
1316 2124 1338 2139 “
1350 2121 1393 2151 Et
1403 2119 1480 2160 quid
1492 2118 1635 2149 homines

913 2181 935 2196 ‘⁴
951 2181 1082 2217 prosunt
1096 2175 1226 2210 mundo,
1250 2179 1304 2204 aut
1330 2174 1370 2203 ob
1391 2172 1436 2202 rei
1459 2171 1548 2212 cujus
1561 2176 1635 2201 sunt

915 2231 938 2247 “
954 2227 1116 2258 necessarii
1131 2235 1316 2257 caussam—
1325 2223 1357 2256 ?’'

955 2288 1030 2318 Ver.
1050 2290 1118 2318 168.
1141 2288 1326 2327 quidquam:
1352 2284 1393 2314 V.
1412 2282 1459 2313 ed.
1485 2283 1525 2313 B.
1548 2283 1635 2322 quic-

912 2340 1275 2380 quid—adgrediemur:
1293 2336 1313 2366 i.
1325 2346 1350 2366 e.
1367 2333 1544 2375 aggressuri
1558 2332 1634 2370 sint;

910 2391 960 2421 vel
975 2401 1057 2421 nuuc
1073 2390 1193 2430 utique,
1216 2388 1265 2418 vel
1275 2389 1410 2428 posthac.
1457 2385 1508 2415 Sic
1530 2389 1637 2414 autem

912 2443 1063 2482 scriptum
1078 2442 1236 2472 invenitur
1250 2441 1284 2470 in
1301 2440 1337 2469 P.
1354 2437 1449 2468 Vind.
1466 2437 1506 2467 V.
1530 2436 1576 2467 ed.
1600 2441 1635 2468 Σ.

915 2503 959 2526 Ω.
983 2495 1089 2535 vulgo,
1105 2496 1343 2534 aggrediantur‚-
1367 2492 1426 2521 hoc
1447 2495 1554 2520 autem
1574 2489 1635 2518 im-

912 2553 1020 2587 putem
1031 2557 1106 2576 sane
1114 2545 1288 2576 recentibus
1299 2541 1534 2573 correctoribus:
1553 2539 1638 2580 quod

913 2600 999 2629 enim
1025 2599 1152 2628 sileatur
1178 2597 1217 2627 de
1239 2594 1396 2626 codicibus
1418 2593 1456 2623 B.
1479 2592 1516 2622 L.
1533 2591 1581 2622 M.
1604 2590 1637 2621 id

914 2650 1115 2691 negligentiae
1130 2648 1314 2679 collatorum
1328 2644 1536 2686 largiendum.

957 2701 1036 2731 Ibid.
1059 2702 1173 2740 quietos
1196 2699 1336 2729 Inlz'cere.
1383 2694 1534 2726 Similiter
1550 2692 1637 2724 Dido

913 2752 1091 2793 Virgiliana
1116 2750 1306 2790 Epicuream
1330 2747 1406 2788 agit,
1433 2745 1474 2776 ad
1498 2745 1572 2776 AEn.
1597 2743 1635 2774 iv.

913 2807 986 2836 579.

946 2888 1050 2913 scilicet
1061 2887 1081 2911 is
1092 2885 1188 2918 superis
1198 2885 1272 2911 labor
1283 2884 1332 2911 est!
1351 2890 1382 2910 ea
1393 2889 1459 2909 cura
1466 2880 1560 2914 quietos

946 2927 1065 2953 solicitat
1077 2926 1118 2951 Ξ·-
