1926 3224
353 222 450 262 340

840 214 899 261 T.
947 212 1325 261 LUCRETII

381 346 464 386 780
494 345 704 399 Adspectu
723 342 938 399 fugiunda,
963 357 1187 398 saporeque
1206 343 1337 385 tristia
1355 358 1448 400 quae
1467 345 1560 388 sint.

551 416 731 467 Deinde,
755 416 890 457 videre
908 416 1016 467 licet,
1038 431 1162 472 quam
1181 417 1321 459 multae
1341 419 1421 459 sint
1439 418 1598 461 homini
1615 435 1679 463 res

494 491 658 532 Acriter
676 489 822 530 infesto
842 505 976 540 sensu,
998 505 1250 546 spurcaeque,
1271 506 1506 548 gravesque.

493 563 724 605 Arboribus
743 563 924 618 primum
945 564 1064 605 certis
1083 565 1218 621 gravis
1238 564 1385 606 umbra
1403 566 1555 608 tributa
1562 585 1577 618 ;

491 637 634 693 Usque
653 637 756 678 adeo
776 637 919 692 capitis
939 637 1090 679 faciant
1111 646 1154 678 ut
1179 653 1286 693 saepe
1305 638 1480 690 dolores,

376 713 457 753 785
490 711 535 753 Si
555 713 644 767 quis
664 726 730 752 eas
751 710 889 752 subter
901 711 1046 765 jacuit,
1068 718 1308 765 prostratus,
1334 712 1378 752 in
1398 711 1547 754 herbis.

560 785 635 826 Est
655 785 777 826 etiam
797 784 957 841 magnis
979 784 1193 826 Heliconis
1212 785 1420 827 montibus
1440 786 1576 838 arbos,

493 858 624 900 Floris
645 858 772 900 odore
791 858 1002 900 hominem
1022 867 1128 901 tetro
1148 867 1345 902 consueta
1364 874 1521 902 necare.

348 1016 408 1046 bat.
453 1013 535 1045 Vide
550 1024 607 1045 nos
622 1013 662 1045 ad
676 1014 696 1045 i.
723 1018 770 1046 11.
798 1014 837 1045 de
864 1015 1072 1046 contractione

348 1078 485 1107 asprum,
508 1072 539 1097 et
554 1066 701 1106 cognatis.
750 1067 916 1103 Caeterum,
946 1068 1073 1107 pulchre

349 1118 526 1149 Eumenius
541 1117 575 1148 in
589 1127 699 1158 paneg.
724 1118 831 1149 Const.
848 1120 934 1158 Aug.
952 1118 1025 1148 xxii.
1044 1122 1072 1148 2.

350 1173 373 1188 ‘⁴
390 1169 555 1200 Miraberis
576 1169 714 1208 profecto
729 1169 813 1199 illam
831 1180 953 1210 quoque
969 1168 1074 1198 numi-

350 1223 373 1239 “
390 1221 441 1251 nis
464 1220 510 1250 tui
536 1220 657 1258 sedem;
680 1226 711 1249 et
733 1220 868 1249 calentes
891 1229 987 1258 aquas
1009 1219 1075 1248 sine

350 1274 371 1289 ‘¹
388 1271 454 1301 ullo
469 1271 526 1301 soli
542 1270 681 1300 ardentis
696 1269 824 1306 indicio,
839 1279 971 1308 quarum
988 1269 1076 1299 nulla

347 1318 372 1342 '“
389 1328 435 1353 est
449 1324 575 1353 tristitia
591 1323 718 1360 saporis,
742 1326 797 1350 aut
811 1320 999 1350 halitus—P

392 1375 466 1404 Ver.
484 1377 555 1404 781.
578 1372 775 1413 Elegantius,
799 1379 830 1403 et
855 1372 962 1403 nullus
987 1373 1071 1413 equi-

349 1424 422 1456 dem
437 1424 547 1455 dubito
562 1423 638 1464 quin
655 1434 734 1458 vere,
758 1423 900 1454 scribitur
914 1424 973 1453 hoc
988 1423 1075 1454 disti.

349 1477 430 1505 chon
446 1474 528 1514 apud
546 1474 698 1510 Nonium,
721 1475 760 1504 iv.
784 1478 854 1506 425.
877 1485 952 1504 nam
968 1474 1074 1515 exqui-

348 1526 436 1555 sitior
451 1526 516 1555 haec
538 1525 617 1555 ratio
639 1525 729 1556 facile
751 1525 894 1556 librarios
916 1525 1076 1565 impulerit

350 1577 389 1608 ad
406 1577 564 1608 novandos
579 1588 696 1608 versus:

366 1663 478 1692 Deinde,
490 1662 581 1687 videre
591 1662 664 1692 licet,
680 1669 761 1694 quam
773 1662 859 1686 multae
869 1662 962 1686 homini
974 1669 1013 1688 ret

366 1702 471 1728 Acriter
482 1702 602 1733 bifestum
609 1708 728 1732 sensum,
738 1707 907 1734 spurcaeque,
918 1707 1073 1733 gravesque.

352 1765 406 1795 Ad
421 1774 541 1795 morem
556 1765 738 1795 Graecorum
751 1764 867 1794 scilicet
878 1764 914 1794 ea
931 1763 963 1793 in
979 1774 1074 1794 caesu-

350 1815 403 1852 ῐὲις
426 1822 472 1853 ut,
496 1815 629 1854 exempli
645 1815 756 1855 gratia,
774 1815 946 1852 Homerus,
964 1813 1024 1845 Od.
1040 1821 1075 1845 Λ.

353 1869 403 1896 69.

353 1950 486 1976 Κυκλωπὶς
500 1953 652 1982 nexuum-m,
664 1949 687 1974 ὃν
699 1949 903 1975 ΟΦΘΑΛΜΟΥ
916 1949 1073 1975 ΑΛΑΩΣΕ.

353 2015 407 2046 Sic
429 2021 502 2045 ante
522 2015 644 2045 literam
668 2016 834 2055 aspiratam
859 2015 954 2050 idem,
982 2015 1020 2045 Il.
1040 2021 1074 2045 A.

354 2070 404 2098 85.

352 2146 494 2179 Θαρηνας
505 2149 594 2178 'za-aza.
611 2154 658 2170 ειτε
669 2146 896 2171 ΘΕΟΠΡΟΠΙΟΝ
906 2145 938 2170 Ὀ
951 2155 975 2170 τι
987 2143 1056 2170 οισθοι
1065 2152 1074 2168 .·

351 2224 388 2249 ut
402 2218 455 2248 ille
470 2225 500 2249 et
515 2218 569 2249 alii
587 2220 764 2258 saepissime.
811 2220 878 2249 Nec
895 2218 1000 2249 Latini
1015 2218 1076 2248 mi-

351 2279 423 2307 nus,
439 2269 493 2299 sed
508 2269 541 2299 in
556 2270 689 2309 propriis
703 2277 809 2300 tamen
826 2270 1006 2300 nominibus
1021 2279 1075 2309 po-

352 2320 525 2359 tissimum;
559 2322 671 2362 quibus
693 2322 793 2362 major
815 2328 860 2352 est
881 2321 1078 2361 indulgentia

353 2372 508 2403 licentiae:
525 2373 595 2403 vide
607 2373 698 2413 Virg.
711 2373 766 2403 ecl.
782 2373 812 2403 ii.
826 2376 875 2403 24.
894 2373 968 2403 Stat.
979 2372 1078 2402 Theb.

352 2423 392 2453 vi.
409 2426 479 2454 565.
496 2423 536 2453 ix.
551 2427 623 2455 305.
639 2429 675 2454 ut
689 2434 726 2454 ex
742 2424 885 2464 plurimis
906 2433 1004 2463 pauca
1027 2423 1074 2452 in-

351 2474 504 2505 dicentur.
550 2475 733 2514 Oppianum
756 2483 862 2506 autem
884 2476 918 2506 in
946 2475 1077 2505 transitu

352 2525 549 2566 casdgemm,
565 2536 673 2566 cyneg.
688 2527 719 2557 ii.
737 2531 786 2557 88.

390 2611 464 2635 Hmoe
476 2610 500 2636 δε
512 2618 627 2645 ppassim,
641 2621 687 2637 και
700 2613 850 2637 ΗΘΑΛΕΑ
861 2621 1002 2648 μεροετεπ-ι.

350 2683 437 2714 Libri
453 2684 538 2722 dant,
563 2688 685 2718 ηθαιλεω·
708 2686 833 2717 duriter.
878 2687 961 2717 Vide
982 2698 1077 2728 quam

350 2737 474 2768 brevem
490 2738 640 2778 syllabam
655 2739 806 2778 producat
823 2741 889 2771 haec
911 2752 1027 2772 caesura
1042 2743 1076 2772 in

351 2785 441 2827 Virg.
457 2798 525 2828 geo.
542 2789 573 2819 ii.
589 2794 621 2821 5.

395 2840 467 2871 Ver.
483 2845 553 2873 789..
576 2845 702 2885 infesto:
727 2850 762 2877 Δ.
779 2846 908 2887 irisestoe
935 2852 970 2877 ut
985 2846 1076 2878 scribi

350 2890 450 2923 voluit
465 2892 649 2926 Lambinus.

1158 1017 1232 1047 Ver.
1250 1019 1320 1047 783.
1342 1018 1447 1047 certis.-
1475 1020 1509 1046 Δ.
1524 1016 1705 1047 terris—P.
1720 1018 1837 1049 tributa

1115 1074 1166 1097 est.

1160 1117 1239 1146 Ibid.
1264 1117 1430 1147 Arboribus
1441 1118 1546 1156 gravis
1560 1118 1675 1148 umbra.
1701 1118 1751 1149 Ita
1765 1128 1839 1150 cum

1117 1165 1348 1206 elegantissimi
1384 1174 1551 1208 παλιλογιᾳ
1587 1167 1755 1209 Virgilius,
1783 1169 1840 1200 ecl.

1117 1228 1147 1248 x.
1168 1221 1216 1249 75.

1249 1298 1316 1324 solet
1328 1305 1382 1323 esse
1390 1298 1487 1330 gravis
1503 1299 1662 1325 comantibus
1673 1300 1773 1332 umbra,

1147 1338 1265 1370 Juniperi
1272 1338 1369 1370 gravis
1380 1338 1479 1363 umbra.

1120 1409 1171 1439 Ita
1197 1415 1321 1449 egomet
1346 1409 1439 1440 etiarn
1469 1409 1701 1441 rescribendum
1722 1406 1840 1451 pute‘m.

1119 1460 1220 1490 Valde
1236 1461 1338 1501 friget,
1359 1471 1459 1501 neque
1474 1461 1534 1491 loci
1548 1471 1673 1492 sensum
1694 1464 1768 1494 satis
1781 1465 1842 1495 im.

1119 1510 1194 1550 plet‚
1227 1518 1349 1550 recepta
1375 1511 1466 1541 lectio
1493 1514 1702 1550 cantantibus;
1735 1515 1842 1546 scribis

1119 1562 1236 1593 interea
1251 1562 1403 1604 exquisita
1420 1573 1493 1593 voce
1514 1563 1608 1605 longe
1623 1566 1775 1604 acceptior
1784 1566 1840 1597 'fu-

1119 1619 1197 1644 tura.

1161 1666 1235 1696 Ver.
1253 1668 1324 1697 785.
1346 1677 1414 1698 eas:
1440 1666 1536 1698 Vind.
1553 1667 1593 1698 V.
1609 1667 1656 1699 ed.
1675 1673 1707 1700 Σ.
1726 1675 1770 1700 Ω.
1785 1681 1820 1701 ea
1831 1686 1842 1707 ,-

1117 1716 1230 1747 extrito
1244 1728 1258 1748 s
1273 1718 1312 1747 ob
1326 1724 1507 1758 sequentem
1522 1729 1646 1750 vocem:
1667 1720 1707 1750 O.
1721 1732 1798 1752 eam.

1163 1767 1235 1798 Ver.
1252 1771 1325 1799 786.
1347 1770 1379 1799 in
1395 1776 1464 1808 post
1477 1772 1568 1800 etiam
1585 1770 1726 1801 hodierni
1741 1771 1841 1803 intru-

1119 1819 1200 1849 dunt
1224 1819 1369 1858 editores,
1392 1831 1487 1861 quam
1513 1821 1637 1852 indocte
1662 1828 1693 1852 et
1722 1823 1843 1863 inscite,

1119 1876 1227 1900 contra
1241 1870 1337 1900 libros
1351 1877 1476 1901 veteres.
1516 1872 1603 1902 Huic
1618 1873 1784 1904 temeritati
1795 1880 1842 1905 ta-

1118 1931 1191 1951 men
1207 1921 1399 1962 negligentia
1415 1922 1669 1954 vindobonensis
1690 1924 1844 1955 collatoris

1117 1972 1440 2012 suffragatur.—Mox
1457 1974 1496 2003 V.
1515 1973 1563 2003 ed.
1579 1981 1670 2012 retro,
1687 1985 1743 2013 pro
1757 1981 1841 2006 tetro.

1162 2023 1236 2053 Ver.
1253 2026 1323 2053 788.
1346 2026 1412 2065 ideg
1436 2027 1541 2054 terris:
1569 2026 1612 2055 sic
1635 2025 1672 2055 P.
1695 2032 1789 2066 atque
1810 2027 1842 2057 id

1118 2073 1284 2104 voluerunt
1309 2073 1394 2104 haud
1416 2074 1510 2105 dubie
1531 2081 1714 2106 caeterorum
1737 2087 1842 2107 exem-

1119 2125 1253 2164 plarium
1271 2125 1469 2164 corruptelae;
1493 2125 1590 2156 Vind.
1617 2126 1656 2156 V.
1681 2126 1728 2157 ed.
1753 2128 1790 2159 B.
1806 2128 1844 2158 L.

1121 2177 1168 2206 M.
1193 2176 1231 2212 Q.
1258 2183 1302 2207 Ω.
1325 2179 1358 2206 in
1381 2178 1508 2212 deotris‚·
1535 2176 1574 2206 Ο.
1601 2181 1635 2208 Σ.
1660 2178 1731 2208 inde
1752 2181 1843 2214 ozris,-

1122 2233 1157 2257 Δ.
1167 2229 1249 2264 inde,
1260 2227 1347 2256 hiatu
1358 2226 1473 2256 relicto.
1498 2226 1548 2256 Sic
1558 2236 1683 2257 mecum
1692 2238 1758 2258 rem
1769 2238 1843 2259 con-

1120 2277 1223 2317 cipias.
1254 2278 1427 2318 Postquam
1441 2289 1457 2308 o
1473 2279 1604 2308 haeserat
1620 2292 1662 2319 τῳ
1675 2278 1751 2314 sris,
1779 2280 1844 2311 sive

1120 2332 1218 2365 terris,
1241 2340 1278 2360 ex
1306 2332 1355 2360 ide
1379 2330 1483 2360 statim
1507 2330 1593 2360 fieret
1618 2333 1684 2362 ide:
1711 2337 1748 2362 ut
1771 2331 1845 2362 satis

1122 2381 1413 2411 manifestum—ea:
1429 2383 1529 2412 onmia
1540 2395 1550 2412 .·
1577 2387 1611 2413 Σ.
1626 2393 1660 2412 ετ
1674 2385 1800 2413 somnia.

1164 2434 1239 2464 Ver.
1268 2437 1340 2466 789.
1370 2436 1491 2465 multis.-
1525 2435 1610 2464 abest
1639 2435 1680 2465 V.
1709 2435 1756 2466 ed.
1801 2435 1842 2465 In

1121 2484 1228 2515 caussa
1253 2485 1384 2515 fuerunt
1407 2485 1522 2515 similia
1546 2486 1579 2515 in
1602 2486 1718 2525 vicino,
1739 2487 1841 2517 Multa

1349 2537 1400 2567 De
1422 2537 1470 2567 his
1491 2544 1597 2568 autem
1619 2537 1843 2578 elegantiomm

1121 2588 1321 2629 ingeniorum
1343 2589 1487 2620 formulis
1518 2589 1672 2620 nonnulla
1699 2589 1843 2621 dedimus

1121 2639 1160 2670 ad
1175 2640 1194 2670 i.
1209 2643 1282 2671 815.

1164 2691 1238 2721 Ver.
1255 2694 1327 2722 790.
1350 2693 1462 2727 tradil,·
1487 2696 1522 2722 Δ.
1545 2692 1639 2722 cadit.
1672 2690 1795 2721 Scilicet
1816 2698 1840 2729 t,

1119 2748 1155 2772 ut
1171 2743 1296 2782 passim,
1321 2743 1354 2773 in
1370 2754 1386 2774 c
1409 2743 1538 2780 abierat3
1561 2749 1592 2772 et
1606 2751 1643 2771 ex
1659 2744 1760 2772 crodit
1776 2742 1841 2773 fac-

1119 2799 1187 2823 tum
1203 2799 1248 2823 est
1262 2795 1355 2824 cadit.

1164 2845 1243 2876 Ibid.
1255 2848 1344 2885 gerit.
1368 2845 1469 2882 Forte,
1484 2846 1577 2884 gem't.
1601 2845 1827 2875 Benumus.

1119 2896 1251 2928 Prorsus
1280 2895 1458 2928 infeliciter:
1498 2895 1568 2927 vide
1592 2896 1633 2926 sis
1660 2906 1736 2927 verr.
1766 2898 1837 2927 558.

1121 2539 1298 2567 πιιιίίανιιπι.
