1926 3224
567 240 800 290 LIBER
853 238 1210 297 QUINTUS.

1516 241 1615 286 207*

270 371 374 414 AEre
394 372 523 414 solum
543 381 665 414 terrae
685 372 928 422 tractabant,
960 386 1121 427 aereque
1140 369 1234 412 belli

272 445 505 489 Miscebant
524 447 685 498 fluctus,
717 456 758 489 et
776 448 942 488 volnera
963 454 1074 487 vasta
1093 445 1294 493 serebant,

132 523 239 561 1290
271 521 327 563 Et
345 536 469 576 pecus
488 530 612 577 atque
629 536 749 578 agros
769 520 1023 568 adimebant3
1056 533 1153 559 nam
1171 518 1286 559 facile
1306 517 1393 558 ollis

270 594 424 636 Omnia
444 594 642 637 cedebant
661 593 828 634 armatis
849 592 975 640 nuda,
997 599 1038 631 et
1057 592 1227 631 inerma.

272 667 376 708 Inde
394 667 626 707 minutatim
646 665 843 720 processit
861 664 1014 705 ferreus
1034 664 1154 714 ensis,

268 740 481 795 Vorsaque
500 739 544 780 in
565 740 787 780 obscenum
808 739 959 794 species
979 746 1040 780 est
1057 737 1169 779 falcis
1192 736 1352 787 ahenae,

165 914 239 944 Ver.
259 915 348 944 1289.
370 918 472 943 vasta:
498 912 541 943 V.
559 912 607 943 ed.
631 919 671 943 n.
689 913 842 952 2.fastc1;

125 965 164 996 Ο.
176 964 280 1006 fessa,-
313 969 348 994 Δ.
361 964 456 1004 festa.
502 964 556 994 An
576 963 681 1005 fida?
710 963 759 994 Sic
785 963 843 994 sal-

122 1022 185 1047 tem
204 1014 346 1050 Ovidius,
362 1021 435 1045 met.
450 1014 502 1045 xii.
517 1018 589 1046 566.

374 1088 438 1120 sedo
448 1089 589 1120 disjectum
601 1089 781 1114 vulnere—.

168 1162 249 1193 Ibid.
260 1164 382 1203 fluctus
396 1167 425 1192 et
439 1163 571 1193 volnera.
613 1162 714 1203 Lego:

153 1244 300 1269 Miscebant
311 1243 403 1274 luctus,
421 1246 448 1269 et
455 1243 556 1275 funera
568 1247 642 1268 vasta
653 1244 782 1269 serebant.

123 1315 401 1352 Quemadmodum
417 1315 580 1356 Virgilius,
598 1316 672 1346 AEn.
687 1326 715 1346 x.
733 1318 803 1346 755.

152 1402 212 1432 Jam
224 1401 312 1432 gravis
322 1401 449 1432 aequabat
459 1401 542 1439 luctus
553 1404 581 1426 et
595 1403 692 1426 mutua
702 1402 807 1425 Mavors

153 1450 320 1473 Funera—.

122 1524 166 1554 Et
180 1534 286 1554 rursus
300 1523 426 1560 ibidem,
442 1524 494 1554 xii.
509 1526 581 1555 805.

378 1599 447 1623 luctu
459 1599 558 1624 miscere
569 1598 736 1630 hymenaeos.

122 1668 237 1700 Noster
251 1669 427 1706 Lucretius,
443 1669 482 1700 vi.
501 1672 591 1699 1223.

132 1783 140 1792 ι
161 1750 325 1775 Incomitata
334 1750 392 1782 rapi
402 1751 540 1775 certabant
548 1750 649 1782 funera
659 1752 751 1773 vasta.

123 1821 186 1852 Sed
200 1821 270 1852 vide
285 1832 370 1860 mox,
389 1831 450 1852 ver.
469 1825 559 1852 1434.
583 1820 712 1851 Accius:

119 1899 123 1906 ¹
136 1907 246 1938 Propter
255 1909 284 1931 te
301 1908 343 1931 tot
359 1910 502 1937 tantasque
515 1906 645 1931 habemus
655 1905 792 1930 vastitates
799 1906 849 1937 fu-

209 1961 308 1979 nerum·

617 1996 843 2025 Bima-Linus.

121 2080 212 2111 Idem
228 2087 346 2119 tamen,
362 2091 418 2120 pro
432 2081 566 2121 vulgatis
580 2091 685 2121 agens,
709 2081 847 2120 apposite

119 2132 296 2171 provocavit
316 2132 357 2162 ad
379 2133 542 2172 Euripidis
565 2133 635 2163 Ion.
651 2137 701 2163 60.
724 2132 779 2163 ubi
794 2143 846 2163 me

121 2183 240 2214 videas:

198 2268 234 2293 Ην
247 2277 304 2296 ταις
317 2267 422 2297 Αθηναις
500 2273 614 2302 ,τολεμιις
625 2269 727 2295 ziela-iv.

122 2345 214 2376 Idem
242 2345 316 2376 alibi
345 2346 482 2386 tragicus
503 2348 597 2377 habet
623 2347 733 2378 κλυδων
755 2346 845 2390 εριδος,

120 2403 213 2438 atque
235 2397 305 2438 δομῆς
329 2397 459 2428 κλυδων.·
484 2404 516 2428 et
536 2398 630 2428 multi
644 2404 718 2429 sunt
739 2399 771 2429 in
787 2400 847 2429 hac

120 2449 217 2480 nobili
233 2449 436 2480 translatione
450 2450 549 2489 po'e’tae
564 2451 714 2480 sermonis
733 2451 848 2481 utrius-

118 2511 181 2542 que
209 2499 401 2541 grandiores,
429 2501 597 2541 AEschylus
633 2501 846 2541 potissimum:

119 2552 198 2582 adeo
213 2558 249 2582 ut
258 2551 423 2582 Lucretius
437 2551 570 2582 minime
583 2552 623 2582 sit
637 2553 846 2583 solicitandus.

121 2603 204 2634 Sane
232 2603 381 2633 vocabula
409 2605 519 2635 walnas
546 2610 578 2635 et
596 2605 701 2645 fimus
729 2605 846 2636 librarii

119 2665 335 2695 saepenumero
359 2656 625 2694 permiscuerunt3
646 2657 697 2687 adi
726 2667 783 2688 nos
812 2658 846 2688 in

119 2707 164 2737 iii.
178 2710 250 2738 895.
274 2706 328 2737 sed
343 2707 423 2736 nihil
445 2707 496 2738 hic
517 2707 715 2739 demutatum
732 2709 844 2740 velim:

119 2767 194 2788 nam
207 2760 328 2790 volnera
353 2764 437 2789 vasta
465 2765 540 2789 Sunt
563 2762 655 2796 ssoedsoe
679 2773 847 2801 τραυμωται,

120 2808 160 2839 de
173 2810 288 2849 quibus
301 2809 426 2850 egimus
445 2810 486 2840 ad
511 2810 582 2841 Silv.
600 2811 675 2842 Crit.
691 2811 730 2842 iv.
753 2823 782 2851 p.
798 2816 848 2843 60.

113 2862 268 2900 patentia,
283 2863 432 2900 ingentia,
449 2868 542 2903 atque
554 2865 713 2899 immania,
723 2866 848 2895 vulnera

122 2911 274 2943 Maronis.
318 2912 424 2945 Etiam
456 2913 632 2956 intelligere
667 2914 764 2955 possis
798 2915 848 2946 in-

888 912 993 952 gentia
1007 922 1131 942 numero
1155 921 1219 941 non
1243 911 1358 948 minus,
1383 919 1477 950 quam
1500 911 1595 950 specie
1602 925 1616 946 ‚-

888 973 987 1002 quum
1017 962 1217 992 solitudinem
1248 963 1345 1003 quasi,
1374 968 1404 991 et
1432 963 1614 999 vastitatem,

888 1013 1004 1043 faciant
1038 1014 1227 1044 hominibus,
1274 1013 1499 1052 Quadrigarius
1529 1012 1614 1051 apud

891 1065 1044 1102 Gellium,
1068 1075 1094 1095 v,
1113 1068 1159 1095 17.
1191 1069 1212 1083 “
1233 1065 1362 1095 cladem
1378 1065 1464 1095 illam
1480 1066 1614 1096 vastissi-

888 1119 911 1134 “
927 1128 1008 1146 mam
1024 1126 1139 1156 pugnae
1157 1116 1369 1146 Cannensis:‘'
1393 1116 1412 1147 i.
1429 1127 1456 1146 e.
1478 1117 1615 1145 maxime

890 1168 1096 1206 desolantem3
1125 1167 1217 1198 adeas
1238 1174 1379 1198 nostrum
1401 1167 1435 1197 in
1456 1167 1495 1197 vi.
1522 1171 1613 1197 1158.

893 1223 982 1250 1225.

933 1279 1012 1310 Ibid.
1034 1282 1153 1311 volnera
1178 1281 1332 1311 serebant:
1357 1279 1377 1309 i.
1393 1289 1419 1310 e.
1443 1282 1465 1297 ‘⁶
1483 1277 1615 1318 promis-

891 1333 912 1349 “
929 1340 988 1360 cuo
1017 1336 1109 1371 atque
1131 1331 1337 1361 tumultuario
1358 1330 1478 1370 impetu
1500 1329 1615 1359 infere-

891 1386 913 1401 “
928 1382 1040 1419 bant;''
1062 1382 1101 1412 ad
1117 1393 1210 1423 quam
1234 1383 1395 1413 notionem
1416 1392 1556 1422 spargere
1571 1390 1615 1412 te-

888 1436 932 1472 la,
958 1436 1098 1473 sagittas,
1123 1441 1153 1464 et
1173 1435 1297 1472 similia,
1325 1435 1423 1474 po'etae
1437 1434 1552 1473 passim
1567 1426 1629 1464 diss'

890 1491 974 1516 cunt.
1018 1487 1176 1522 Lucanus,
1192 1487 1254 1517 viii.
1270 1490 1342 1518 552.

1236 1566 1300 1597 quid
1313 1566 1427 1591 vulnera
1439 1571 1529 1591 nostra

919 1614 950 1636 In
962 1613 1100 1645 Scythicos
1111 1614 1208 1646 spargis
1219 1614 1345 1646 populos?

891 1683 942 1713 Sic
957 1684 1021 1713 alii:
1050 1695 1107 1714 nec
1124 1685 1217 1715 Maro
1232 1695 1296 1715 non
1308 1686 1465 1725 appositus
1481 1691 1526 1716 est
1540 1685 1616 1715 huie

887 1734 966 1773 loco,
984 1736 1059 1766 AEn.
1074 1736 1127 1766 xii.
1143 1739 1215 1767 720.

949 1815 991 1840 Illi
1000 1815 1070 1841 inter
1079 1823 1135 1841 sese
1145 1817 1232 1841 multa
1245 1817 1272 1840 vi
1282 1817 1397 1842 vulnera
1408 1818 1520 1842 miscent.

892 1891 1061 1931 Eleganter
1077 1891 1232 1930 Valerius,
1251 1892 1372 1932 Argon.
1389 1892 1428 1922 vi.
1446 1895 1516 1923 195.

1238 1978 1375 2009 Dypsanta
1387 1978 1505 2007 Caresus,

887 2027 1094 2056 Strymonaque,
1105 2025 1216 2050 obscuri
1226 2028 1381 2057 spargentem
1394 2025 1508 2050 vulnera
1518 2025 1614 2057 funda,

891 2074 1057 2105 Dejicit——.

891 2145 986 2176 Silius
1006 2145 1134 2176 Italicus
1158 2145 1201 2175 sic
1227 2145 1396 2175 certissime
1418 2146 1616 2186 castigandus

890 2203 944 2233 est,
975 2197 1016 2227 ad
1037 2207 1064 2227 ν.
1088 2201 1158 2228 256.
1181 2198 1236 2227 ubi
1264 2198 1404 2238 perlegas
1425 2197 1518 2227 velim
1547 2193 1615 2228 ani-

888 2248 1098 2278 madversores
1123 2248 1240 2286 doctos,
1266 2248 1327 2278 nisi
1350 2248 1516 2279 lectionem
1539 2249 1616 2280 alte-

889 2311 968 2338 ram,
981 2300 1115 2340 ferebat,
1133 2300 1260 2330 fortasse
1274 2301 1378 2330 malis:

918 2384 1113 2416 Immitemque
1122 2386 1233 2417 Bagam,
1251 2385 1296 2416 qui
1303 2386 1359 2416 jam
1371 2385 1458 2409 vicina
1466 2385 1561 2410 serebat

922 2432 1031 2457 Vulnera
1039 2436 1199 2465 pugnantum
1211 2436 1298 2465 tergo,
1310 2433 1428 2458 velocior
1438 2433 1515 2459 hasti

922 2481 1115 2513 Occupat—.

889 2560 988 2598 Libri,
1009 2563 1198 2601 ngnantis:
1224 2561 1331 2591 confer
1355 2561 1445 2602 Virg.
1470 2562 1545 2593 AEn.
1571 2562 1614 2593 iii.

889 2615 961 2641 242.
982 2611 1033 2642 vii.
1053 2615 1104 2643 94.
1121 2622 1162 2642 ne
1175 2612 1312 2651 phrasim
1323 2620 1517 2652 pugnantum
1532 2619 1615 2653 tergo

890 2661 1049 2692 cavilleris.
1095 2662 1187 2692 Idem
1217 2663 1310 2693 Silius
1335 2663 1464 2693 alteram
1489 2674 1616 2704 quoque

894 2713 966 2744 Cari
981 2713 1172 2744 locutionem
1187 2715 1305 2753 asserit,
1321 2715 1362 2745 ad
1377 2716 1458 2746 Pun.
1474 2715 1513 2746 vi.
1527 2719 1600 2747 275.

921 2796 980 2826 Jam
992 2794 1088 2826 patulis
1098 2798 1176 2820 vasto
1187 2796 1236 2820 sub
1247 2795 1359 2821 vulnere
1368 2796 1489 2822 faucibus
1499 2796 1547 2822 a'er

923 2842 1074 2867 Tabificam
1086 2843 1205 2875 exspirat
1215 2843 1388 2870 saniem—-

936 2916 1009 2948 Ver.
1027 2920 1120 2950 1291.
1139 2920 1299 2951 cedebant.-
1317 2920 1358 2952 V.
1374 2919 1424 2952 ed.
1440 2909 1611 2955 credebam,-
