1926 3224
611 203 843 252 LIBER
883 201 1184 250 SEXTUS.

1530 210 1621 252 365

274 334 356 376 Sed
376 335 444 376 tali
466 335 512 377 fit
532 336 614 377 utei
634 335 833 391 propellat
853 343 1038 389 tempore
1057 333 1226 384 ferrum,

275 408 397 450 Parte
417 409 528 465 quod
547 425 599 451 ex
620 410 699 451 una
722 410 896 465 spatium
920 416 1050 457 vacat,
1072 416 1113 448 et
1131 407 1241 462 capit
1259 406 1302 447 in
1322 421 1376 448 se.

272 481 359 523 Hic
379 483 467 533 tibi,
489 498 609 539 quem
629 498 828 532 memoro,
849 496 923 537 per
943 481 1088 522 crebra
1106 480 1309 522 foramina
1328 480 1423 522 ferri

272 555 423 597 Parvas
442 557 495 597 ad
513 558 662 611 parteis
681 556 880 597 subtiliter
899 555 1143 603 insinuatus,

133 633 238 669 1030
271 629 436 678 Trudit,
459 638 499 670 et
518 629 686 684 inpellit:
718 628 833 683 quasi
852 642 976 667 naves
997 626 1164 681 velaque
1183 628 1329 678 ventis,

270 702 379 743 Haec
398 717 560 758 quoque
579 717 642 743 res
661 702 912 756 adjumento,
935 708 1147 754 motuque,
1161 700 1340 753 juvatur.

327 774 535 829 Denique,
558 790 621 816 res
641 789 783 815 omnes
802 774 954 814 debent
973 773 1017 812 in
1037 787 1210 826 corpore
1230 772 1383 814 habere

267 849 393 898 A'e'ra,
414 848 746 903 quandoquidem
767 862 862 888 raro
882 855 976 888 sunt
997 861 1184 901 corpore,
1206 855 1246 887 et
1266 848 1337 887 ae'r

267 921 472 962 Omnibus
492 928 551 962 est
571 921 692 962 rebus
711 920 985 962 circumdatus
1005 920 1308 976 adpositusque.

129 999 234 1036 1035
268 995 388 1036 Hicc'
410 996 551 1053 igitur,
569 996 731 1050 penitus
753 995 823 1050 qui
843 995 886 1034 in
907 994 1015 1035 ferro
1035 1003 1095 1034 est
1116 994 1293 1044 abditus,
1316 995 1386 1035 aer

269 1069 435 1110 Solicito
455 1078 570 1110 motu
591 1085 749 1124 semper
762 1071 955 1124 jactatur,
978 1082 1109 1123 eoque

268 1142 468 1184 Verberat
487 1142 707 1194 annellum,
729 1142 856 1184 dubio
876 1141 1039 1198 procul3
1072 1149 1113 1182 et
1132 1141 1211 1182 ciet
1230 1141 1340 1182 intus

168 1299 242 1330 Ver.
260 1303 348 1331 1051.
363 1302 681 1342 adjunzentojuvalur.
697 1303 789 1334 Tales
800 1303 846 1332 lo-

123 1351 262 1382 cutiones
290 1353 403 1382 vetusti
432 1353 593 1392 scriptores
623 1364 686 1383 non
716 1355 846 1384 aversati

122 1410 205 1438 sunt,
229 1404 273 1433 uti
290 1405 378 1434 nobis
391 1404 503 1443 saepius
525 1405 656 1444 contigit
678 1407 845 1435 observare.

121 1454 296 1485 Lambinus
327 1456 549 1496 Bentleiusque
575 1466 638 1486 non
668 1456 847 1487 dubitavere

121 1515 245 1536 versum
261 1509 358 1540 νοθεωις
375 1506 456 1544 ideo,
469 1507 523 1536 sed
537 1507 658 1545 inscite,
674 1507 843 1546 postulare:

121 1569 179 1589 nos
192 1565 308 1595 autem,
331 1559 472 1589 ordinem
488 1570 634 1590 versuum
658 1570 696 1590 ex
711 1561 844 1590 auctori-

120 1614 182 1639 tate
212 1609 300 1639 codd.
326 1610 362 1640 L.
392 1611 438 1641 M.
468 1616 638 1649 mutantes,
674 1611 845 1652 integritati

119 1670 185 1690 suae
200 1660 341 1690 videmur
355 1661 460 1690 locum
476 1661 652 1692 restituisse.

162 1722 238 1752 Ver.
254 1725 346 1752 1055.
361 1733 432 1752 raro
448 1729 536 1753 sunt:
558 1723 594 1752 P.
608 1730 767 1754 rarescunt
773 1738 783 1759 ;
804 1723 844 1753 V.

119 1775 167 1806 ed.
189 1787 259 1807 rare
284 1782 370 1812 sunt;
402 1776 486 1806 unde
512 1776 637 1817 elegans
662 1777 741 1807 forte
764 1787 845 1807 rarae

119 1832 202 1864 sum,
225 1826 264 1856 ad
278 1826 412 1856 aliorum
426 1827 557 1857 subinde
572 1828 768 1866 scriptorum,
786 1827 840 1858 sed

119 1877 252 1908 minime
279 1878 362 1914 Cari,
397 1879 664 1916 consuetudinem,
698 1891 838 1919 corpore:

120 1930 218 1961 Vind.
234 1931 274 1961 V.
290 1931 337 1961 ed.
353 1939 576 1970 corJ›ora.—et:
603 1933 640 1962 P.
656 1939 699 1963 ιιι.

162 1990 243 2021 Ibid.
265 1994 318 2022 a'e'r
336 1992 479 2022 omnibus
497 1998 538 2022 est
560 1993 646 2023 rebus
668 1993 841 2023 circumda-

118 2046 176 2072 tus.
200 2041 289 2072 Hinc
307 2042 486 2081 Sophocles,
502 2042 602 2074 Elect.
622 2045 671 2074 86.

273 2132 298 2155 Ω
310 2138 372 2164 φαος
381 2132 466 2163 dervo»,
488 2142 534 2157 και
545 2133 615 2158 ΓΗΣ

274 2179 466 2204 ῙΣΟΜΟῘΡΟΣ
485 2180 571 2204 AHP:

119 2255 139 2285 i.
155 2264 180 2285 e.
203 2268 262 2288 ισπν
276 2269 372 2297 μοιραν
395 2269 470 2296 exam
487 2270 524 2298 τῃ
547 2270 597 2298 γῃ-
623 2269 771 2297 oraio-raze
785 2270 844 2299 ’γαρ

120 2319 194 2338 εστιν
208 2320 270 2348 oenp·
288 2313 323 2337 ut
336 2309 416 2337 bene
431 2308 617 2338 scholiastes.

162 2359 241 2389 Ver.
268 2362 357 2389 1054.
390 2359 455 2389 Hic
476 2370 580 2390 versus
602 2370 674 2389 cum
696 2366 843 2400 sequente

119 2408 310 2439 desideratur
323 2409 357 2439 in
372 2409 409 2440 L.
424 2416 548 2449 propter
560 2411 768 2448 ὁμοιοτελευτον
783 2411 841 2441 sci-

121 2460 200 2490 licet.

162 2512 236 2542 Ver.
264 2515 354 2543 1055.
387 2515 438 2544 z'n:
469 2514 555 2544 abest
580 2513 722 2544 O.—est.·
748 2513 845 2544 Vind.

121 2563 161 2593 V.
177 2563 224 2594 ed.
239 2570 277 2594 et.

162 2614 246 2644 Ibid.
272 2614 378 2645 Hicc':
403 2618 457 2646 azir
471 2615 606 2653 scilicet,
629 2614 678 2645 vel
695 2616 788 2654 Heic,
810 2617 844 2647 in

119 2667 176 2696 Izac
191 2677 232 2696 re.
256 2666 347 2696 Prior
361 2667 441 2697 ratio
454 2668 543 2698 nobis
559 2667 667 2707 placet.

161 2724 238 2754 Ver.
257 2728 347 2756 1056.
382 2727 502 2757 Solicito
528 2733 620 2757 motu.
653 2726 780 2767 Virgilii
794 2726 841 2756 lo-

121 2785 176 2805 cus
190 2775 276 2806 haud
290 2776 394 2816 inepte
409 2777 562 2808 committi
578 2783 690 2818 potest,
711 2778 751 2808 ad
773 2788 840 2819 geo.

121 2825 159 2856 iv.
175 2830 248 2857 262.

161 2899 200 2925 Ut
211 2906 279 2927 mare
289 2901 411 2929 solicitum
423 2901 510 2930 stridit
522 2901 696 2930 refluentibus
707 2902 792 2931 undis.

891 1300 1086 1332 Glossarium
1101 1304 1202 1329 vetus:
1229 1301 1251 1317 ‘⁶
1267 1298 1429 1335 Sollicitat,
1442 1297 1590 1329 avaram?

933 1361 1007 1391 Ver.
1026 1361 1117 1389 1057.
1148 1358 1287 1388 Verberat
1303 1359 1373 1392 αένς
1389 1362 1423 1386 ut
1436 1356 1509 1386 alibi
1524 1357 1616 1396 saepi-

889 1423 926 1442 us
940 1413 1074 1443 verberat
1090 1416 1192 1440 ventus
1208 1408 1298 1445 dixit,
1322 1414 1353 1437 et
1373 1409 1493 1438 verbera
1516 1415 1614 1440 vento-

890 1474 968 1493 rum.
1013 1461 1187 1498 Homerus,
1204 1459 1242 1490 Il.
1260 1466 1300 1490 Ψ.
1317 1462 1389 1489 217.
1406 1459 1444 1489 de
1460 1458 1561 1490 Borea
1577 1469 1615 1490 ac

894 1515 1029 1553 Zephyro
1038 1526 1048 1542 .-

949 1622 1083 1654 Παννυχιοι
1107 1619 1128 1646 δ’
1151 1630 1204 1655 apa
1226 1630 1262 1646 τοι
1283 1629 1313 1651 ’γε
1333 1629 1407 1655 πυρῆς
1428 1620 1521 1653 αμυδις
1541 1621 1612 1653 eloy*

986 1677 1155 1702 EBAAAON.

931 1766 1005 1796 Ver.
1025 1769 1113 1797 1038.
1136 1772 1225 1806 atque
1254 1768 1368 1796 eodem:
1405 1765 1490 1796 deest
1518 1772 1609 1806 atque

884 1819 919 1849 P.
936 1819 975 1849 V.
992 1818 1039 1848 ed.
1057 1819 1096 1848 Ο.
1121 1818 1159 1854 Q„
1179 1823 1214 1848 Δ.
1230 1822 1264 1849 Σ.
1285 1824 1330 1848 Ω.
1365 1818 1492 1857 Legunt
1520 1819 1559 1848 O.
1583 1824 1614 1848 et

885 1875 920 1900 Δ.
949 1871 1068 1904 eadem;
1104 1869 1143 1904 Q.
1171 1870 1222 1899 illo
1247 1870 1338 1899 edem.
1385 1869 1488 1906 Forte,
1524 1871 1611 1908 isque

885 1923 996 1952 eodem.
1019 1919 1119 1950 Totus
1134 1925 1240 1950 autem
1257 1929 1361 1967 {ersus
1378 1921 1463 1950 abest
1479 1919 1577 1949 Vind.

929 1981 1004 2010 Ver.
1021 1983 1112 2011 1039.
1127 1990 1277 2010 vacuam:
1297 1979 1337 2008 V.
1354 1978 1402 2008 ed.
1418 1979 1454 2008 B.
1471 1989 1613 2010 vacuum.

885 2032 1092 2066 -Caeterum,
1114 2030 1310 2068 impudentia
1331 2036 1362 2059 et
1378 2030 1500 2059 inscitia
1514 2029 1613 2059 edito-

885 2093 956 2112 rum
978 2083 1062 2111 hunc
1076 2091 1200 2110 versum
1221 2080 1310 2109 nobis
1333 2090 1371 2109 ex
1396 2079 1521 2109 officina
1543 2090 1614 2119 pro-

886 2133 953 2172 pria
968 2133 1235 2171 deprompserunt,
1256 2131 1341 2161 libris
1355 2131 1483 2161 vetustis
1497 2141 1611 2172 repug-

888 2184 1051 2214 nantibus:

916 2274 978 2304 Jam
990 2272 1084 2303 semel,
1100 2275 1128 2298 et
1143 2279 1297 2304 quamquam
1312 2271 1340 2296 in
1353 2275 1453 2304 partem
1470 2273 1613 2298 conamina

977 2312 1080 2336 sumsit.

929 2396 1002 2426 Ver.
1019 2399 1111 2427 1040.
1133 2397 1203 2426 hoc:
1232 2394 1271 2426 Ο.
1293 2397 1369 2432 lzuc;
1393 2395 1478 2425 abest
1494 2394 1538 2426 V.
1562 2394 1610 2426 ed.

886 2457 943 2478 nec
958 2447 1050 2478 male.

931 2510 1011 2541 Ibid.
1041 2509 1128 2551 ferri
1156 2515 1280 2540 natura.
1319 2507 1499 2547 Periphrasi
1528 2506 1614 2546 prius

889 2574 964 2594 usus
978 2568 1024 2593 est
1039 2563 1146 2593 eadem
1161 2568 1277 2599 noster,
1300 2561 1340 2592 ad
1355 2562 1386 2592 ii.
1403 2565 1474 2592 400.

931 2622 1003 2652 Ver.
1020 2625 1113 2653 1041.
1137 2628 1242 2661 atque:
1259 2621 1302 2650 V.
1318 2620 1365 2650 ed.
1383 2631 1436 2656 ac;
1452 2628 1552 2660 quum
1566 2624 1615 2649 cet-

887 2685 943 2714 que
959 2674 1110 2703 nimirum
1126 2673 1159 2702 in
1174 2679 1206 2703 at
1222 2672 1365 2711 primitus
1380 2671 1497 2701 abierit.

928 2734 1002 2764 Ver.
1031 2737 1120 2764 1042.
1152 2734 1363 2764 Samothracia
1384 2731 1507 2772 fier-rea.-
1542 2730 1562 2761 ἱ.
1586 2741 1613 2762 e.

885 2785 996 2816 anulos
1010 2785 1124 2815 ferreos
1138 2785 1198 2814 hoc
1214 2784 1343 2814 nomine
1359 2782 1530 2823 insignitos.
1554 2781 1614 2812 Isi-

886 2836 990 2872 dorus,
1007 2836 1104 2876 origg.
1120 2835 1182 2866 xix.
1196 2839 1247 2866 52.
1267 2838 1289 2853 “
1303 2836 1527 2866 Samothracius
1536 2843 1614 2862 auu.

884 2894 907 2936 ξ·
924 2890 974 2923 lus
995 2899 1109 2922 aureus
1138 2895 1184 2922 est
1221 2888 1362 2931 quidem,
1397 2887 1453 2920 sed
1479 2885 1614 2929 capitulo
