1926 3224
561 237 796 286 LIBER
856 236 1158 286 SEXTUS.

1512 248 1606 288 385

125 375 231 412 1185
265 370 516 426 Sudorisque
536 368 706 412 madens
726 384 799 425 per
819 369 966 411 collum
987 368 1223 424 splendidus
1241 368 1404 411 humos:

261 445 424 486 Tenuia
444 453 577 499 sputa,
599 445 772 494 minuta,
794 445 904 487 croci
925 451 1113 485 contacta
1132 444 1282 494 colore,

263 519 470 574 Salsaque,
491 533 565 573 per
584 517 719 560 fauces
739 516 861 558 rauca
882 518 952 557 vix
972 517 1083 558 edita
1101 526 1220 560 tusse.

263 592 314 634 In
336 593 524 634 manibus
545 606 641 635 vero
660 591 800 632 nervei
821 590 999 640 trahere,
1021 599 1061 631 et
1079 599 1253 633 tremere
1273 598 1403 642 artus,

264 668 301 708 A
323 666 575 721 pedibusque
595 665 827 706 minutatim
850 664 1069 705 subcedere
1088 664 1216 721 frigus

123 746 231 782 1190
264 740 361 781 Non
381 739 610 791 dubitabat:
644 739 757 789 item,
780 738 832 779 ad
854 752 1091 794 supremum
1111 738 1288 795 denique
1308 747 1483 795 tempus,

264 814 509 868 Conpressae
529 828 664 864 nares,
686 813 773 855 nasi
792 813 985 869 primoris
1005 827 1179 855 acumen

158 987 235 1018 Ver.
249 989 341 1018 1185.
357 988 478 1017 lzumos:
501 986 538 1017 P.
552 986 591 1017 Ο.
603 989 728 1024 Ῐιηηιον,·
747 989 844 1020 Vind.

117 1039 159 1070 V.
175 1039 221 1069 ed.
239 1039 278 1075 Q.
291 1050 412 1074 umzmz;
438 1044 472 1068 Δ.
491 1043 525 1070 Σ.
541 1041 653 1076 imum;
681 1047 723 1071 Ω.
739 1045 843 1071 udum.

117 1091 307 1132 Legendum
323 1090 400 1120 adeo
416 1090 559 1120 forsitan:

132 1166 294 1196 sudorisque
304 1165 389 1189 mador
400 1171 447 1196 per
458 1164 559 1189 collum
571 1165 723 1197 splendidus
734 1166 826 1192 udum:

116 1244 191 1265 nam
207 1235 324 1266 librarii
341 1248 374 1266 το
386 1236 489 1266 modos
501 1234 534 1264 in
550 1238 661 1271 mades,
671 1236 719 1266 vel
732 1238 844 1272 mades,

115 1287 202 1317 haud
217 1297 299 1328 aegre
315 1287 543 1327 detorquerent.
589 1289 658 1318 Aut
673 1288 767 1319 etiam
791 1299 847 1328 pro

114 1341 222 1370 humor
251 1350 383 1378 reponas
413 1342 500 1370 udor.
565 1341 674 1376 Quum
703 1351 776 1371 vero
806 1341 845 1371 de

115 1391 307 1421 membranis
334 1391 370 1421 L.
399 1391 446 1421 M.
472 1391 710 1431 Havereampus
736 1398 846 1430 taceat,

115 1441 309 1472 credendum
324 1448 369 1471 est
383 1451 439 1471 eas
453 1442 587 1482 vulgatae
609 1443 769 1482 scripturae
791 1454 844 1482 pa-

115 1493 272 1524 trocinari.
305 1499 413 1524 Εννοιαιν
428 1499 534 1524 autem
550 1495 609 1524 hoc
625 1494 720 1525 modo
738 1494 844 1535 Virgi-

116 1544 178 1576 lius
195 1545 318 1583 extulit,
335 1545 374 1576 ad
390 1555 460 1585 geo.
477 1545 520 1576 iii.
536 1549 608 1577 564.

434 1631 580 1656 inmundus
591 1631 694 1657 olentia
705 1632 786 1657 sudor

178 1677 302 1702 Membra
315 1676 548 1707 sequebatur—.

120 1750 242 1782 Verum
271 1750 358 1780 enim
382 1749 549 1780 Lucretius
570 1749 708 1780 ornatior
734 1755 789 1786 est,
818 1755 849 1780 et

118 1801 303 1843 elegantior:
329 1806 360 1831 et
384 1800 543 1840 epitheton
567 1800 648 1831 illud
672 1803 849 1841 splendidus

119 1853 160 1884 ad
182 1855 282 1884 oculos
303 1855 470 1892 spectantis
492 1852 667 1883 luculenter
694 1858 848 1892 provocat.

120 1904 190 1935 Nec
205 1903 347 1934 dubitem
363 1903 520 1943 equidem,
544 1903 621 1943 quin
642 1903 703 1933 tale
725 1903 800 1944 quid
814 1904 848 1934 in

119 1957 256 1988 Marone
275 1956 479 1993 desideretur,
495 1956 535 1987 ad
551 1958 627 1988 AEn.
644 1957 676 1987 ii.
694 1960 763 1988 175.

469 2034 607 2066 :aliusque
619 2042 667 2067 per
676 2038 750 2060 artus

181 2075 264 2101 Sudor
273 2076 315 2100 iit.

120 2143 299 2182 Depravata
313 2147 359 2172 est
373 2152 432 2172 vox
455 2143 563 2179 salsus,
592 2152 628 2171 ac
651 2143 851 2172 vehementer

121 2193 269 2233 displicet.
316 2192 541 2231 Rescripserim
565 2202 639 2222 sane
663 2192 711 2222 vel
735 2194 850 2229 clarus,

120 2245 170 2276 vel
202 2245 298 2275 aliam
328 2245 510 2285 quampiam
539 2244 709 2274 dictionem
740 2243 850 2274 eadem

122 2302 282 2338 potestate,
306 2296 442 2336 vulgatae
457 2295 681 2335 proximiorem
696 2295 848 2327 ductibus.

164 2349 247 2381 Ibid.
273 2351 400 2380 Sudor-is
414 2351 531 2380 humor.
567 2348 660 2379 Prior
675 2348 849 2388 Homerus,

124 2401 163 2433 11.
180 2409 220 2432 Ψ.
237 2403 309 2433 715.

391 2495 468 2511 καιτοι
479 2485 503 2511 δε
513 2485 649 2511 ΝΟΤῙΟΣ
662 2485 707 2520 ρεεν
717 2483 846 2509 ἸΔΡΩΣ.

122 2557 178 2588 Ad
191 2558 259 2587 haec
274 2562 381 2588 autem
396 2557 535 2588 Lucretii
551 2556 686 2587 minime
701 2554 849 2595 pertingit

121 2608 300 2640 Aristotelis
314 2619 454 2646 censura,
470 2608 626 2648 culpantis
642 2608 846 2639 Alcidaman-

120 2666 165 2698 ta,
184 2660 269 2701 quod
286 2661 366 2701 ὑγρον
382 2659 484 2703 &pm-a
506 2660 630 2698 dixerit,
653 2661 730 2690 rhet.
752 2658 796 2689 iii.
820 2662 848 2689 2.

119 2715 154 2742 3.
177 2722 276 2752 quum
291 2711 385 2742 modo
398 2712 497 2751 posita
509 2711 651 2751 exempla
660 2711 723 2742 sint
733 2717 764 2741 et
775 2711 848 2750 po'e-

122 2763 183 2795 tica
197 2770 228 2795 et
243 2764 370 2795 diversae
386 2775 511 2805 prorsus
525 2764 649 2795 indolis.

164 2816 239 2847 Ver.
266 2820 355 2848 1186.
378 2824 517 2848 contacta
525 2831 535 2848 .·
562 2817 597 2847 P.
621 2816 662 2846 V.
686 2815 733 2846 ed.
757 2821 801 2846 Ω.
831 2825 850 2844 a

121 2867 213 2907 prim.
228 2878 311 2900 man.
332 2875 487 2900 contracta
495 2885 506 2906 ‚·
523 2868 666 2906 editores,
681 2869 848 2904 contincta,-

122 2930 294 2960 perperam,
332 2921 502 2954 damnante
538 2931 663 2964 quoque
692 2919 850 2958 Bentleio,

888 996 995 1020 contra
1009 989 1103 1019 libros
1118 998 1229 1019 omnes
1254 994 1285 1018 et
1311 987 1521 1026 Macrobium,
1551 987 1614 1020 Sat.

888 1041 929 1071 vi.
947 1045 975 1071 2.
1000 1041 1173 1078 Arnobius,
1186 1040 1240 1070 lib.
1258 1040 1301 1070 iii.
1327 1050 1356 1079 p.
1383 1043 1452 1070 108.
1477 1043 1499 1058 ‘⁶
1517 1039 1614 1075 Quis-

890 1095 911 1110 “
927 1102 1064 1132 quamne
1079 1099 1126 1121 est
1141 1092 1319 1129 hominum,
1336 1091 1464 1121 rationis
1481 1091 1614 1132 alicujus

889 1146 911 1161 “
925 1154 1032 1182 sapore
1048 1148 1216 1179 contactus,
1237 1143 1291 1183 qui
1308 1143 1387 1181 pilos
1402 1149 1433 1172 et
1448 1142 1616 1183 lanugines

889 1195 1034 1225 “credat
1063 1194 1096 1223 in
1127 1194 1258 1224 deorum
1288 1194 1466 1232 corporibus
1486 1193 1615 1226 nasci?’'

893 1246 1014 1284 Celsus,
1031 1245 1070 1275 de
1086 1245 1195 1276 medic.
1211 1245 1241 1276 ii.
1259 1249 1308 1275 24.
1325 1245 1461 1275 init—“
1473 1256 1544 1286 quae
1555 1245 1619 1275 aci-

896 1300 918 1314 “
934 1297 974 1326 da
995 1302 1078 1331 sunt,
1102 1306 1232 1336 quaeque
1254 1302 1394 1327 contacta
1416 1298 1478 1327 sale
1501 1298 1618 1327 vendico

894 1351 915 1366 ‘⁴‘
931 1347 1038 1378 sunt:'’
1064 1347 1110 1377 uti
1127 1354 1209 1377 recte
1224 1347 1353 1387 legitur3
1376 1357 1451 1383 non,
1473 1346 1513 1377 de
1538 1356 1619 1376 non-

891 1399 1052 1428 nullorum
1083 1397 1246 1433 sententia,
1276 1400 1402 1429 modice.
1456 1398 1546 1428 Testi
1579 1398 1620 1428 sit

891 1449 1056 1489 Virgilius,
1079 1460 1147 1489 geo.
1171 1450 1215 1480 iii.
1235 1452 1306 1480 403.
1330 1449 1384 1479 ubi
1406 1455 1490 1480 recte
1513 1449 1621 1480 statuit

892 1502 1109 1532 Burmannus:

919 1583 974 1608 Aut
983 1585 1060 1614 parco
1071 1580 1123 1605 sale
1135 1580 1293 1612 contingunt,
1305 1580 1452 1611 hyemique
1460 1581 1608 1611 reponunt.

893 1659 916 1677 “
933 1659 1001 1687 Aut
1017 1658 1130 1687 modico
1147 1657 1220 1692 sale,
1244 1661 1300 1686 aut
1327 1665 1359 1684 re
1374 1653 1446 1684 vera
1461 1664 1564 1693 parco,
1587 1652 1622 1684 id

893 1711 915 1727 “
932 1714 986 1744 est,
1029 1706 1256 1738 servatore—.’'
1326 1705 1451 1737 Servius
1494 1705 1622 1736 ibidem.

893 1760 982 1790 Hinc
997 1766 1102 1790 autem
1118 1759 1260 1789 dubitare
1282 1768 1347 1788 non
1362 1757 1457 1788 debui
1478 1757 1512 1787 in
1537 1756 1622 1788 notis

892 1811 972 1842 meis
986 1821 1090 1850 supra,
1114 1810 1153 1840 ad
1168 1810 1188 1840 i.
1205 1812 1277 1842 937.

937 1872 1017 1903 Ibid.
1039 1879 1140 1912 sputa,
1156 1874 1239 1902 croci
1253 1877 1393 1902 contacta
1409 1873 1516 1902 colore.
1556 1870 1621 1900 Ve-

892 1925 1006 1965 getius,
1036 1931 1091 1955 art.
1121 1929 1180 1953 vet.
1205 1924 1224 1953 i.
1248 1927 1277 1953 5.
1317 1925 1339 1941 “
1357 1922 1623 1962 Quandocunque

891 1979 915 1994 “
931 1982 1038 2006 autem
1053 1974 1314 2015 sanguinolentus
1328 1974 1455 2011 humor,
1470 1973 1520 2004 vel
1535 1985 1622 2005 croco

893 2030 917 2046 ‘⁶
933 2026 1051 2062 similis,
1061 2037 1116 2066 per
1131 2036 1220 2056 nares
1235 2025 1332 2055 fluere
1347 2025 1482 2064 coeperit,
1493 2024 1562 2064 jam
1570 2025 1620 2055 in-

1577 2076 1622 2107 Et

896 2129 991 2160 Silius
1020 2130 1150 2159 lectores
1174 2128 1317 2168 jucunde
1347 2127 1508 2165 detinebit,
1537 2127 1622 2161 Pun.

896 2180 956 2210 xiv.
971 2184 1043 2211 601.

894 2081 917 2096 “
932 2078 1079 2109 sanabilis
1112 2083 1166 2113 est,
1197 2083 1229 2107 et
1258 2077 1379 2107 vicinus
1407 2075 1533 2106 morti.‘’

925 2266 1024 2298 Aspera
1035 2265 1194 2297 pulmonem
1206 2265 1282 2290 tussis
1294 2265 1391 2296 quatit,
1403 2266 1431 2290 et
1442 2271 1490 2296 per
1500 2263 1598 2291 anhela

924 2307 1021 2338 Igneus
1032 2306 1139 2331 efflatur
1149 2306 1289 2330 sitientum
1298 2305 1404 2337 spiritus
1415 2312 1471 2330 ora.

922 2345 1050 2375 Lumina,
1062 2345 1133 2370 ferre
1143 2352 1254 2376 gravem
1265 2346 1314 2369 vix
1325 2344 1482 2369 sufficientia
1493 2344 1595 2375 lucem,

923 2386 1001 2411 Unca
1012 2392 1085 2415 nare,
1093 2387 1200 2417 jacent;
1217 2385 1364 2416 saniesque,
1376 2385 1506 2410 immixta
1514 2392 1622 2416 cruore,

923 2426 1087 2458 Exspuitur;
1099 2425 1280 2456 membrisque
1289 2425 1357 2449 cutis
1368 2425 1436 2457 tegit
1447 2431 1503 2449 ossa
1513 2425 1621 2457 peresis.

893 2502 927 2532 H
931 2512 975 2532 aec
987 2506 1096 2532 autem
1109 2500 1320 2532 Macrobianae
1336 2499 1461 2531 lectioni
1476 2499 1622 2530 videntur

893 2553 1123 2595 aliquantulum
1132 2552 1304 2593 suffragari,
1317 2564 1434 2589 cruore,
1443 2562 1501 2592 pro
1509 2554 1621 2589 colore,-

892 2605 1033 2647 quamvis
1047 2605 1125 2635 mihi
1141 2604 1248 2634 durior
1262 2611 1420 2643 appareat,
1441 2609 1472 2633 et
1486 2617 1620 2643 μνημονι-

893 2672 940 2689 κον
955 2660 1119 2701 ἅμαρτημω
1133 2656 1238 2687 forsan
1255 2656 1419 2695 scriptoris.

937 2709 1010 2740 Ver.
1044 2712 1136 2739 1187.
1166 2707 1277 2739 mucci.-
1313 2707 1357 2737 sic
1387 2706 1456 2737 edd.
1481 2706 1620 2736 Florent.

893 2760 967 2792 Ald.
983 2759 1082 2790 Vind.
1095 2760 1136 2790 V.
1151 2758 1199 2789 ed.
1216 2759 1254 2789 Β.
1271 2759 1309 2794 Q.
1327 2764 1371 2788 Ω..
1388 2757 1482 2797 longe
1494 2756 1620 2797 elegan-

893 2813 971 2843 tius:
997 2811 1103 2851 vulgo,
1133 2811 1362 2840 raucas.—vir.·
1396 2807 1494 2838 Vind.
1515 2819 1622 2839 vox.—

893 2871 989 2895 tusse:
1011 2863 1055 2893 ita
1069 2861 1167 2892 Vind.
1183 2862 1224 2892 V.
1240 2860 1288 2891 ed.
1301 2861 1338 2891 Β.
1351 2860 1390 2896 Q.
1403 2864 1438 2892 Σ.
1451 2866 1498 2890 Ω.
1515 2859 1622 2900 vulgo,

894 2918 987 2948 tussi:
1007 2914 1201 2951 Macrobius,
1217 2913 1255 2945 P.
1273 2912 1312 2945 Ο.
1326 2917 1363 2944 Δ.
1380 2913 1486 2949 tusses,-
1502 2911 1624 2950 vitiose,
