1926 3224
295 241 390 282 392

798 238 858 285 Τ.
911 238 1282 287 LUCRETII

500 366 606 408 Illud
624 367 667 407 in
687 366 764 408 hiis
784 367 904 408 rebus
924 368 1200 409 miserandum
1220 381 1373 424 magno
1393 381 1516 422 opere
1534 382 1665 411 unum

443 439 730 481 AErumnabile
749 449 853 490 erat3
877 442 1003 496 quod,
1025 441 1120 482 ubei
1141 456 1182 482 se
1201 442 1371 496 quisque
1389 441 1552 483 videbat

307 515 412 552 1230
443 513 678 566 Inplicitum
696 513 857 564 morbo,
879 515 1003 555 morti
1023 514 1239 555 damnatus
1261 522 1306 555 ut
1325 523 1443 565 esset,

442 585 651 628 Deficiens
671 588 824 638 animo,
846 596 993 629 moesto
1014 603 1140 644 quom
1160 588 1285 629 corde
1296 588 1476 643 jacebat,

445 659 608 699 Funera
627 669 873 715 respectans,
896 661 1077 702 animam
1097 661 1328 702 inmittebat
1346 660 1538 702 ibeidem.

503 732 671 788 Quippe
690 742 731 774 et
750 735 860 775 enim
880 735 992 776 nullo
1012 735 1224 776 cessabant
1245 742 1430 790 tempore
1449 733 1575 789 apisci

344 885 426 916 Ibid.
447 888 583 916 animam
593 887 733 925 ponebat.
758 886 863 925 Maro,
889 897 957 928 geo.
984 887 1024 918 iv.

306 940 376 967 258.

557 1018 710 1049 animasque
721 1019 748 1043 ‘m
758 1019 867 1045 volnere
875 1023 982 1052 ponunt.

346 1098 422 1128 Ver.
441 1102 530 1129 1223.
545 1102 618 1139 rapi
631 1102 795 1131 certabant.
819 1101 883 1131 His
896 1101 1026 1142 signatis

304 1149 429 1180 vocibus
440 1150 647 1181 inverecunda
656 1151 863 1190 vespillonum
873 1153 1025 1182 festinan-

303 1200 384 1230 tium
406 1201 446 1230 ob
466 1200 615 1231 funerum
636 1202 872 1232 multitudinem
894 1202 1025 1232 clarissi-

304 1261 355 1282 me
370 1251 561 1292 depingitur3
579 1254 761 1293 propinquis
769 1253 888 1283 interea
899 1259 930 1283 et
947 1253 1025 1282 ami-

303 1302 359 1340 cis,
382 1303 498 1333 acriore
513 1303 586 1332 cura
601 1303 739 1340 domitis,
765 1303 843 1332 ritus
865 1313 1028 1342 supremos

305 1363 370 1383 non
386 1354 615 1393 peragentibus.

348 1411 427 1442 Ibid.
439 1412 559 1452 funera
576 1418 670 1442 nasta.
701 1411 791 1442 Nove
805 1412 925 1443 dictum
943 1414 1027 1444 vide-

305 1468 356 1492 tur
371 1471 426 1500 pro
449 1465 471 1479 “
486 1461 599 1491 funera
613 1462 754 1492 multa.-”
775 1462 845 1493 vide
868 1474 924 1495 nos
946 1465 987 1496 ad
1001 1475 1028 1496 v.

306 1517 397 1545 1289.

348 1572 421 1602 Ver.
441 1575 531 1602 1224.
553 1574 696 1603 remedii:
724 1573 767 1604 sic
794 1573 888 1605 Vind.
916 1575 955 1606 V.
981 1576 1027 1608 ed.

306 1623 346 1654 O.
363 1624 402 1659 Q.
419 1629 453 1654 Σ.
467 1630 511 1654 n..
527 1624 631 1664 vulgo,
647 1625 776 1661 remedi;
801 1625 855 1655 sed
870 1626 959 1657 aliter
973 1638 1028 1658 an-

304 1674 468 1714 tiquissimi
491 1674 764 1705 solebant—Haec
786 1683 892 1706 autem
914 1677 958 1708 ita
978 1689 1026 1709 re-

305 1730 530 1765 praesentantur
545 1724 820 1765 Thucydidm—{n
837 1741 868 1758 ‘rs
891 1728 950 1759 υδεν
972 1743 1028 1760 κα-

306 1790 396 1810 τεστη
410 1791 497 1816 ιαμα,
518 1777 553 1810 ὦ,-
577 1789 669 1815 sia-m,
692 1778 705 1807 ὅ
729 1792 756 1808 τι
779 1792 852 1820 χρῆν
875 1788 1031 1821 προςφερον-

308 1842 362 1862 σας
393 1835 518 1868 ωφελειν·
545 1841 578 1858 ‘ro
603 1841 664 1869 γαρ
688 1842 729 1867 τῳ
753 1830 911 1869 ξυνενεγκον
938 1838 1031 1862 αλλων

308 1894 380 1912 virro
396 1884 539 1914 εἶλαττε.

350 1941 425 1972 Ver.
455 1947 545 1975 1225.
567 1946 640 1975 alii:
665 1944 708 1974 sic
731 1944 844 1975 diserte
870 1946 905 1976 P.
931 1946 1029 1978 Vind.

307 1994 348 2024 V.
365 1994 412 2024 ed.
428 1995 465 2025 B.
482 1995 520 2030 Q,
538 2001 572 2026 Σ.
598 2002 642 2026 Ω.
665 2002 695 2026 et
710 1996 908 2036 Thucydides
927 2005 1028 2038 patro-

307 2045 442 2076 cinatur:
469 2046 506 2076 L.
523 2047 570 2076 M.
589 2047 627 2077 Ο.
645 2049 755 2084 Δ.α1ι’,-
784 2048 838 2078 sed
859 2049 892 2078 in
915 2056 1032 2088 postte.

307 2106 361 2126 mo
375 2095 481 2127 codice
495 2096 584 2126 litera
603 2097 714 2127 ultima
729 2108 814 2128 erasa
830 2098 944 2129 fuerat:
963 2101 1031 2130 vul-

309 2157 362 2187 go,
392 2149 463 2184 alis,
500 2147 547 2177 vel
576 2149 666 2184 uliis‚·
703 2148 786 2189 quod
815 2148 848 2178 in
879 2150 1032 2182 Macrobii

307 2199 547 2238 exemplaribus,
574 2199 635 2229 Sat.
651 2199 690 2229 vi.
706 2204 735 2230 2.
750 2201 947 2239 conspicitur.

352 2258 433 2289 Ibid.
456 2261 572 2290 vitaleis
587 2262 666 2290 α’ένιζς
689 2271 804 2291 auras:
830 2261 895 2291 redi
921 2262 962 2292 sis
987 2263 1030 2294 iii.

311 2313 402 2342 1225.
418 2310 436 2340 i.
453 2321 478 2341 e.
494 2321 558 2341 uno
574 2313 677 2349 verbo,
699 2314 820 2344 aetheris
835 2325 939 2350 auras,
962 2315 1029 2355 qui-

308 2362 366 2391 bus
380 2361 534 2392 vescimur
548 2362 710 2400 mortales;
727 2363 796 2393 vide
816 2364 905 2404 Virg.
923 2366 996 2396 AEn.
1011 2366 1030 2396 i.

309 2415 380 2443 546.
426 2412 515 2442 Hinc
540 2413 634 2442 etiam
659 2414 698 2443 ab
725 2413 786 2443 alia
810 2414 936 2454 insuper
957 2416 1033 2447 aurii

307 2463 517 2504 distinguitur,
540 2463 579 2494 de
590 2463 651 2504 qua
668 2464 711 2494 sic
728 2465 905 2496 Martianus
921 2466 1031 2506 Capel-

308 2514 350 2553 la,
366 2515 432 2545 init.
447 2515 558 2555 operis,
582 2517 786 2556 Hymenaeum
803 2516 975 2557 alloquens:

310 2618 372 2626 —
381 2605 515 2631 elementa
526 2606 589 2637 ligas
597 2606 707 2636 vicibus,
715 2607 906 2639 mundumque
915 2609 1033 2640 maritas,

340 2654 429 2685 Atque
440 2661 533 2679 auram
544 2655 633 2680 mentis
646 2655 800 2687 corporibus
809 2657 906 2681 socias:

309 2750 402 2779 super
415 2740 477 2781 qua
491 2741 634 2773 consulas
644 2742 828 2784 Virgilium,
845 2743 885 2774 ad
902 2743 978 2774 AEn.
993 2743 1031 2774 vi.

311 2793 383 2821 747.

309 2842 428 2922 alVer.
451 2847 544 2876 1226.
567 2847 601 2876 in
630 2856 695 2878 ore:
734 2846 774 2877 V.
803 2846 850 2878 ed.
872 2857 969 2883 more;
996 2851 1033 2877 ut

343 2891 394 2923 ibi.

1032 2957 1054 2983 5

1110 888 1191 919 Ibid.
1221 890 1338 920 Volvere
1354 890 1435 920 ae‘rz's
1449 898 1543 919 auras
1555 889 1589 918 in
1604 899 1662 919 ore.
1698 888 1787 919 Hinc

1067 939 1222 981 Virgilius
1237 946 1282 970 est
1297 939 1531 980 intelligendus,
1548 939 1588 970 ad
1601 949 1669 980 geo.
1679 939 1722 971 iii.
1735 943 1788 972 85.

1068 1013 1284 1044 Conlectumque
1292 1013 1413 1038 fremens
1422 1012 1514 1037 volvit
1525 1012 1570 1036 sub
1578 1012 1682 1037 naribus
1691 1013 1788 1045 ignem.-

1068 1084 1087 1114 i.
1104 1094 1128 1113 e.
1151 1084 1222 1113 a'era
1238 1083 1344 1113 calidis
1365 1083 1489 1113 flatibus
1510 1083 1654 1122 exspirat.
1699 1083 1790 1114 Pres-

1069 1134 1110 1163 sis
1134 1134 1270 1173 vestigiis
1299 1134 1485 1173 magistrum
1512 1134 1642 1164 Gratius
1669 1140 1794 1166 secutus

1069 1190 1115 1214 est
1129 1184 1162 1214 in
1177 1194 1285 1224 cyneg.
1304 1187 1375 1214 270.
1397 1184 1451 1215 sed
1466 1184 1674 1216 Nemesianus
1688 1186 1793 1217 officio

1070 1235 1163 1265 sobrii
1188 1236 1363 1275 interpretis
1389 1236 1483 1278 fungi
1508 1246 1573 1267 non
1595 1236 1794 1279 dedignatur,

1071 1296 1181 1326 cyneg.
1200 1289 1272 1317 248.

1131 1359 1248 1384 Fumant
1258 1359 1402 1384 humentes
1411 1359 1498 1385 calide}
1509 1360 1543 1385 de
1553 1367 1615 1384 nare
1624 1364 1745 1394 vapores.

1117 1421 1198 1452 Ibid.
1219 1427 1249 1452 et
1264 1423 1331 1452 coeli
1341 1424 1452 1462 templa
1464 1424 1553 1453 tueri.
1575 1423 1707 1454 Phrasin
1722 1424 1795 1455 Ho-

1073 1481 1211 1502 meream
1227 1473 1396 1508 exornavit,
1433 1483 1527 1513 quam
1546 1473 1723 1505 Lambinus
1740 1485 1796 1515 ap-

1073 1522 1189 1561 posuit,
1206 1522 1267 1553 Od.
1286 1529 1318 1554 K.
1339 1527 1411 1555 498.

1510 1585 1552 1612 υδε
1563 1596 1587 1612 τι
1603 1586 1687 1620 θυμος

1152 1631 1223 1657 Ηθελ“
1237 1641 1270 1657 ew
1282 1631 1354 1663 ζωω,
1371 1643 1418 1658 και
1429 1633 1487 1667 ὁρᾳν
1499 1641 1560 1666 φας
1570 1639 1655 1663 effluo
1662 1649 1673 1666 ,-

1073 1704 1127 1745 qui
1150 1715 1254 1736 versus
1275 1707 1448 1737 suavissimi
1464 1707 1644 1748 Virgiliano
1659 1711 1798 1743 carmine

1074 1757 1116 1786 sic
1131 1757 1307 1787 adumbrati
1325 1765 1407 1794 sunt,
1431 1759 1471 1789 ad
1487 1760 1561 1790 AEn.
1578 1760 1616 1791 ἰν.
1632 1764 1704 1793 451.
1729 1763 1795 1795 Lu-

1074 1807 1160 1837 cretii
1176 1818 1300 1848 quoque
1318 1818 1382 1838 non
1397 1808 1591 1841 immemori:

1133 1881 1250 1905 Mortem
1261 1884 1336 1912 orat;
1352 1881 1438 1907 taedet
1449 1882 1502 1906 coeli
1512 1889 1633 1908 convexa
1643 1885 1718 1910 tueri.

1115 1954 1190 1985 Ver.
1207 1958 1298 1986 1227.
1317 1955 1413 1987 Hocc'
1429 1964 1495 1988 erat
1509 1959 1607 1988 exilio.
1632 1958 1734 1990 Verba
1747 1961 1797 2001 ip-

1074 2005 1194 2036 sissima
1219 2006 1372 2047 Virgilius
1397 2014 1559 2039 mutuatus
1582 2015 1637 2046 est,
1662 2020 1730 2051 geo.
1753 2013 1797 2044 iii.

1075 2059 1147 2086 511.

1168 2130 1234 2154 Mox
1245 2132 1299 2154 erat
1309 2130 1473 2162 hocc’ipsum
1485 2131 1632 2157 exitio—t

1118 2190 1199 2222 Ibid.
1221 2193 1370 2232 letumque
1381 2195 1523 2232 parabat.
1561 2194 1721 2227 Unanime
1742 2207 1795 2229 co-

1075 2241 1181 2272 dicum
1203 2244 1427 2279 testimonium.
1451 2250 1481 2274 et
1503 2247 1699 2277 consentiens
1720 2259 1795 2280 auc-

1073 2293 1180 2322 toritas
1193 2293 1358 2331 Macrobii,
1379 2294 1464 2324 haud
1483 2295 1527 2325 ita
1548 2306 1599 2326 me
1617 2298 1798 2338 absterrent,

1074 2345 1287 2383 propensionis
1316 2345 1513 2376 librariorum
1549 2346 1588 2377 ad
1617 2349 1798 2381 vetustiores

1075 2395 1287 2436 doctioresque
1308 2396 1458 2427 dictiones
1480 2398 1692 2430 immutandas
1707 2401 1796 2433 valde

1076 2447 1246 2485 conscium,
1276 2454 1313 2478 ut
1338 2458 1402 2478 uon
1429 2449 1603 2479 existimem
1629 2451 1798 2482 rescriben-

1075 2498 1169 2529 dum:

1122 2567 1205 2592 Hocc’
1216 2568 1270 2592 aliis
1280 2572 1337 2593 erat
1352 2568 1446 2599 exitio,
1458 2568 1598 2600 letumque
1605 2569 1716 2601 paribae.

1077 2636 1195 2668 Videas
1208 2638 1315 2676 modo,
1335 2637 1405 2679 quie
1427 2639 1645 2678 disputaverim
1667 2639 1700 2670 in
1715 2641 1798 2671 notis

1074 2688 1113 2719 ad
1128 2689 1148 2719 i.
1165 2693 1236 2720 200.
1257 2696 1288 2720 et
1311 2691 1465 2721 Minciani
1484 2691 1561 2721 vatis
1581 2691 1667 2722 loeus
1687 2701 1794 2722 emen-

1075 2740 1234 2772 dationem
1248 2753 1352 2774 meam
1369 2743 1456 2774 valde
1471 2745 1605 2781 roborat,
1622 2742 1662 2773 ad
1673 2743 1747 2774 AEn.
1756 2743 1796 2774 vi.

1077 2799 1149 2827 455.

1544 2868 1589 2900 qui
1599 2868 1647 2894 sibi
1659 2868 1736 2893 letum

1137 2910 1256 2935 Insontes
1264 2912 1378 2941 peperere
1389 2915 1543 2934 manu—.
