1926 3224
345 240 408 283 36

847 233 907 282 T.
945 232 1321 282 LUCRETII

452 366 554 408 Pars
573 366 695 407 etiam
713 362 925 419 glebarum
945 360 999 401 ad
1018 360 1210 401 diluviem
1230 370 1442 404 revocatur

448 439 669 488 Imbribus,
691 444 731 478 et
751 436 859 491 ripas
879 434 1066 476 radentia
1084 433 1255 476 flumina
1274 435 1438 476 rodunt.

446 513 667 560 Praeterea,
687 525 764 567 pro
783 517 900 565 parte
919 507 1007 558 sua,
1029 507 1348 564 quodquomque
1368 508 1449 550 alid
1469 518 1605 566 auget,

445 585 665 627 Redditur:
687 592 742 636 et,
769 584 964 641 quoniam
984 581 1112 624 dubio
1130 583 1273 637 procul
1292 598 1376 625 esse
1395 583 1556 625 videtur

369 743 443 773 Ver.
459 744 531 773 257.
541 744 627 782 ripas
635 742 920 782 radentiaflumina
930 742 1050 770 rodunt.

326 793 409 824 Haec
431 792 603 824 dictionum
633 798 836 832 cognatarum
865 790 1051 821 consociatio

326 845 464 876 multum
484 844 602 884 placuit
621 845 721 883 po'etae
742 848 856 873 nostro.
901 843 1049 882 Nemus,

326 897 456 936 Dionys.
472 896 544 926 xvii.
558 896 615 925 sub
629 893 719 924 initio
737 893 961 924 committatur:

685 980 768 1007 bno&
783 989 876 1012 ysam-m,

324 1031 454 1062 Nequam
466 1036 578 1062 σιφνυοισι
593 1028 695 1057 διϊπετες
706 1029 786 1062 uastae
798 1028 923 1059 κυλινδυν,

323 1077 404 1109 Ευδις,
419 1087 568 1112 εχσκτεαινωι
578 1078 676 1104 ὑδατων
684 1083 840 1104 &manaverat
851 1078 928 1112 ὂλκςν,

323 1127 436 1162 Αργυρευ
451 1126 636 1152 ΔΔΠΕΔοιο
647 1127 832 1154 ΠΕΡιΞΥΩΝ
847 1128 1016 1155 KENEnNA.

323 1203 414 1235 Hinc
434 1215 506 1235 vere
529 1205 615 1244 prius
637 1216 830 1237 correxeram
851 1217 889 1237 ex
911 1207 1049 1248 ingenio,

322 1265 418 1296 quam
433 1256 573 1286 noverim
588 1256 726 1287 codicem
743 1258 928 1296 consentire,
942 1259 1044 1289 Luca-

322 1316 412 1344 num,
428 1307 467 1338 de
484 1309 560 1339 Nilo
578 1308 769 1349 loquentem,
784 1310 890 1340 Phars.
906 1320 935 1341 x.
951 1314 1022 1342 293.

353 1384 567 1418 AEthiopumque
577 1386 640 1410 tm]
648 1387 734 1412 alieno
742 1387 846 1419 gurgite
857 1394 980 1419 campos:

321 1449 342 1481 i.
357 1461 383 1481 e.
405 1451 497 1487 rodis,
513 1452 626 1489 sulcas,
639 1462 741 1489 secas;
764 1459 800 1483 ut
814 1452 878 1490 ille,
895 1453 968 1483 ibid.
984 1464 1044 1484 ver.

322 1505 395 1533 315.
411 1509 442 1533 et
455 1512 529 1533 mox
545 1509 658 1540 noster,
674 1513 737 1533 ver.
753 1506 824 1534 275.
870 1503 1046 1544 Vulgatum

311 1553 407 1593 fieris,
427 1554 466 1584 de
482 1553 576 1584 fluvio
597 1554 758 1594 planitiem
781 1561 975 1595 peragrante,
998 1557 1044 1586 lo·

320 1615 395 1635 eum
409 1607 489 1636 tueri
505 1607 620 1647 nequit.
647 1607 708 1638 Sed
723 1608 808 1638 enim
825 1608 958 1640 Ovidius
972 1620 1042 1640 sua-

321 1656 456 1695 vissime,
472 1664 508 1688 ut
522 1668 653 1698 semper,
670 1658 738 1689 fast.
754 1659 773 1690 i.
790 1663 862 1690 241.

351 1734 408 1765 lpse
418 1733 497 1757 solum
509 1733 589 1763 colui,
599 1735 674 1765 cnjus
684 1734 857 1765 placidissima
868 1735 969 1760 laevum

339 1785 343 1789 ·
381 1772 458 1797 Radit
468 1773 570 1797 arenosi
581 1773 708 1804 Tybridis
719 1773 789 1798 unda
798 1773 874 1799 latus.

320 1844 447 1880 Seneca,
469 1850 532 1875 nat.
547 1851 666 1885 quaestt.
680 1845 721 1877 iv.
740 1849 769 1876 2.
789 1850 811 1864 “
828 1846 933 1885 Nilus‘,
954 1853 1042 1878 tanto

320 1899 343 1915 “
360 1896 477 1926 caeteris
500 1896 610 1936 major,
640 1896 718 1927 adeo
743 1897 821 1927 nihil
847 1898 961 1936 exedit,
984 1910 1042 1930 nec

318 1951 341 1966 ‘⁴
357 1949 491 1985 abradit,
528 1953 564 1977 ut
594 1954 701 1978 contra
737 1947 861 1989 adjiciat
889 1949 1040 1980 vires—.’‘

321 1998 471 2029 Conferas
489 1999 600 2030 Horat.
617 1999 666 2030 od.
682 2000 702 2030 i.
718 2003 769 2030 51.
784 2004 814 2031 8.
834 2001 939 2031 Senec.
957 2002 1039 2041 Hip-

316 2049 378 2089 pol.
396 2054 445 2081 16.
467 2050 518 2080 Sic
533 2059 602 2081 rem
618 2051 744 2091 Virgilii
760 2051 904 2092 majestas
919 2052 1040 2091 extulit,

316 2102 356 2132 ad
370 2103 444 2132 AEn.
460 2102 521 2133 viii.
539 2106 590 2133 65.

448 2187 499 2211 ego
509 2187 579 2210 sum,
592 2181 671 2213 pleno
683 2188 765 2213 quem
777 2182 888 2208 flumine
898 2183 982 2208 cernis

345 2219 509 2251 seringentem
519 2219 596 2251 ripas,
608 2224 635 2245 et
647 2220 755 2253 pinguia
766 2221 840 2246 culta
850 2226 983 2253 secantem,

345 2258 483 2284 caeruleus
494 2259 663 2291 Tybris—.

314 2324 437 2356 Pariter
452 2325 633 2363 Pausanias,
662 2325 682 2356 i.
703 2329 753 2357 36.
778 2331 813 2356 ut
836 2327 997 2363 Horatius,
1020 2328 1039 2359 l.

314 2386 339 2406 c.
370 2378 857 2408 mordet.-—r1131³1‹1>ArEN·rox
889 2385 965 2419 λσφυ
994 2378 1040 2411 δια

313 2439 453 2466 χειμωνα.
499 2427 596 2457 Silius
609 2427 800 2457 locutionem
812 2428 1041 2468 jucundissime

313 2480 452 2518 variavit,
477 2481 615 2512 versibus
636 2486 706 2520 post
727 2481 831 2511 nullos
852 2483 892 2512 ob
915 2482 1040 2524 elegan.

313 2531 390 2562 tiam
406 2531 583 2569 laudandis,
607 2532 689 2563 Pun.
705 2532 770 2563 xiii.
786 2536 815 2563 4.

343 2607 436 2631 castra
447 2607 528 2636 locat,
540 2607 612 2632 nulla
621 2607 716 2632 ledens
726 2608 772 2633 ubi
783 2609 903 2641 gramina
915 2603 970 2641 ripa

342 2646 427 2670 Turia
439 2647 547 2671 deducit
559 2650 668 2672 tenuem
681 2647 736 2672 sine
747 2648 858 2673 nomine
869 2648 968 2678 rivum,

344 2687 377 2710 Et
391 2686 474 2710 tacite
486 2688 580 2711 Tuscis
590 2687 715 2719 inglorius
726 2688 811 2712 affluit
823 2689 908 2713 undiS.

315 2758 438 2793 Quibus
448 2760 677 2792 incontinentes
692 2773 805 2793 manus
816 2762 982 2793 infeliciter
990 2762 1037 2792 in-

308 2808 405 2847 jectat
431 2810 588 2845 Heinsius,
620 2811 698 2842 dum
719 2816 831 2845 radens
856 2814 921 2844 vult
950 2824 1037 2853 repo-

314 2866 403 2897 nere;
426 2861 516 2900 cujus
532 2867 636 2892 tamen
659 2870 731 2894 nota
749 2875 821 2895 cum
838 2865 1038 2895 Drakenbor-

313 2911 399 2949 chio,
415 2911 561 2951 phrasim,
578 2923 672 2954 quam
688 2920 867 2954 tractamus,
883 2916 1039 2947 illustrans

1093 736 1252 776 exemplis,
1268 737 1365 778 digna
1379 744 1434 774 est,
1451 748 1521 778 quae
1535 737 1717 778 perlegatur.
1761 738 1818 769 Li-

1093 793 1160 818 ceat
1180 789 1278 827 poetis
1298 788 1408 818 saltem
1430 795 1606 819 venustates
1627 800 1698 820 suas
1719 789 1816 820 varie-

1093 845 1156 870 tate
1170 840 1320 881 sermonis
1334 839 1562 871 commendare.

1134 891 1209 921 V'er.
1226 895 1296 922 258.
1319 893 1405 922 alid:
1432 891 1477 921 sic
1500 891 1755 931 incorruptissimi
1780 902 1817 923 ac

1091 943 1247 972 veterrimi
1262 943 1393 979 codices,
1418 943 1454 973 L.
1479 943 1526 973 M.
1549 950 1580 973 et
1596 943 1704 983 procul
1719 943 1817 974 dubio

1092 1001 1174 1023 vere:
1203 993 1316 1031 caeteri,
1339 995 1414 1028 ahc,-
1438 1004 1501 1033 quo
1521 993 1599 1024 nihil
1622 993 1818 1024 invenustius

1092 1043 1169 1084 fingi
1185 1050 1303 1084 poterat
1324 1044 1357 1074 in
1379 1045 1438 1074 hoc
1460 1043 1542 1075 loco:
1567 1044 1621 1075 sed
1636 1044 1816 1086 exquisitior

1092 1095 1193 1126 forma
1204 1095 1398 1135 pronominis
1409 1102 1440 1126 et
1450 1095 1501 1126 hic
1513 1101 1544 1126 et
1552 1096 1586 1126 in
1599 1096 1620 1126 i.
1630 1099 1704 1127 264.
1715 1095 1817 1126 diver.

1091 1149 1214 1179 sitatem
1236 1149 1362 1193 peperit.
1409 1155 1448 1180 n.
1475 1155 1519 1180 n..
1542 1150 1600 1180 alit
1625 1155 1671 1180 et.-
1697 1148 1734 1180 B.
1756 1159 1816 1180 au-

1088 1206 1206 1239 getque.

1130 1251 1206 1281 Ver.
1218 1253 1288 1282 259.
1306 1252 1478 1282 Redditur:
1489 1249 1533 1281 sic
1541 1260 1651 1280 omnes
1661 1249 1701 1280 ad
1712 1259 1815 1280 unum

1087 1301 1173 1339 libri;
1195 1301 1214 1332 i.
1230 1312 1256 1332 e.
1272 1303 1465 1332 restituitur:
1489 1308 1536 1338 ut,
1551 1300 1685 1340 exempli
1703 1300 1815 1341 gratia,

1088 1352 1203 1391 solum,
1227 1353 1312 1393 quod
1334 1352 1459 1391 fluvius,
1481 1352 1556 1383 inde
1581 1357 1702 1390 auctus,
1723 1353 1812 1383 abra-

1088 1409 1180 1440 serat,
1218 1403 1294 1434 limo
1326 1403 1466 1443 deposito
1498 1403 1604 1433 telluri
1634 1403 1814 1434 redonatur.

1089 1453 1176 1488 Quid
1197 1453 1340 1492 planius?
1364 1453 1440 1494 quid
1461 1452 1582 1483 verius?
1605 1443 1681 1493 quid
1700 1463 1813 1483 venus-

1089 1503 1169 1534 tius?
1194 1503 1392 1539 Quibusnam
1405 1503 1502 1543 igitur
1515 1502 1664 1544 conviciis
1675 1503 1813 1542 proscin.

1088 1553 1183 1584 dendi
1205 1561 1279 1584 sunt
1299 1554 1408 1584 insulsi
1430 1560 1522 1594 atque
1536 1553 1691 1584 temerarii
1713 1553 1811 1584 ediw-

1088 1615 1147 1643 τος,
1169 1605 1224 1645 qui
1246 1605 1286 1635 de
1307 1615 1364 1635 suo
1386 1605 1475 1635 nobis
1495 1604 1684 1635 obtruseriut
1707 1614 1811 1634 recoc-

1086 1661 1150 1684 tam
1165 1656 1309 1685 cramben
1327 1657 1461 1685 Raditur
1466 1671 1477 1691 ,·
1503 1661 1541 1691 et,
1557 1665 1615 1684 nec
1626 1653 1744 1694 pudore
1754 1664 1814 1684 nec

1085 1706 1235 1746 relig-ione
1246 1706 1335 1743 moti,
1353 1705 1575 1737 nitidissimum
1590 1706 1714 1746 po‘etam
1725 1715 1811 1736 com-

1085 1757 1198 1787 mentis
1213 1757 1380 1788 fedissimis
1394 1757 1537 1788 cerebelli
1564 1757 1679 1798 proprii
1695 1755 1810 1798 flagiti-

1085 1818 1137 1839 ose
1151 1808 1514 1848 conspurcaverint?——et
1529 1813 1687 1850 quoniam.-
1708 1813 1749 1843 V.
1763 1812 1811 1843 ed.

1084 1866 1117 1890 ut
1134 1871 1240 1900 quom:
1267 1867 1309 1890 Π.
1326 1866 1354 1890 et
1369 1871 1447 1890 cum.

1128 1911 1203 1940 Ver.
1230 1915 1300 1941 260.
1335 1912 1547 1950 Omm'parens‚
1570 1911 1618 1942 vel
1641 1913 1808 1953 omnifi3ra5

1085 1962 1131 1992 uti
1158 1969 1270 1993 tem-um
1293 1962 1407 1992 vocitat
1437 1962 1579 1999 Ovidius,
1614 1963 1653 1994 ad
1682 1971 1754 1995 met.
1777 1965 1808 1995 ii.

1086 2017 1156 2045 275.
1175 2015 1339 2053 Apuleius,
1356 2023 1429 2044 met.
1441 2015 1480 2045 vi.
1490 2025 1519 2054 p.
1535 2018 1606 2046 400.
1622 2015 1661 2046 de
1670 2015 1809 2047 formicis

1084 2067 1299 2107 loquens:—“
1329 2073 1419 2097 terrae
1456 2069 1675 2106 omniparentis
1712 2068 1809 2108 agiles

1088 2120 1110 2136 “
1125 2117 1294 2147 alumnae.”

1126 2167 1207 2198 Ibid,
1229 2178 1330 2198 rerum
1347 2178 1494 2198 conrnune
1508 2170 1687 2207 selmlcrum.
1710 2169 1807 2200 Lam-

1082 2219 1175 2250 binus
1189 2225 1363 2258 opportune
1378 2219 1510 2250 contulit
1527 2219 1697 2257 Catullum,
1711 2221 1807 2252 lxviii.

1084 2275 1136 2303 88.

1083 2340 1165 2371 Troja
1175 2338 1259 2370 nefas,
1269 2345 1390 2364 conrnune
1399 2338 1538 2371 sepulcrum
1550 2340 1663 2371 Europae
1672 2340 1806 2371 Asiaeque.

1083 2406 1127 2436 Et
1141 2405 1238 2435 videri
1259 2410 1358 2444 potest
1379 2411 1483 2435 noster
1499 2404 1681 2445 AEschyleos
1702 2415 1807 2436 versus

1083 2458 1116 2488 in
1133 2456 1285 2487 memoria
1301 2456 1456 2495 habuisse,
1472 2456 1511 2486 ad
1529 2457 1666 2496 Cho'e‘ph.
1683 2460 1753 2488 125.

1159 2540 1209 2564 Kar
1224 2540 1305 2565 ram!
1315 2549 1401 2569 atr-rm,
1415 2539 1430 2567 ἡ
1442 2549 1479 2565 τα.
1489 2548 1577 2565 trau-ra
1589 2543 1716 2564 τικτετοει·

1159 2586 1294 2621 Θρεψαισιι
1306 2584 1337 2617 τ’,
1352 2586 1418 2614 αυθις
1430 2586 1502 2612 τωνδὶ
1511 2595 1589 2619 nupt-a.
1598 2582 1733 2618 λιμέινυ.

1126 2660 1201 2690 Ver.
1213 2664 1283 2691 261.
1299 2662 1432 2691 libatur:
1452 2667 1494 2691 Π.
1512 2660 1634 2689 labatur
1641 2673 1651 2694 ;
1671 2657 1805 2689 editores

1083 2711 1210 2751 quidam
1227 2712 1347 2750 volunt,
1369 2714 1512 2746 limatum
1537 2710 1629 2747 male,
1645 2715 1751 2740 contra
1765 2711 1802 2739 li-

1083 2763 1161 2792 bros,
1207 2763 1258 2792 De
1273 2763 1321 2792 his
1335 2768 1439 2792 autem
1455 2761 1642 2791 dictionibus
1661 2760 1754 2790 latius
1770 2761 1803 2790 in

1082 2813 1290 2853 superioribus
1320 2813 1504 2853 inquisitum
1533 2818 1589 2850 est,
1620 2812 1659 2842 ad
1685 2812 1728 2842 iii.
1754 2815 1803 2843 11.

1083 2875 1145 2904 quo
1170 2864 1266 2894 lector
1295 2863 1509 2894 amandandus
1533 2864 1802 2900 est—Caeterum,

1082 2925 1138 2954 pro
1154 2917 1304 2953 recrescit,
1331 2914 1510 2948 Gassendus
1531 2914 1646 2945 maluit
1658 2916 1800 2946 senescit.-
