1926 3224
284 211 380 253 290

780 208 842 257 T.
890 207 1268 257 LUCRETII

312 342 396 377 430
427 336 527 379 Hoc
546 337 607 387 fit,
629 336 700 377 ubi
719 335 927 376 interdum
946 350 1032 377 non
1052 337 1140 393 quit
1159 338 1219 378 vis
1237 339 1362 380 incita
1381 340 1489 381 venti

428 411 652 464 Rumpere,
674 422 798 463 qua-m
818 409 940 463 cepit,
961 409 1134 460 nubem;
1165 410 1235 451 sed
1255 411 1462 466 deprimit,
1483 419 1530 454 ut
1548 413 1598 455 sit

427 483 478 523 In
500 496 610 523 mare
630 481 682 522 de
701 481 804 522 coelo
823 489 1033 538 tamquam
1051 482 1226 524 demissa
1244 483 1434 526 columna

426 555 662 605 Paullatim3
694 556 810 611 quasi
831 556 930 612 quid
949 571 1091 614 pugno
1111 557 1348 614 brachiique
1367 574 1541 615 superne

428 629 628 684 Conjectu
647 629 852 680 trudatur,
875 639 915 671 et
935 631 1179 673 extendatur
1198 633 1242 673 in
1262 633 1409 675 undas:

314 708 394 744 435
427 703 566 752 Quam
587 718 713 759 quom
733 704 911 754 discidit,
932 704 1031 746 hinc
1048 707 1331 762 prorumpitur
1349 707 1393 748 in
1412 723 1525 749 mare
1544 708 1654 750 venti

425 777 514 827 Vis,
536 785 577 818 et
590 776 796 818 fervorem
816 778 966 819 mirum
986 780 1206 821 concinnat
1224 781 1268 822 in
1289 781 1423 823 undis.

427 849 724 891 Vorsabundus
746 851 855 892 enim
875 852 998 893 turbo
1017 853 1241 904 descendit,
1263 863 1304 896 et
1322 854 1432 896 illam

425 922 610 964 Deducit
628 924 781 979 pariter
799 925 910 967 lento
929 941 1024 968 cum
1044 941 1216 983 corpore
1235 928 1405 970 nubem:

284 1088 367 1116 mus,
404 1083 440 1109 ut
473 1078 548 1110 alibi
575 1077 711 1110 diximus
735 1085 828 1120 atque
860 1081 1002 1120 exposui-

284 1140 368 1161 mus:
401 1130 505 1171 vulg0,
527 1132 683 1171 deprensa.
729 1131 817 1162 Nihil
845 1138 1004 1162 mutamus

284 1187 398 1213 tamen.

327 1233 409 1263 Ibid.
432 1235 466 1264 in
481 1244 513 1263 eo
528 1235 673 1272 deprensa
687 1235 828 1263 tumultu.
868 1232 930 1269 Sic,
957 1232 1005 1262 uti

283 1283 437 1314 Horatius
451 1284 587 1323 insuper,
603 1283 727 1323 aliique,
743 1282 897 1323 Virgilius
910 1282 1006 1312 etiam

282 1333 405 1365 locutus
420 1340 476 1372 est,
498 1334 532 1363 in
550 1334 624 1363 AEn.
641 1343 667 1363 v.
684 1337 734 1363 52.

297 1413 456 1444 Argolicove
467 1412 532 1436 mari
543 1411 689 1443 deprensus,
702 1413 733 1436 et
742 1411 808 1436 urbe
820 1413 987 1444 Mycenae—.

325 1482 407 1513 Ibid.
431 1483 566 1521 Navigia
592 1487 714 1512 vexata:
740 1481 810 1512 vide
837 1492 894 1512 nos
922 1482 962 1513 ad
984 1482 1005 1513 i.

283 1537 354 1565 276.
380 1532 528 1564 Similiter
544 1532 706 1568 Phaedrus,
722 1531 760 1562 iv.
779 1536 829 1563 16.
843 1536 876 1563 3.

374 1605 474 1630 Vexata
485 1605 564 1630 saevis
574 1605 644 1629 navi
655 1605 850 1637 tempestatibus.

326 1676 399 1708 Ver.
414 1680 486 1708 430.
509 1679 576 1717 quit
596 1678 657 1708 vis:
683 1677 725 1707 V.
747 1675 797 1707 ed.
825 1679 928 1718 quitus
935 1691 946 1713 ,·
971 1681 1006 1708 Δ.

280 1735 423 1769 quantus.

326 1780 401 1809 Ver.
416 1782 488 1809 431.
509 1780 604 1819 cepit:
629 1778 674 1808 ita
687 1778 785 1808 Vind.
807 1785 850 1809 Ω.
874 1784 905 1809 et
926 1788 1003 1818 prae-

284 1830 450 1861 ferendum
465 1840 529 1860 esse
544 1829 687 1860 existimo
696 1829 792 1860 solitae
807 1829 932 1860 lectioni
947 1842 1004 1862 ειε-

279 1885 339 1922 pit.
382 1883 457 1912 Jam
473 1891 545 1910 vero
560 1883 638 1921 cepit
660 1881 830 1920 simplicius
851 1881 945 1912 etiam
960 1882 1004 1911 vi-

282 1933 386 1968 detur,
409 1943 465 1971 pro
486 1932 610 1969 invasit,
634 1932 802 1971 occupavit.
840 1932 923 1962 Sane
950 1943 1007 1963 nec

283 1986 408 2015 obstant
436 1983 584 2019 multum,
618 1993 676 2013 nec
705 1982 839 2013 vicissim
869 1983 1006 2013 multum

280 2034 403 2075 juvant,
428 2034 461 2064 in
483 2033 699 2074 hujuscemodi
713 2033 938 2064 diversitatibus
956 2045 1007 2065 ve-

285 2092 368 2116 tusta
393 2085 591 2124 exemplaria.
635 2085 784 2116 Lucanus
805 2086 952 2126 apposite,
979 2097 1006 2117 v.

287 2142 357 2169 414.

315 2211 420 2236 Fortius
431 2211 533 2236 hiberni
537 2210 619 2242 flatus
631 2211 797 2243 caelumque,
809 2210 976 2243 fretumque,

316 2252 410 2283 Quum
421 2255 514 2283 cepere,
524 2254 689 2276 tenent—.

328 2323 405 2353 Ver.
429 2325 500 2353 453.
533 2324 728 2363 brachiique.-
767 2321 807 2353 Ο.
829 2326 863 2355 Σ.
893 2323 1008 2353 habent

286 2375 486 2414 brachiisque.

330 2427 404 2456 Ver.
419 2429 490 2457 455.
505 2428 594 2457 hinc.-
615 2432 659 2457 Ω.
670 2428 1006 2467 huo—prorumpitur.-

286 2482 322 2510 Δ.
336 2480 660 2518 prorumpit.-oenti:
686 2479 734 2509 M.
748 2485 861 2510 ventus.

330 2530 410 2560 Ibid.
428 2533 658 2571 prorumpitur:
684 2531 703 2561 i.
726 2541 752 2561 e.
774 2541 805 2561 se
824 2532 1011 2571 prorumpit,

285 2579 326 2612 de
341 2581 452 2611 media»
474 2582 556 2612 vocis
576 2592 645 2613 usu.
682 2581 837 2623 Virgilius
857 2581 1009 2619 similiter,

287 2632 363 2662 AEn.
379 2632 428 2662 vii.
449 2636 520 2664 459.

519 2711 579 2732 toto
587 2711 724 2740 promptus
733 2714 846 2740 corpore
855 2709 946 2733 sudor.

280 2779 284 2782 '
329 2775 404 2805 Ver.
420 2781 490 2807 436.
503 2778 656 2817 jer-vorem
681 2780 715 2809 in
739 2781 852 2810 umlis:
877 2784 914 2809 ut
935 2787 1010 2809 mox

285 2836 346 2856 ver.
363 2830 434 2858 441.
439 2828 561 2868 fervere
576 2840 701 2870 cogens,
723 2837 755 2860 et
773 2830 857 2868 alibi,
881 2830 1010 2860 transla-

285 2877 372 2908 tione
386 2878 524 2911 maxime
539 2881 664 2919 usitat&
682 2883 722 2913 ob
736 2892 869 2922 spumas,
884 2887 915 2912 et
929 2883 1010 2913 soni-

1046 1088 1110 1112 tum
1133 1082 1313 1119 excitatum,
1335 1087 1372 1111 ut
1400 1091 1488 1121 aquae
1513 1081 1544 1111 vi
1572 1081 1771 1114 flammarum

1045 1131 1212 1162 bullientis.
1256 1132 1334 1161 Huc
1356 1131 1470 1161 referas
1492 1131 1587 1162 etiam
1601 1132 1770 1173 gemellam

1046 1184 1248 1223 locutionem,
1270 1191 1447 1216 aestuamem
1463 1191 1610 1225 pontum;
1633 1192 1665 1217 et
1685 1185 1772 1218 haud

1047 1236 1146 1266 rarius
1173 1235 1410 1277 frequentatam.
1456 1237 1619 1268 Audacior
1648 1237 1771 1275 Florus

1048 1293 1156 1327 utpote
1177 1288 1256 1328 stylo
1278 1299 1365 1327 usus,
1388 1288 1528 1319 floridius
1548 1289 1589 1320 ad
1609 1289 1773 1329 poetarum

1047 1350 1190 1370 normam
1215 1340 1364 1378 colorato,
1389 1340 1429 1371 iv.
1456 1344 1485 1371 2.
1508 1344 1632 1372 37.—“
1646 1343 1775 1372 ardente

1048 1393 1071 1409 “
1086 1391 1186 1421 ventis
1206 1391 1319 1422 mari.”
1359 1391 1459 1431 Cujus
1480 1392 1599 1431 periodi
1620 1391 1772 1431 posterior

1048 1452 1118 1482 pats
1139 1442 1183 1472 ita
1204 1449 1251 1473 est
1274 1443 1506 1474 constituenda:
1537 1447 1559 1462 ‘⁵
1576 1443 1645 1474 Nec
1667 1443 1774 1474 ΟΜ

1050 1497 1072 1512 “
1087 1499 1242 1531 moratur;
1262 1493 1390 1534 quippe,
1403 1493 1554 1524 ordinatis
1566 1505 1586 1524 a
1600 1500 1689 1535 tergo
1702 1503 1773 1525 om-

1050 1548 1073 1563 “
1088 1544 1191 1581 nibus
1222 1545 1363 1585 quamvis
1384 1545 1484 1575 hiems
1506 1544 1610 1576 media
1629 1545 1774 1584 prohibe-

1049 1599 1071 1615 “
1086 1603 1134 1627 ret
1154 1603 1346 1636 tempestate,
1369 1597 1409 1628 ad
1432 1597 1552 1627 bellum
1577 1595 1773 1637 navigavit:’¹

1049 1648 1069 1678 i.
1084 1659 1110 1679 e.
1133 1655 1314 1688 tempestate
1330 1649 1563 1680 interveniente.
1601 1649 1690 1679 Hinc
1709 1648 1775 1679 for..

1051 1706 1130 1731 tasse
1153 1701 1337 1740 perplexum
1360 1701 1487 1731 Horatii
1512 1701 1617 1731 locum
1644 1699 1775 1731 feliciter

1046 1751 1168 1782 dederis
1182 1751 1378 1790 explicitum,
1400 1762 1495 1793 quem
1510 1752 1599 1782 aliter
1613 1752 1728 1782 tentavi
1739 1751 1774 1782 in

1050 1802 1134 1833 Silva
1153 1802 1281 1841 Critica,
1304 1803 1354 1833 od.
1369 1803 1411 1833 iii.
1428 1806 1479 1835 27.
1495 1806 1546 1834 27.

1457 1878 1608 1901 scatentem

1142 1915 1228 1940 Beluis
1239 1918 1366 1947 pontum,
1377 1915 1651 1947 mediasquesraudet.

1233 1956 1327 1981 Palluit
1339 1957 1446 1982 audax:

1050 2026 1069 2057 i.
1085 2037 1110 2057 e.
1134 2027 1270 2066 pericula
1285 2027 1379 2058 maris
1393 2027 1515 2058 duobus
1530 2027 1671 2058 litoribus
1679 2027 1775 2058 inter-

1046 2077 1186 2118 jacentis,

1094 2129 1174 2160 Ibid.
1197 2132 1368 2161 concinnat.
1404 2130 1456 2160 De
1470 2131 1527 2160 hac
1542 2139 1617 2160 voce
1632 2130 1777 2161 consulas

1049 2190 1123 2212 cum
1137 2181 1240 2212 multo
1260 2182 1366 2212 fructu
1389 2181 1544 2220 Nonium,
1568 2181 1588 2211 i.
1609 2184 1681 2212 207.
1703 2183 1776 2214 295.

1049 2232 1081 2262 ii.
1099 2235 1170 2263 170.

1094 2283 1166 2315 Ver.
1191 2287 1261 2316 459.
1292 2285 1444 2314 detrudit:
1482 2283 1537 2322 sic,
1570 2283 1671 2324 magis
1692 2289 1777 2314 extra

1050 2336 1260 2377 vulgariorem
1282 2346 1387 2374 usum,
1408 2347 1443 2367 ac
1466 2346 1554 2367 more
1575 2336 1777 2374 Lucretiano,

1051 2388 1088 2419 P.
1104 2388 1141 2418 L.
1160 2388 1199 2418 Ο.
1216 2393 1250 2420 Σ.
1273 2394 1317 2419 Ω.
1343 2393 1374 2418 et
1395 2387 1505 2418 eodem
1527 2394 1645 2428 spectat
1665 2389 1707 2419 V.
1728 2388 1777 2419 ed.

1052 2440 1235 2479 corruptela,
1251 2442 1395 2471 detendit.
1425 2440 1524 2479 Editi‚
1540 2442 1669 2472 detrusit
1674 2456 1686 2478 ,-
1701 2449 1776 2472 con·

1052 2498 1100 2522 tra
1114 2492 1254 2531 scriptos,
1277 2492 1323 2522 uti
1338 2491 1482 2531 suspicor.

1097 2543 1178 2573 Ibid.
1188 2545 1294 2574 nubem
1301 2545 1462 2584 gravidam
1473 2556 1484 2575 .·
1496 2549 1531 2574 ut
1541 2543 1668 2582 Statius,
1677 2542 1776 2574 Theb.

1053 2604 1080 2624 v.
1096 2597 1168 2625 562.

1200 2675 1317 2700 caeruleo
1325 2674 1470 2707 gravidam
1481 2681 1544 2699 cum
1558 2673 1662 2706 Jupiter
1672 2671 1761 2703 imbri,

1069 2716 1126 2746 Ipsa
1137 2722 1226 2747 super,
1237 2715 1338 2745 nubem,
1349 2715 1411 2740 ratis
1422 2717 1590 2739 armamenta
1599 2713 1715 2745 Pelasga

1070 2755 1140 2779 Sistit
1152 2762 1304 2787 agens—u

1056 2832 1119 2863 Adi
1136 2843 1229 2871 supra
1244 2843 1303 2863 ver.
1319 2835 1392 2864 258.
1408 2831 1536 2871 hujusce
1551 2831 1633 2862 libri.

1098 2883 1128 2912 V
1131 2893 1172 2914 er.
1191 2886 1262 2914 441.
1278 2882 1426 2915 Fortassis
1436 2883 1526 2922 po'e‘ta
1535 2888 1640 2914 noster
1647 2881 1691 2913 ita
1701 2880 1775 2913 sim-
