1926 3224
281 188 379 228 220

770 184 829 230 T.
877 181 1254 232 LUCRETII

483 313 541 353 At
561 311 733 366 liquidas
753 311 888 351 avium
909 325 1027 353 voces
1047 311 1244 353 imitarier
1264 327 1336 353 ore

426 386 538 426 Ante
556 384 632 425 fuit
653 383 797 434 multo,
820 399 944 440 quam
963 385 1080 427 laevia
1100 386 1282 427 carmina
1302 393 1425 427 cantu

288 463 394 499 1380
427 458 726 499 concelebrare
745 457 932 500 homines
951 468 1131 514 possent,
1158 461 1371 516 aureisque
1383 460 1539 516 juvare.

425 531 480 572 Et
502 530 696 587 Zephyri,
718 546 817 573 cava
835 547 910 587 per
930 533 1197 584 calamorum,
1219 534 1336 575 sibila
1353 533 1534 589 primum

423 605 631 662 Agresteis
650 605 827 646 docuere
846 620 964 647 cavas
984 607 1127 648 inflare
1146 607 1311 648 cicutas.

426 678 531 720 Inde
550 679 785 720 minutatim
806 679 958 720 dulceis
978 679 1158 721 didicere
1177 680 1374 736 querelas,

426 751 551 792 Tibia
571 767 670 806 quas
691 751 840 802 fundit,
863 751 1001 809 digitis
1024 753 1182 808 pulsata
1202 761 1437 804 canentum,

286 829 392 866 1385
425 824 533 866 Avia
552 839 627 880 per
646 839 816 866 nemora
836 839 884 866 ac
904 825 1032 882 sylvas
1052 826 1255 883 saltusque
1275 835 1452 883 reperta,

280 1001 408 1026 venuste
428 996 534 1026 minus
550 996 721 1034 Ausonius,
744 997 779 1028 in
803 997 928 1030 Mosell.
953 1001 1005 1030 67.

280 1046 505 1078 administravit
519 1057 600 1078 rem:

657 1131 796 1162 lucetque,
806 1131 938 1163 latetque,

309 1177 434 1203 Calculus
440 1187 449 1208 3
462 1181 490 1203 et
500 1178 613 1204 viridem
624 1179 757 1211 distinguit
767 1179 856 1211 glarea
868 1185 1004 1204 muscum.

281 1248 420 1279 Accedat
434 1255 540 1279 cantor
557 1249 686 1287 Culicis,
708 1259 768 1279 ver.
786 1252 835 1280 70.

609 1321 728 1345 distincta
739 1320 859 1345 coloribus
869 1327 943 1345 arva.

322 1391 396 1422 Ver.
415 1395 504 1422 1576.
527 1393 679 1422 dulcibus:
706 1397 750 1422 Ω..
773 1392 1004 1422 (Ιαεὶζηιε.-ον-

277 1452 372 1477 nant:
399 1452 442 1476 Π.
459 1452 558 1476 ornat.

320 1507 395 1537 Ver.
422 1509 512 1537 1577.
535 1507 649 1537 obsita:
674 1506 716 1536 V.
745 1505 792 1537 ed.
818 1507 859 1537 Ο.
887 1508 983 1547 opsita
990 1522 1001 1543 ‚-

279 1557 375 1602 unde,
389 1567 422 1587 re
437 1556 470 1586 in
483 1556 571 1598 pejus
585 1555 750 1593 defluente,
766 1557 850 1587 venit
867 1571 899 1588 το
914 1568 1003 1598 oppo-

277 1609 336 1639 sita
353 1607 386 1637 in
402 1607 498 1638 Vind.

322 1667 403 1698 Ibid.
427 1669 569 1698 Arbuseis
584 1668 846 1709 tenentselt'cibas.
892 1666 1006 1697 Paullo

279 1720 367 1750 aliter
382 1719 546 1759 Virgilius,
569 1729 676 1760 quem,
698 1719 855 1749 fedissime
877 1728 1004 1757 corrup-

278 1776 359 1807 tum,
381 1776 464 1800 certo
490 1769 602 1800 certius
617 1769 728 1799 nativis
742 1769 898 1808 leporibus
912 1768 1000 1799 redo-

278 1821 371 1857 nabo,
386 1819 424 1850 ad
439 1829 507 1860 geo.
524 1819 554 1849 ii.
573 1822 642 1850 144.

310 1905 361 1930 Sed
372 1904 491 1936 gravida:
497 1904 601 1936 fruges,
617 1907 644 1929 et
655 1904 746 1928 Bacchi
758 1904 882 1929 Massicus
892 1905 990 1935 humor,

309 1946 463 1978 lnplevere:
481 1948 564 1970 tenent
575 1945 644 1975 oleae,
656 1948 826 1976 armentaque
838 1945 911 1970 laeta.

281 2020 368 2056 Quid
382 2025 501 2057 autem,
516 2019 653 2050 malum!
679 2019 788 2050 video?
808 2019 932 2059 Aprum
947 2020 1004 2051 sci-

279 2070 351 2101 licet
365 2071 398 2100 in
414 2070 575 2100 fluctibus:
601 2076 739 2100 armenta
767 2070 847 2100 inter
874 2078 1005 2111 segetes,

280 2122 366 2157 vites,
376 2121 530 2161 oleasque.
564 2121 610 2150 At
619 2130 714 2160 ocyus
723 2119 877 2159 expellam
890 2126 1006 2157 tamen,

278 2183 320 2204 ne
336 2183 461 2212 prorsus
475 2182 585 2202 omnes
606 2171 816 2212 agricolarum
837 2182 905 2211 spes
926 2173 1008 2203 male

279 2224 388 2255 feriata
413 2226 505 2255 turba
526 2224 684 2263 proculcet
698 2230 953 2264 corrumpatque;
976 2230 1007 2255 et

279 2274 544 2305 confidentissime
555 2274 758 2314 reposuerim,
768 2274 890 2304 lautum
906 2276 1005 2305 nemi-

280 2336 353 2357 nem
369 2332 598 2366 repugnantem
613 2326 787 2356 habiturus:

476 2409 570 2432 tenent
581 2407 661 2438 oleae,
672 2413 865 2441 Annusuque
875 2409 948 2434 ἰῶτα.-

280 2472 299 2503 i.
316 2482 342 2503 e.
373 2473 527 2512 ipsissima
556 2475 707 2508 nimirum
727 2478 842 2519 filicia
869 2478 1008 2509 Lucretii

279 2525 413 2555 arbusta.
458 2525 558 2564 Quid,
585 2528 669 2567 quod
691 2529 796 2559 statim
818 2528 948 2560 inferius
969 2529 1009 2559 de

275 2575 444 2614 pecudibus
459 2582 490 2606 et
509 2581 656 2610 armentis
673 2579 766 2610 Maro
781 2580 908 2612 tractet?
932 2580 1009 2611 adeo

282 2632 318 2654 ut
332 2636 389 2656 vox
412 2634 534 2667 recepta
548 2629 589 2659 sit
604 2630 637 2660 in
653 2631 712 2662 hoc
727 2631 796 2662 loco
814 2632 925 2671 putida
941 2643 1009 2662 om-

282 2675 370 2714 nino,
386 2683 416 2706 et
429 2677 652 2718 intempestiva.
684 2682 805 2713 Mirum
822 2690 867 2713 est
883 2684 1008 2720 interea,

283 2732 360 2765 quot
374 2728 490 2759 vicibus
505 2730 622 2762 librarii
638 2743 726 2764 voces
740 2741 879 2766 armenta
903 2742 934 2766 et
955 2747 1008 2766 ar-

281 2776 368 2806 busta
385 2783 637 2816 pei-mutaverint:
664 2784 733 2815 vide
755 2795 812 2816 nos
827 2785 867 2816 ad
892 2786 922 2816 ii.
936 2789 1009 2816 545·

283 2830 358 2859 561.
373 2831 444 2860 698.
489 2831 612 2870 Postea,
635 2845 708 2866 cum
731 2846 782 2867 me
804 2837 843 2868 ad
868 2837 1006 2877 Heynia-

1048 1010 1123 1030 nam
1139 1000 1282 1031 Maronis
1297 999 1467 1030 editionem
1488 1003 1708 1035 converteram,
1723 998 1772 1029 in-

1049 1052 1153 1083 tellexi
1182 1054 1264 1082 hanc
1287 1050 1480 1080 verissimam
1507 1050 1718 1090 conjecturam
1739 1050 1772 1081 J.

1053 1103 1223 1133 Schradero
1237 1102 1322 1141 prius
1344 1101 1378 1130 in
1399 1100 1542 1130 animum
1566 1101 1696 1131 venisse:
1723 1099 1778 1131 cui·

1051 1156 1182 1186 libenter
1202 1155 1328 1196 cogitati
1350 1154 1481 1194 gloriam
1504 1163 1631 1184 ornnem
1653 1153 1778 1192 defer05

1049 1207 1223 1236 maximum
1234 1207 1366 1245 po'e'tam,
1378 1214 1563 1246 quocunque
1575 1204 1713 1241 demum,
1726 1213 1774 1234 re-

1050 1259 1194 1289 stitutum
1214 1257 1378 1289 lectoribus
1399 1267 1491 1296 opere
1507 1255 1645 1287 maximo
1665 1261 1773 1297 gratu-

1049 1309 1142 1340 latus.

1092 1367 1173 1398 Ibid.
1198 1366 1499 1408 Arbuseisfilicibus.
1544 1366 1646 1402 Idem,
1659 1366 1698 1396 ib.
1710 1375 1772 1396 ver.
1817 1394 1820 1397 .

1050 1422 1099 1450 81.

1398 1501 1598 1534 ramisseIicibus
1605 1501 1687 1527 arbor.

1095 1580 1167 1611 Ver.
1186 1583 1276 1612 1378.
1303 1581 1486 1618 Athenaeus,
1501 1579 1542 1610 ix.
1563 1583 1610 1610 10.
1655 1585 1773 1619 Χαμαι-

1050 1639 1121 1663 λέων
1136 1634 1148 1663 ὃ
1166 1639 1305 1665 How-’mos
1321 1639 1385 1671 εφη,
1409 1645 1460 1664 «την
1476 1631 1571 1672 εὕρεσιν
1587 1643 1639 1664 της
1649 1642 1773 1669 paucam

1051 1697 1106 1718 τοις
1123 1696 1251 1725 apl-gaam
1269 1684 1437 1715 επινοηθηναι
1465 1681 1510 1712 δια
1527 1695 1581 1712 των
1597 1693 1621 1712 εν
1637 1694 1700 1714 ταις
1717 1694 1774 1721 spn-

1049 1747 1127 1773 μιαις
1145 1733 1265 1774 ᾳδοντων
1282 1735 1390 1774 ορνιθων·
1407 1732 1442 1762 ὦν
1457 1745 1540 1762 κατα
1554 1745 1671 1771 ,ananan
1680 1732 1778 1762 λαέειν

1050 1798 1151 1816 ofroeffw
1167 1799 1217 1819 ‘rma
1231 1797 1362 1825 {4851an-

1086 1846 1161 1876 Ver.
1179 1848 1270 1876 1579.
1291 1846 1378 1875 laevia
1405 1846 1555 1875 carmina.
1601 1842 1776 1874 Commode

1049 1897 1177 1928 Persius
1192 1898 1253 1927 huc
1265 1896 1475 1934 advocabitur,
1493 1895 1527 1926 in
1543 1895 1563 1925 i.
1578 1899 1628 1926 65.

1479 1992 1541 1999 —
1553 1979 1667 2004 carmina
1677 1979 1745 2004 molli

1080 2021 1157 2044 Nunc
1170 2021 1281 2044 demum
1292 2026 1395 2043 numero
1403 2019 1496 2048 fluere,
1503 2022 1533 2042 ut
1539 2022 1584 2050 per
1591 2017 1661 2041 laeve
1671 2024 1775 2043 severos

1080 2061 1206 2085 Effundat
1216 2061 1342 2091 junctura
1352 2066 1524 2091 ungues—.

1096 2135 1176 2166 Ibid.
1192 2137 1331 2166 carmina
1346 2141 1437 2166 cantu
1453 2137 1671 2166 concelebrare.
1686 2133 1775 2165 Pari-

1052 2193 1098 2217 ter
1114 2187 1209 2217 etiam
1225 2186 1382 2225 Tibullus,
1398 2187 1417 2217 i.
1433 2191 1461 2217 6.
1479 2190 1528 2218 17.

1084 2262 1140 2285 Neu
1147 2260 1263 2292 juvenes
1272 2259 1373 2284 caelaret
1384 2259 1473 2284 multo
1484 2266 1605 2290 sermone,
1616 2262 1727 2284 caveto:

1049 2332 1104 2362 ubi
1120 2331 1223 2362 videas
1239 2331 1418 2371 Heynium,
1439 2331 1578 2361 Lucretii
1592 2337 1697 2362 tamen
1712 2340 1776 2362 non

1050 2392 1232 2413 memorem.
1281 2382 1429 2412 Similiter
1444 2388 1548 2412 noster
1571 2392 1674 2421 supra,
1699 2391 1775 2412 verr.

1054 2437 1145 2470 1165,
1164 2438 1253 2465 1166.

1095 2495 1169 2526 Ver.
1198 2499 1286 2526 1581.
1312 2495 1351 2525 ln
1375 2495 1471 2526 dubio
1494 2501 1550 2534 est,
1579 2505 1674 2536 quam
1701 2503 1776 2524 con-

1052 2546 1255 2577 structionem
1285 2547 1415 2577 voluerit
1437 2547 1539 2586 po'e‘ta:
1571 2552 1690 2582 utrum,
1718 2546 1775 2575 Ze-

1048 2600 1170 2638 plzyrei,
1192 2599 1224 2627 in
1241 2597 1342 2637 primo
1356 2608 1414 2628 cas.
1439 2608 1525 2627 num.
1541 2596 1619 2636 plur.
1629 2606 1686 2636 per
1701 2606 1775 2626 cava

1052 2649 1154 2687 sibila,
1171 2649 1190 2678 i.
1207 2659 1232 2678 e.
1255 2648 1360 2679 sibilas
1375 2648 1531 2679 cavitates:
1552 2657 1592 2677 an
1607 2647 1696 2677 sibila
1719 2648 1775 2677 Ze-

1047 2702 1156 2740 phyri,
1167 2710 1238 2729 casu
1252 2699 1351 2738 patrio
1357 2712 1366 2736 ;
1383 2710 1452 2739 quae
1466 2698 1542 2728 mihi
1551 2697 1672 2728 videtur
1683 2696 1777 2738 longe

1052 2751 1230 2791 elegantior.
1265 2751 1425 2791 Virgilius,
1448 2749 1503 2780 ecl.
1520 2759 1547 2779 v,
1563 2752 1613 2779 82.

1368 2838 1497 2864 venientis
1507 2837 1593 2863 sibilus
1606 2837 1697 2866 austri,
