1926 3224
307 248 403 294 272

792 245 853 293 T.
901 245 1277 297 LUCRETII

442 373 566 415 Forte
585 374 719 414 locum
740 389 862 429 quem
882 375 956 425 vis,
978 377 1176 431 expressit
1195 379 1322 420 multa
1341 385 1502 435 vaporis

326 449 408 488 275
442 448 621 496 Semina,
645 461 766 502 seque
787 447 906 489 simul
925 463 1019 490 cum
1039 464 1088 490 eo
1108 452 1350 495 conmiscuit
1369 454 1476 511 igni3

438 521 670 562 Insinuatus
690 520 772 562 ibei
794 529 939 563 vortex
957 532 1144 565 vorsatur
1162 525 1205 565 in
1225 525 1323 577 alto,

437 594 494 635 Et
513 594 652 636 calidis
671 595 782 636 acuit
800 595 954 638 fulmen
972 597 1205 640 fornacibus
1225 600 1346 642 intus.

436 667 547 709 Nam
567 668 717 724 duplici
738 670 897 712 ratione
917 671 1172 714 adcenditur:
1206 675 1292 729 ipse
1319 675 1389 716 sua
1410 691 1505 718 cum

437 741 671 783 Mobilitate
690 743 866 794 calescit,
889 752 929 785 et
949 760 972 786 e
992 747 1233 803 contagibus
1252 749 1369 805 ignis.

320 818 404 854 5280
435 814 554 866 Inde,
576 815 646 856 ubi
666 816 866 870 percaluit
884 818 1047 873 gravius
1067 828 1271 871 ventosus,
1293 830 1334 863 et
1353 822 1460 879 ignis

435 888 604 943 Inpetus
624 889 807 939 incessit3
839 899 1047 933 maturum
1066 900 1155 934 tum
1177 896 1290 950 quasi
1311 896 1464 938 fulmen

434 960 664 1004 Perscindit
684 963 818 1005 subito
838 965 1005 1016 nubem,
1031 966 1252 1024 ferturque,
1275 971 1451 1011 coruscis

433 1034 587 1078 Omnia
605 1036 825 1081 luminibus
845 1039 1018 1082 lustrans
1038 1041 1141 1093 loca,
1164 1044 1342 1098 percitus
1361 1044 1499 1085 ardor:

287 1190 429 1228 habendi,
452 1197 544 1233 atque
570 1192 603 1222 in
623 1203 725 1224 errore
747 1194 929 1235 gravissimo
943 1205 1011 1225 ver-

287 1249 404 1273 santur.

330 1293 404 1325 Ver.
429 1298 500 1325 280.
531 1295 616 1333 Feci,
639 1295 722 1336 quod
747 1296 914 1334 potuerim,
937 1306 1010 1325 cum

286 1345 355 1376 loco
377 1346 494 1377 difficili
520 1348 553 1377 in
576 1348 684 1387 primis
710 1354 832 1387 propter
857 1348 1010 1379 librorum

285 1403 424 1428 veterum
440 1398 671 1428 molestissimas
685 1398 930 1437 depravationes;
955 1400 1009 1429 ha-

284 1448 349 1479 bita
366 1449 517 1488 pensitate
532 1450 662 1487 ratione,
683 1456 748 1480 tam
774 1450 892 1488 sensus,
915 1461 1009 1491 quam

284 1499 456 1531 ‘lectionum
478 1507 619 1532 veterum
642 1503 674 1532 in
697 1502 1011 1542 codicibus—gravi-

283 1561 320 1581 us
335 1559 470 1582 ventosus
484 1558 512 1582 et
531 1554 625 1591 ignis:
652 1552 688 1582 P.
708 1556 834 1592 gravius
846 1554 918 1594 jam
941 1566 1009 1586 vcn-

284 1607 332 1632 tus
349 1604 381 1632 in
398 1604 491 1641 ignis,-
515 1613 584 1643 quae
607 1613 731 1642 prorsus
746 1604 850 1635 futilia
872 1612 956 1643 sunt,
980 1612 1011 1636 et

283 1652 486 1684 inextricabili
504 1655 747 1686 constructione:
774 1657 873 1695 prisca
889 1657 939 1687 Pii
957 1668 1009 1687 ex-

283 1704 444 1744 emplaria,
469 1706 508 1737 O.
527 1712 572 1737 n..
587 1709 630 1738 vis
644 1710 726 1738 venti
739 1709 784 1739 vel
794 1711 898 1748 gravis
914 1711 1006 1749 ignis,-

282 1766 352 1797 quae
367 1757 552 1796 placuerunt
567 1758 747 1797 editoribus,
770 1760 824 1790 sed
840 1761 907 1790 sine
918 1771 1006 1790 caus-

282 1807 325 1843 sa,
348 1819 447 1849 quum
463 1820 563 1850 neque
582 1811 738 1850 scriptoris
756 1821 848 1850 scopo
863 1812 1006 1842 conveni-

281 1864 348 1896 ant,
371 1869 471 1900 neque
500 1860 675 1900 elegantem
698 1861 849 1892 artificem
876 1863 1006 1902 sapiant,

282 1920 340 1940 nec
377 1911 511 1952 denique
548 1913 826 1944 vetustissimorum
861 1914 1007 1944 codicum

280 1961 442 2000 scripturae
467 1962 539 1993 satis
564 1963 737 1994 concinant.
768 1964 863 1995 Vind.
893 1966 933 1995 V.
956 1966 1005 1995 ed.

277 2014 383 2050 gravis
397 2020 515 2044 ventum
532 2015 665 2053 insigni;
693 2015 730 2044 L.
751 2015 797 2045 M.
810 2018 913 2055 gravis
927 2018 1008 2046 venti

280 2065 324 2094 vis
346 2065 414 2103 igni
418 2080 429 2100 ,·
456 2070 490 2094 Δ.
513 2066 657 2104 gravibus
674 2068 769 2097 ventis
793 2069 941 2107 insigtzis;
968 2073 1003 2098 Σ.

278 2119 383 2156 gravis
398 2120 515 2149 vencilis
531 2120 584 2149 vis.
630 2119 728 2149 Vides
751 2120 857 2160 igitur,
881 2131 938 2151 nos
956 2132 1004 2151 so-

280 2167 442 2199 lummodo
469 2170 639 2200 mutavisse
665 2173 678 2200 i
702 2172 878 2211 geminum,
902 2172 949 2203 vel
974 2184 1007 2211 u,

280 2219 315 2249 in
330 2231 373 2256 os,·
395 2226 491 2260 atque
504 2227 545 2257 et,
568 2231 638 2261 quae
666 2222 774 2252 vocula
794 2233 1008 2262 saepenumero

280 2270 361 2301 elabi
384 2271 473 2310 solet,
497 2272 724 2312 interposuisse.
771 2274 874 2313 Inepti
902 2281 1007 2305 tamen

279 2332 430 2362 essemus,
452 2330 483 2353 et
498 2324 608 2354 merito
623 2332 778 2364 φιλαυτιαις
803 2326 1002 2366 coarguendi,

279 2374 305 2403 si
328 2374 462 2405 nimium
486 2376 559 2405 huic
586 2376 798 2406 emendationi
822 2377 1001 2407 fideremus:

280 2431 311 2455 et
325 2436 415 2466 aequo
429 2437 539 2458 sumus
565 2427 671 2457 animo
693 2428 881 2466 probabilius
903 2435 1002 2459 tenta-

279 2486 353 2506 men
368 2477 553 2517 quodpiam,
574 2488 611 2508 ex
635 2478 798 2509 ruderibus
813 2480 1003 2519 corruptela-

278 2537 350 2557 rum
375 2535 499 2559 erutum
527 2529 655 2570 ingenio
677 2531 834 2570 sagaciore
856 2531 1004 2571 quolibet,

280 2580 443 2618 accepturi.
493 2580 611 2611 Saltem
634 2587 755 2611 nostras
771 2582 1004 2612 emendationes

278 2631 351 2661 satis
372 2633 470 2671 po'e‘tae
496 2634 593 2663 menti
610 2633 716 2669 facere,
741 2641 772 2664 et
795 2634 1004 2675 undequaque

278 2687 341 2711 tam
357 2685 541 2724 praegressis,
565 2695 658 2726 quam
685 2686 843 2721 secuturis,
869 2696 1002 2726 congru-

277 2742 339 2768 ere,
356 2744 450 2766 nemo
464 2736 639 2777 denegabit.
685 2737 849 2768 Bentleius
868 2738 1002 2768 scriben-

278 2782 356 2812 dum
372 2785 479 2816 edixit:

393 2858 438 2881 ubi
450 2859 579 2889 percaluit
589 2861 664 2885 venti
676 2861 732 2891 vis,
746 2861 794 2885 vel
801 2861 898 2893 gravis
911 2861 987 2893 ignis:

270 2924 306 2950 et
320 2919 359 2951 ad
374 2931 449 2952 verr.
467 2925 538 2955 299.
564 2927 635 2956 509.
659 2925 846 2964 provocavit:
874 2924 939 2964 sed,
959 2935 1000 2956 an

1055 1202 1226 1233 contextus,
1259 1197 1306 1227 vel
1331 1200 1521 1228 membranae
1547 1204 1674 1233 veteres.
1704 1200 1778 1232 huic

1054 1246 1155 1276 edicto
1170 1247 1304 1283 faveant,
1323 1248 1375 1278 alii
1392 1249 1484 1279 velim
1499 1249 1645 1289 cogitent.

1098 1298 1172 1329 Ver.
1191 1302 1262 1329 281.
1285 1306 1364 1330 tum:
1392 1301 1427 1331 P.
1444 1300 1482 1331 V.
1498 1300 1546 1331 ed.
1560 1312 1640 1338 cum;
1656 1301 1777 1334 solenni

1053 1356 1186 1388 peccato.

1097 1401 1172 1432 Ver.
1203 1406 1274 1433 282.
1312 1405 1486 1434 Perscindit
1515 1405 1622 1435 nubem
1641 1405 1775 1445 fitlmen.

1056 1451 1208 1483 Ovidium
1227 1454 1260 1483 in
1287 1460 1424 1494 tempore
1450 1455 1616 1496 castigabo,
1638 1456 1679 1486 ad
1703 1463 1776 1488 met.

1057 1514 1104 1535 xv.
1121 1507 1171 1535 70.

1188 1585 1258 1610 unde
1274 1585 1348 1610 nives
1359 1592 1364 1609 :
1382 1591 1444 1617 qua:
1447 1585 1570 1617 fulminis
1581 1590 1649 1612 esset
1658 1587 1744 1620 orig03

1083 1623 1197 1654 Jupiter,
1210 1631 1244 1648 an
1256 1624 1340 1655 venti,
1351 1624 1454 1649 discissa*
1465 1624 1540 1655 nube,
1550 1628 1674 1651 tonarent.

1056 1697 1174 1738 Vulgo,
1196 1698 1330 1729 discussa
1337 1715 1348 1736 ,·
1371 1699 1425 1729 sed
1440 1701 1588 1731 discutere
1602 1706 1648 1730 est
1662 1700 1774 1732 διασκε-

1049 1748 1147 1787 δασιιι,
1161 1748 1210 1779 vel
1220 1749 1252 1779 in
1263 1760 1390 1780 omnem
1405 1756 1525 1789 partem
1539 1761 1696 1791 spargere;
1712 1754 1775 1783 dis.

1051 1802 1172 1831 cludere
1194 1806 1299 1830 autem
1315 1801 1394 1831 valet
1416 1801 1580 1842 διασχιζειν,
1604 1813 1658 1832 seu
1680 1805 1774 1834 disse-

1052 1862 1122 1881 care
1138 1857 1169 1881 et
1179 1862 1393 1891 perrumpere:
1419 1852 1502 1892 quod
1524 1859 1614 1884 tenor
1629 1853 1690 1883 loci
1705 1864 1775 1893 pos-

1053 1903 1140 1933 tulat.
1164 1903 1325 1944 Diogenes
1341 1903 1495 1942 Laenius,
1510 1905 1574 1935 sive
1588 1905 1693 1944 potius
1701 1906 1776 1945 Epi-

1050 1963 1153 1990 curus,
1170 1964 1198 1984 x.
1218 1958 1285 1985 105.
1306 1954 1390 1985 unde
1405 1965 1461 1985 sua
1477 1955 1642 1986 Lucretius
1655 1956 1774 1987 deriva-

1050 2005 1102 2041 vit,
1119 2018 1200 2046 πνρας
1214 2008 1429 2037 ῬΗΞΑΝΤΟΣ
1447 2020 1480 2037 tro
1496 2015 1570 2046 νεφος
1586 2007 1668 2038 dicit.
1688 2009 1772 2039 Con-

1050 2047 1096 2085 fer
1112 2062 1264 2092 nostrum,
1279 2067 1338 2087 ver.
1358 2060 1429 2087 157.
1444 2063 1474 2086 et
1488 2057 1581 2095 infra,
1598 2068 1658 2088 ver.
1675 2061 1747 2090 292.

1093 2107 1166 2136 Ver.
1189 2110 1260 2137 285.
1294 2114 1343 2138 ut:
1370 2108 1410 2137 V.
1435 2107 1482 2137 ed.
1506 2111 1769 2141 ece—videantur.-

1051 2163 1085 2190 Σ.
1114 2160 1262 2190 videatur.
1308 2159 1481 2197 Nimirum,
1511 2160 1670 2191 absolutus
1698 2172 1774 2192 usus

1053 2209 1136 2239 verbi
1151 2211 1318 2249 omn-intere
1333 2209 1460 2240 librario
1475 2210 1642 2250 displicuit,
1655 2211 1710 2242 sed
1724 2211 1772 2242 in-

1047 2263 1148 2303 juria:
1170 2263 1331 2304 regredere
1356 2264 1396 2294 ad
1420 2274 1481 2295 ver.
1505 2268 1576 2296 265.
1603 2271 1635 2296 et
1656 2265 1772 2297 ibidem

1053 2314 1142 2345 dicta.

1092 2367 1167 2397 Ver.
1183 2370 1254 2398 286.
1277 2373 1388 2398 tremor
1399 2374 1569 2407 pertentat:
1588 2368 1609 2398 i.
1623 2379 1649 2400 e.
1667 2372 1690 2388 “
1701 2380 1770 2410 per-

1049 2425 1071 2441 “
1088 2421 1172 2452 cellit
1186 2422 1400 2463 concutitque;
1416 2423 1503 2463 quasi
1514 2434 1570 2464 per
1585 2423 1694 2454 omnia
1706 2424 1771 2464 ple-

1049 2476 1071 2491 “
1088 2483 1127 2503 ne
1143 2473 1234 2503 vellet
1248 2473 1426 2503 firmitatem
1445 2474 1512 2514 ejus
1529 2480 1655 2511 tentare,
1675 2481 1706 2505 et
1720 2485 1772 2514 pe·

1051 2527 1072 2542 “
1090 2524 1174 2554 nitus
1189 2525 1319 2564 experiri
1345 2525 1420 2565 quid
1442 2525 1572 2556 demum
1595 2526 1675 2559 ferre
1688 2526 1768 2556 vale-

1050 2579 1073 2593 “
1088 2576 1149 2606 at.''
1173 2576 1340 2617 Virgilius,
1357 2586 1424 2617 geo.
1442 2576 1485 2607 iii.
1503 2580 1574 2608 250.

1064 2664 1158 2688 Nonne
1168 2663 1251 2693 vides,
1261 2667 1292 2688 ut
1303 2668 1362 2689 tota
1371 2668 1463 2689 tremor
1470 2666 1590 2696 pertentet
1600 2669 1731 2694 equorum

1062 2703 1190 2734 Corpora,
1202 2702 1224 2726 si
1234 2706 1343 2727 tantum
1355 2707 1432 2728 notas
1443 2703 1509 2728 odor
1519 2701 1616 2727 adtulit
1627 2704 1720 2727 auras?

1049 2772 1201 2803 Consulas
1216 2774 1473 2804 commentarium
1492 2772 1635 2802 Serviiad
1647 2772 1761 2803 locum:

1046 2829 1137 2863 atque
1152 2834 1224 2853 cum
1239 2824 1287 2853 his
1302 2825 1437 2854 versibus
1448 2822 1623 2853 committas
1633 2833 1659 2852 v.
1673 2826 1766 2853 1220.

1090 2874 1163 2904 Ver.
1175 2878 1247 2905 288.
1251 2874 1474 2915 fremitusque:
1494 2874 1535 2904 V.
1546 2873 1593 2903 ed.
1597 2874 1745 2915 fremitus
1750 2888 1760 2908 ;

1044 2925 1111 2955 sine
1127 2936 1194 2966 que.
