1926 3224
246 246 342 286 252

745 241 805 288 T.
845 240 1220 290 LUCRETII

386 368 497 410 Tum
517 368 812 423 perterricrepo
833 368 967 409 sonitu
987 368 1058 409 dat
1077 370 1199 410 missa
1217 370 1434 428 fragorem.

385 443 474 483 Nec
494 442 658 490 mirum,
690 455 830 496 quom,
861 441 982 496 plena
1000 443 1164 493 animae,
1196 444 1368 486 vesicula
1386 459 1512 500 parva

276 520 355 556 130
387 517 505 570 Saepe
524 515 581 555 ita
600 513 671 555 dat
689 529 887 572 magnum
908 516 1102 567 sonitum,
1132 517 1307 572 displosa
1326 527 1504 574 repente.

443 588 518 630 Est
538 588 660 629 etiam
679 589 799 639 ratio,
830 604 955 645 quom
976 591 1109 631 ventei
1129 591 1267 632 nubila
1285 592 1474 647 perflant,

388 662 450 704 Ut
469 662 624 703 sonitus
642 661 810 712 faciant;
842 671 883 704 et
902 664 1012 704 enim
1031 679 1192 705 ramosa
1210 664 1392 707 videmus

387 735 540 776 Nubila
559 750 666 790 saepe
686 735 818 776 modis
838 736 988 787 multis,
1019 745 1140 793 atque
1160 753 1317 792 aspera,
1347 738 1455 779 ferri.

388 809 549 850 Scilicet
568 816 614 849 ut
633 808 818 849 crebram
837 809 987 864 sylvam
1008 825 1133 866 quom
1152 811 1319 852 flamina
1339 811 1465 853 Cauri

278 886 355 923 135
388 882 583 931 Perflant‚
615 881 715 923 dant
735 882 912 924 sonitum
930 882 1110 934 frundes,
1142 885 1348 941 rameique
1367 885 1584 942 fragorem.

445 955 513 996 Fit
532 969 710 1011 quoque,
741 963 788 997 ut
807 956 1012 999 interdum
1033 957 1154 999 validi
1173 958 1232 1000 vis
1251 959 1376 1000 incita
1395 961 1504 1000 venti

290 1110 370 1142 lbid.
380 1114 599 1154 perterricrepo
614 1117 730 1147 sonitu:
747 1115 817 1147 vide
832 1116 883 1155 sis,
894 1128 964 1158 quae

245 1163 437 1194 contulimus
456 1163 495 1195 ad
511 1165 530 1196 i.
550 1169 616 1197 104.
662 1165 729 1198 Nec
743 1169 824 1199 male
840 1169 963 1200 Palme-

244 1213 320 1252 rius,
352 1225 445 1255 quem
474 1215 610 1248 laudavit
636 1218 882 1259 Havercampus‚
909 1229 965 1258 pro

247 1267 377 1306 Propter
413 1278 517 1307 crepas
550 1269 584 1298 in
613 1270 762 1300 Varronis
790 1271 967 1310 fragmento

245 1317 330 1356 apud
346 1318 498 1354 Nonium,
514 1319 534 1349 i.
550 1323 599 1350 6¹5.
624 1321 749 1360 corrigit
765 1323 966 1351 Perterricre-

240 1378 311 1408 pas.
342 1368 429 1398 ⁴Vox
458 1369 572 1409 legitur
594 1370 688 1400 etiam
716 1371 800 1410 apud
827 1371 966 1402 Ciceron-

245 1424 319 1448 orat.
337 1422 386 1450 49.
409 1429 446 1449 ex
463 1419 553 1458 poeta
568 1427 676 1451 vetere.

290 1469 369 1500 lbid.
380 1470 559 1511 smgorem:
596 1471 615 1501 i.
641 1482 667 1502 e.
697 1478 875 1511 rupturam;
898 1471 968 1503 vide

245 1531 302 1550 nos
317 1521 355 1551 ad
372 1532 396 1551 v.
417 1525 483 1551 llo.
500 1525 574 1551 518.
602 1522 711 1552 Isidori
727 1523 843 1562 locum,
870 1524 966 1565 origg.

246 1571 309 1601 xiii.
330 1576 358 1602 8.
381 1574 436 1602 hos
461 1583 565 1603 versus
591 1574 793 1605 Lucretianos
821 1576 966 1606 manifes-

245 1621 362 1652 tissime
376 1633 440 1652 non
461 1623 558 1654 modo
582 1625 779 1664 respicientis,
804 1626 858 1656 sed
881 1637 968 1666 para-

244 1673 345 1712 phrasi
374 1674 533 1705 luculenta
562 1675 755 1713 declarantis,
784 1678 905 1718 jubavit
936 1689 969 1709 e-

245 1725 471 1757 mendatiorem
501 1727 707 1767 adscripsisse:
743 1733 765 1748 “
786 1731 967 1761 Tonitruum

246 1777 269 1793 “
285 1775 414 1811 dictum,
438 1777 522 1817 quod
543 1789 632 1809 sonus
653 1779 720 1819 ejus
741 1786 868 1811 terreat.-
894 1791 968 1811 nam

234 1828 270 1859 ,“
286 1832 389 1864 tonuS,
412 1828 537 1858 sonus.”
584 1829 680 1870 (Haec
697 1835 801 1860 autem
816 1830 970 1861 definiunt

248 1891 288 1908 τα
298 1882 520 1920 perterricrepo
535 1884 635 1912 sonitu
650 1882 763 1921 po'eitae)
781 1886 802 1901 “
820 1883 884 1918 Qui
899 1883 968 1914 ideo

248 1931 270 1946 “
286 1929 445 1960 interdum
466 1936 529 1961 tam
548 1935 684 1971 graviter
702 1936 834 1964 concutit
856 1937 970 1973 omnia,

247 1980 329 2010 “ita
351 1987 387 2011 ut
408 1985 512 2013 coelum
531 1986 687 2015 discidisse
708 1987 864 2022 videntum
886 1987 968 2026 quia,

249 2035 272 2050 ‘⁶
287 2044 355 2063 cum
373 2037 505 2073 procella
523 2038 772 2067 vehementissimi
786 2040 867 2068 venti
881 2040 968 2068 nubi-

247 2087 270 2102 “
285 2086 339 2115 bus
356 2096 385 2115 se
400 2093 520 2125 repente
547 2090 717 2125 immiserit,
741 2091 859 2120 turbine
883 2090 968 2120 inva—

247 2138 270 2152 “
286 2135 429 2173 lescente,
456 2138 636 2178 exitumque
659 2147 827 2180 quaerente‚
850 2143 969 2180 nubem,

248 2189 269 2204 “
286 2196 379 2226 quam
394 2191 558 2227 excavavit,
577 2192 691 2230 impetu
707 2202 824 2231 magno
834 2195 970 2231 perscin-

248 2239 271 2255 “
285 2236 376 2268 clit.·’‘
402 2239 522 2279 (vulgo,
537 2244 706 2280 proscindit
713 2258 723 2278 ;
748 2243 852 2273 nescio
866 2249 971 2273 tamen

247 2299 288 2318 an
310 2290 404 2321 male:
436 2291 505 2322 vide
528 2302 603 2323 verr.
632 2297 699 2324 110.
724 2295 809 2335 157.)
835 2299 856 2314 “
873 2306 908 2326 ac
929 2296 973 2326 sic

248 2343 271 2358 “
287 2351 360 2370 cum
375 2344 522 2374 horrendo
535 2344 666 2385 fragore
695 2345 833 2376 defertur
857 2346 897 2377 ad
916 2357 971 2377 au-

249 2394 271 2408 “
287 2401 343 2423 res.
392 2394 480 2433 Quod
498 2397 610 2426 mirari
621 2399 689 2436 quis
705 2408 765 2427 nou
782 2399 879 2434 debe!,·
903 2409 972 2428 cum

249 2444 272 2459 “
288 2445 430 2482 vesicula,
450 2447 593 2485 quamvis
620 2458 730 2487 parva,
758 2459 901 2488 magnum
927 2455 972 2478 ta·

250 2495 272 2510 “
289 2503 361 2524 men
376 2498 506 2527 sonitum
523 2499 653 2537 displosa
671 2498 823 2528 emittat.”

294 2544 368 2575 Ver.
389 2549 456 2578 129.
478 2559 579 2588 quom,
601 2549 648 2579 vel
663 2560 749 2580 cum:
776 2550 816 2580 V.
833 2550 882 2580 ed.
899 2557 972 2581 tum.

250 2599 441 2630 -vcsiculm
479 2601 576 2632 Vind..
591 2602 631 2632 V.
657 2602 704 2632 ed.
733 2609 777 2632 Ω.
802 2605 970 2639 vensicula;

252 2647 288 2678 P.
307 2649 346 2679 Ο.
371 2653 526 2688 υεεείειιία,
551 2659 582 2683 et
597 2654 638 2684 V.
662 2653 709 2684 ed.
734 2660 780 2684 n.
807 2664 864 2693 pro
887 2654 972 2685 varia

253 2699 396 2732 lectione:
421 2709 508 2734 vetus
531 2705 624 2735 etiam
646 2705 859 2736 onomasticon
878 2706 971 2745 scrip·

253 2754 353 2780 turam
370 2756 479 2785 vessica
495 2757 642 2796 agnoscit.

296 2800 376 2832 lbid.
398 2808 528 2836 animae:
554 2807 573 2836 i.
589 2818 614 2837 e.
631 2810 726 2844 venti}
749 2807 820 2838 vide
835 2818 860 2838 V.
878 2811 948 2838 237.

296 2849 370 2880 Ver.
388 2855 457 2884 150.
486 2867 647 2895 magnum:
679 2858 722 2888 sic
745 2857 974 2888 rescribendum

253 2900 497 2935 existimavimus
519 2916 555 2936 ex
574 2907 711 2947 Isidoro;
732 2915 762 2940 et
779 2909 881 2941 simile
901 2919 973 2949 pec-

1007 1124 1110 1149 catum
1127 1123 1173 1148 est
1185 1116 1355 1148 scribarum
1370 1115 1410 1154 ei,
1431 1115 1515 1157 quod
1534 1116 1727 1148 animadver-

1007 1169 1102 1199 timus
1116 1169 1155 1199 ad
1169 1169 1190 1198 i.
1206 1172 1276 1199 156.
1298 1174 1329 1198 et
1343 1168 1425 1198 alibi.
1463 1167 1580 1207 Vulgo,
1591 1170 1728 1208 pariter,-

1008 1227 1045 1250 ut
1059 1221 1094 1250 P.
1112 1219 1205 1249 Vind.
1223 1225 1259 1250 Δ.
1286 1226 1326 1250 Π.
1349 1219 1452 1250 caeteri
1476 1219 1555 1255 libri,
1576 1231 1725 1260 parvum;

1009 1271 1094 1302 unde
1110 1271 1306 1302 scribendum
1321 1271 1464 1302 forsitan:

1142 1352 1189 1376 dat
1197 1355 1242 1384 per
1252 1351 1312 1376 vim
1325 1350 1444 1376 sonitum
1457 1350 1569 1384 displosa
1578 1356 1701 1385 repente:

1009 1421 1029 1450 i.
1045 1431 1070 1451 e.
1090 1432 1146 1460 per
1159 1422 1229 1456 vim,
1245 1420 1293 1450 vel
1307 1420 1466 1457 violenter,
1486 1423 1625 1461 displosa.
1661 1421 1731 1453 Nee

1011 1470 1204 1508 mirabimur,
1227 1470 1253 1500 si
1267 1471 1333 1501 haec
1350 1478 1455 1502 nostra
1468 1471 1618 1502 divinatio
1633 1481 1730 1511 punc-

1011 1528 1078 1552 tum
1094 1531 1187 1552 omne
1201 1521 1363 1552 doctorum
1378 1522 1491 1554 tulerit.

1054 1575 1127 1605 Ver.
1143 1579 1210 1605 151.
1226 1578 1323 1606 ventei
1336 1577 1441 1606 nubila
1452 1578 1596 1617 perflant.
1612 1577 1731 1613 Quem-

1011 1625 1181 1656 admodum
1197 1626 1360 1666 Virgilius,
1375 1626 1414 1656 ad
1430 1627 1504 1657 AEn.
1519 1627 1539 1657 i.
1553 1631 1604 1658 82.

1235 1706 1321 1736 venti,
1331 1706 1405 1732 velut
1416 1707 1524 1738 agmine
1533 1707 1618 1738 sacto,

1012 1745 1071 1776 Qua
1083 1746 1145 1770 data
1156 1749 1243 1777 porta,
1257 1749 1354 1776 ruunt;
1372 1749 1399 1770 et
1410 1749 1490 1770 terras
1500 1746 1606 1771 turbine
1613 1746 1731 1778 perflant.

1015 1819 1078 1850 Ubi
1108 1819 1268 1850 translatio
1296 1821 1447 1851 sermonis
1471 1826 1517 1851 est
1541 1831 1560 1851 a
1586 1820 1733 1851 castrensi

1014 1872 1151 1902 militum
1178 1873 1356 1912 eruptione3
1380 1880 1416 1903 ut
1440 1872 1535 1903 modo
1557 1872 1640 1912 apud
1661 1882 1736 1903 nos-

1011 1929 1107 1961 trum,
1123 1934 1183 1954 ver.
1198 1927 1248 1954 51.

1055 1984 1217 2013 Ver.1.32.
1247 1985 1304 2014 Ut:
1338 1983 1373 2013 P.
1394 1983 1432 2013 Ο.
1457 1989 1496 2013 r1.
1523 1984 1580 2019 Ee‚·
1604 1983 1734 2014 editores

1012 2039 1116 2065 autem
1133 2045 1169 2064 ex
1186 2034 1321 2070 arbitrio,
1340 2036 1417 2069 Cur;
1441 2034 1519 2064 libro
1534 2044 1573 2064 ne
1587 2044 1652 2064 uno
1666 2034 1735 2074 qui-

1013 2086 1085 2116 dem
1101 2087 1143 2116 sic
1162 2086 1300 2126 jubente.
1345 2085 1413 2115 Nec
1433 2088 1525 2123 ratio,
1547 2085 1595 2116 vel
1614 2097 1735 2124 caussa,

1013 2145 1047 2169 ut
1060 2148 1123 2168 non
1139 2144 1184 2168 est
1198 2138 1270 2168 satis
1282 2143 1446 2177 pervagata
1456 2136 1579 2167 dicendi
1591 2137 1734 2167 formula.

1012 2190 1192 2231 —faciant:
1218 2190 1257 2220 P.
1280 2189 1376 2220 Vind.
1390 2189 1431 2219 V.
1445 2189 1492 2220 ed.
1508 2190 1545 2219 B.
1563 2189 1602 2220 Ο.
1619 2195 1663 2220 Ω.
1675 2189 1736 2230 fa-

1013 2244 1108 2272 ciunt.

1059 2302 1132 2332 Ver.
1151 2305 1219 2332 134.
1245 2302 1378 2332 crebram
1402 2302 1526 2340 sylvam,
1554 2309 1612 2339 pro
1636 2302 1658 2318 “
1674 2298 1735 2340 syl-

1017 2355 1039 2370 “
1056 2362 1125 2382 vam
1153 2354 1292 2382 crebram
1326 2351 1517 2382 arboribus.”
1570 2349 1734 2391 Virgilius,

1016 2413 1084 2444 geo.
1100 2403 1143 2433 iii.
1157 2406 1229 2433 534.

1391 2481 1484 2511 sicubi,
1500 2481 1606 2513 nigrum

1048 2522 1147 2546 Ilicibus
1157 2521 1257 2551 crebris,
1268 2521 1339 2546 sacra
1351 2528 1446 2546 nemus
1455 2521 1571 2546 adcubet
1581 2520 1686 2546 umbra.

1060 2596 1139 2627 lbid.
1150 2598 1288 2637 flamina
1307 2597 1410 2628 Cauri.
1454 2596 1527 2626 Vox
1548 2592 1735 2625 restituenda

1016 2655 1062 2679 est
1079 2648 1221 2678 Maronis
1238 2648 1350 2684 versui,
1373 2648 1447 2678 hinc
1469 2647 1592 2687 egregie
1613 2645 1733 2685 erigen-

1017 2699 1072 2737 do3
1096 2709 1170 2729 uam
1195 2699 1293 2729 verbis
1316 2697 1530 2738 hujuscemodi
1555 2696 1660 2726 scribae
1685 2704 1734 2725 so-

1016 2750 1149 2780 lenniter
1164 2751 1315 2781 oberrant.
1347 2749 1477 2790 Legitur
1491 2753 1595 2778 autem
1609 2746 1643 2776 iu
1659 2747 1734 2778 AEn.

1018 2801 1061 2832 iii.
1078 2804 1149 2833 454.

1017 2883 1105 2913 Quam
1117 2881 1326 2913 visincrepitent
1336 2880 1409 2909 socii,
1424 2882 1452 2904 et
1461 2879 1489 2903 vi
1499 2880 1596 2904 Caurus
1609 2877 1636 2902 in
1647 2877 1733 2902 altum

1017 2920 1081 2946 vela
1092 2925 1169 2946 vocet
1177 2938 1185 2952 ‚
1195 2920 1327 2952 possisque
1336 2919 1406 2944 sinus
1414 2918 1514 2951 inplere
1523 2916 1693 2944 secundos-q
