1926 3224
237 256 332 298 264

722 251 782 299 T.
840 249 1217 297 LUCRETII

265 386 350 422 220
383 382 525 440 Signa,
550 387 765 434 notaeque,
780 378 939 434 graveis
957 377 1142 419 halantes
1162 377 1321 419 sulfuris
1341 392 1471 420 auras.

382 456 494 512 Ignis
515 453 623 494 enim
644 461 739 493 sunt
758 451 864 502 haec,
886 466 972 492 non
991 452 1117 501 venti,
1140 452 1271 508 signa,
1297 466 1429 507 neque
1448 451 1602 494 imbris.

440 528 660 575 Praeterea,
683 540 791 581 saepe
811 525 1047 568 adcendunt
1067 541 1230 581 quoque
1249 533 1357 567 tecta
1376 525 1610 577 domorum,

380 602 435 643 Et
456 600 574 641 celeri
592 599 757 640 flamma
777 600 1045 641 dominantur
1064 600 1108 640 in
1129 599 1285 640 aedibus
1303 599 1413 654 ipsiS.

381 674 511 716 Hunc
532 673 606 715 tibi
627 673 831 726 subtilem,
854 689 946 716 cuan
967 674 1110 730 primis
1130 673 1308 730 ignibus,
1330 674 1469 730 ignem

234 845 295 877 bile
317 852 362 877 est
376 856 480 877 veram
495 856 601 878 vocem
623 847 690 887 jam
713 847 769 878 diu
798 848 957 887 excidisse,

233 904 265 928 et
279 904 343 928 tam
354 901 448 938 quali,
459 909 553 939 quam
565 902 644 939 quod
660 902 716 938 sic,
727 900 883 931 emblema
893 912 959 932 esse

233 955 452 988 correctorum,
464 950 580 989 justam
599 951 703 981 versus
717 962 896 983 mensuram
910 959 958 983 ut-

233 1010 358 1040 cunque
373 999 544 1040 adimplere
570 1001 773 1040 cupientium.
816 1003 906 1034 Junt.
929 1009 960 1034 et

235 1049 308 1080 Ald.
324 1052 440 1081 habent
454 1051 548 1081 etiam
566 1054 646 1092 quod
660 1055 713 1083 sic.

277 1103 352 1134 Ver.
369 1108 439 1136 219.
463 1107 525 1135 ictu
548 1107 705 1136 subiausta
722 1109 850 1146 vaporis.
897 1107 959 1145 Sic,

233 1154 346 1193 partim
370 1165 408 1185 ex
435 1155 622 1196 conjectura,
647 1157 877 1188 rescribendum
899 1169 958 1197 pu-

233 1205 295 1235 tavi
305 1218 326 1244 3.
340 1217 442 1248 neque
457 1207 552 1237 lector
566 1218 659 1248 sqax
675 1215 707 1239 et
732 1209 890 1247 eruditus,
912 1209 957 1239 uti

232 1256 367 1296 confido,
395 1269 446 1288 me
471 1259 652 1290 temeritatis
675 1260 854 1299 postulabit,
885 1269 958 1289 cum

232 1309 393 1340 varietates
409 1310 553 1341 lectionis
564 1311 597 1340 in
614 1311 721 1341 animo
738 1311 889 1350 pensitate
905 1321 957 1340 vo-

232 1359 386 1391 lutaverit.
432 1361 520 1391 Nihil
535 1361 653 1391 interea
667 1363 802 1392 sublilem
815 1362 958 1402 fulguris

232 1411 400 1451 efficaciam
413 1411 533 1441 felicius
543 1413 643 1450 potuit
653 1413 818 1452 depingere
831 1423 956 1452 compo-

232 1462 292 1492 sito
323 1464 412 1492 verbo
440 1464 606 1494 subz'nusta.
663 1463 777 1494 Editur
805 1464 957 1494 nimirum

232 1513 345 1554 vulgo:

395 1586 533 1612 declarant
544 1587 618 1618 ictui,
629 1591 652 1612 et
662 1589 748 1614 imma
759 1593 905 1622 vapore—.-

232 1675 333 1706 neque
348 1666 438 1697 aliter
454 1667 490 1698 P.
518 1668 676 1699 Memorat
699 1676 805 1700 tamen
829 1670 883 1701 ille
906 1680 957 1701 co-

232 1718 315 1748 dices
343 1719 494 1760 antiquos‚
535 1721 589 1761 qui
618 1724 723 1758 mista,
759 1733 815 1761 pro
844 1725 957 1758 inusta,

230 1771 385 1809 praebent3
406 1778 441 1801 ut
456 1778 500 1802 est
515 1772 547 1802 in
575 1773 614 1803 O.
639 1783 776 1814 quoque:
804 1774 900 1804 Vind.
917 1775 957 1804 V.

230 1820 279 1852 ed.
295 1822 332 1852 B.
349 1827 383 1853 Σ.
402 1829 445 1853 Ω..
469 1825 532 1854 ictu
546 1830 574 1855 et
591 1826 694 1856 inusta
710 1836 817 1865 vapore
824 1841 834 1862 ;
852 1825 889 1856 L.
910 1826 957 1856 ΞΜ.

230 1878 294 1907 ictu
310 1883 338 1907 et
354 1879 456 1908 inusta
473 1881 592 1918 vaporis
598 1894 609 1914 ,-
638 1885 677 1909 Π.
701 1881 766 1910 ictu
792 1886 825 1910 uc
851 1882 954 1910 inusta

230 1939 356 1968 vapore:
381 1929 494 1969 quibus
509 1929 592 1970 leges
619 1940 823 1961 numerorum
846 1931 956 1962 acriter

230 1980 422 2011 obnituntur.
461 1982 512 2011 De
523 1984 615 2012 verbo
629 1989 734 2013 autem
750 1985 869 2019 subura,
881 1994 955 2014 con·

231 2031 314 2061 sulas
335 2032 578 2073 lexicographos.
623 2035 688 2070 Qui
703 2035 824 2065 minore
839 2035 955 2066 violen-

231 2081 275 2112 tia
290 2081 395 2112 locum
411 2083 505 2113 nitori
521 2094 578 2114 suo
592 2085 752 2116 restituere
767 2085 890 2124 valebit,
901 2088 955 2117 lia-

229 2131 293 2162 bitii
308 2135 562 2165 membranarum
578 2137 768 2174 optimarum
784 2137 911 2173 ratione,
928 2138 957 2168 ei

230 2182 369 2222 palmam
399 2183 529 2214 libenter
558 2185 706 2222 deseram,
745 2192 775 2216 et
803 2197 956 2228 maguum

231 2235 414 2274 Apollinem
431 2237 558 2267 habebo.

276 2286 347 2316 Ver.
365 2290 596 2319 220..lmlante³
610 2299 722 2320 auras:
742 2288 778 2319 P.
792 2289 834 2320 V.
852 2289 900 2320 ed.
917 2289 956 2320 Ο.

231 2342 266 2367 Δ.
295 2342 329 2368 Σ.
358 2344 401 2368 Ω..
427 2340 573 2376 halantis,
597 2339 647 2368 vel
669 2341 832 2377 halameis,
853 2342 956 2377 auris,-

231 2398 393 2427 perperam
409 2394 584 2431 utrumque.
632 2391 714 2420 Sane
731 2391 862 2422 scribere
887 2402 955 2432 pos-

231 2449 286 2470 Sis:

263 2531 325 2539 —
334 2523 463 2552 notaeque
469 2528 584 2553 gravei,
591 2521 711 2546 halantes
721 2521 828 2546 sulfuris
838 2522 922 2547 auris.-

233 2589 266 2614 ut
282 2584 448 2625 Virgilius,
465 2585 505 2616 ad
519 2595 587 2627 geo.
602 2586 640 2617 iv.
657 2589 728 2618 109.

487 2659 589 2684 croceis
597 2659 821 2690 &lauream-ibus
831 2660 918 2685 horti:

232 2719 285 2749 sed
299 2721 425 2761 vulgata
439 2722 565 2760 mali1n;
587 2728 624 2753 ut
637 2733 699 2753 ver.
714 2726 787 2755 590.
803 2723 833 2753 ii.
850 2727 922 2755 417.

277 2770 355 2801 Ibid.
378 2773 506 2813 sulfuris
522 2785 627 2810 auras,
650 2778 766 2813 αϋτμην
780 2776 855 2805 Senu-
878 2774 956 2804 hali·

233 2827 313 2858 tum,
336 2822 485 2859 afflatum,
509 2828 640 2863 odorem,
667 2825 810 2863 sulfuris3
834 2826 876 2856 sic
891 2826 956 2856 dic-

232 2878 311 2909 tum,
328 2875 416 2914 quasi
431 2878 572 2915 spiraret,
595 2878 667 2917 quia
682 2888 760 2908 aura
777 2878 816 2908 sit
829 2879 954 2908 vehicu-

232 2924 299 2955 lum
324 2928 466 2958 odorum:
492 2928 585 2964 unde,
612 2931 652 2960 ob
678 2930 810 2960 eandem
834 2941 958 2970 prorsus

1001 858 1151 884 caussam,
1182 858 1260 878 aura
1293 846 1332 877 de
1359 848 1425 877 luce
1448 844 1561 885 pariter
1589 843 1729 876 adhiberi

1001 899 1092 930 solet:
1117 898 1263 939 perlegas·
1280 903 1429 928 annotata
1451 897 1540 927 nobis
1555 896 1595 927 ad
1608 896 1640 927 ii.
1657 899 1728 928 850.

1005 950 1176 988 Arnobius,
1190 949 1242 980 lib.
1257 949 1313 980 vii.
1328 959 1357 989 p.
1372 952 1512 979 254.—“
1527 948 1629 979 inanis
1645 949 1730 987 apud

1004 1006 1026 1021 ‘⁸
1042 1003 1098 1032 hos
1112 1002 1185 1032 odor
1200 1007 1255 1037 est,
1267 1011 1324 1031 nec
1337 1000 1522 1030 sensibiliter
1534 1010 1730 1030 commovere

1004 1056 1028 1073 “
1043 1065 1121 1083 aura
1147 1062 1199 1083 eos
1220 1052 1300 1091 potis
1322 1056 1368 1080 est
1389 1053 1506 1080 nidoris
1522 1050 1728 1090 alicujus—.“

1005 1104 1171 1143 Apuleius,
1198 1102 1277 1141 apol.
1303 1113 1331 1141 p.
1349 1105 1398 1132 66.
1415 1101 1462 1131 ed.
1479 1101 1605 1131 Pricaei:
1629 1104 1653 1119 “
1669 1103 1728 1132 Fa·

1005 1163 1027 1178 “
1042 1159 1132 1189 cilius
1156 1158 1194 1187 ad
1211 1168 1284 1187 eum
1302 1156 1528 1187 Alexandriam
1549 1157 1616 1186 vini
1636 1167 1730 1195 aura,

1004 1213 1025 1228 “
1043 1219 1140 1250 quam
1155 1208 1256 1250 sumi,
1272 1206 1480 1247 perveniret.'’
1527 1205 1621 1237 Silius
1635 1206 1729 1237 etiam

1004 1258 1144 1297 Italicus,
1159 1258 1210 1288 xii.
1228 1261 1297 1289 134.
1321 1257 1472 1298 apposite:

1318 1343 1379 1363 tum
1392 1338 1503 1370 sulfure,
1514 1341 1541 1364 et
1552 1338 1622 1370 igni,

1034 1381 1144 1411 Semper
1154 1378 1308 1407 anhelantes,
1317 1382 1450 1409 coctoque
1458 1378 1600 1408 bitumine,
1609 1385 1718 1411 campos
1724 1385 1735 1402 ι

1002 1463 1020 1494 i.
1037 1473 1062 1494 e.
1087 1466 1110 1482 ‘⁶
1125 1474 1233 1493 auram
1249 1463 1378 1503 sulfuris
1400 1462 1570 1497 halantes,’'
1593 1461 1642 1492 vel
1665 1461 1728 1501 spi-

1002 1519 1111 1544 rantes,
1157 1513 1348 1551 Priscianus,
1366 1513 1397 1542 in
1416 1513 1529 1553 perieg.
1545 1515 1617 1544 879.
1640 1523 1728 1552 pere·

1002 1566 1155 1607 leganter:

1033 1647 1164 1671 cinnama
1176 1651 1318 1678 praterea,
1329 1646 1455 1677 jocunda:
1468 1645 1573 1670 naribus
1583 1652 1668 1675 αισι,

1033 1686 1133 1711 Fertilis
1146 1685 1207 1710 haec
1218 1689 1330 1717 generat
1343 1685 1431 1715 tellus,
1441 1685 1552 1717 aurique
1563 1685 1680 1710 metalla.

1004 1761 1157 1792 Catonem
1172 1760 1205 1790 in
1223 1760 1319 1798 Diris,
1336 1770 1395 1791 ver.
1408 1763 1458 1791 44.
1474 1759 1642 1791 rectissime
1652 1769 1734 1791 con--

1002 1813 1147 1843 stitutum
1163 1812 1270 1843 lectori
1282 1812 1374 1844 dabo:

1029 1904 1175 1927 Pascantur
1185 1906 1302 1934 segetes3
1320 1901 1419 1926 diffusis
1429 1900 1538 1933 ignibus,
1553 1907 1620 1925 aura

1031 1941 1205 1971 Transvolet‚
1214 1941 1349 1966 arboribus
1360 1941 1505 1972 conjungat
1515 1943 1544 1964 ut
1550 1939 1628 1964 ardor
1634 1939 1728 1964 aristis.

1002 2020 1090 2051 Nihil
1106 2020 1226 2050 clarius.
1273 2019 1342 2049 Viri
1365 2019 1460 2059 longe
1483 2018 1651 2048 doctissimi
1674 2027 1726 2048 ve—

1001 2078 1139 2101 nustates
1170 2080 1315 2100 versuum
1348 2070 1479 2099 minime
1512 2074 1726 2108 perceperunt.

1002 2123 1165 2153 Minucius
1194 2122 1294 2159 Felix,
1323 2131 1386 2160 cap.
1416 2121 1542 2151 xxxviii.
1590 2123 1613 2138 “
1633 2120 1727 2158 Sane,

1001 2178 1023 2193 “
1039 2174 1125 2215 quod
1138 2180 1231 2213 caput
1259 2183 1323 2203 non
1346 2183 1544 2209 coronamus,
1566 2171 1726 2212 ignoscite.

1001 2229 1023 2245 “
1041 2228 1162 2256 Auram
1177 2225 1250 2255 boni
1265 2227 1361 2266 floris
1376 2225 1502 2255 naribus
1517 2224 1639 2259 ducere,
1663 2233 1735 2253 non-

1002 2280 1024 2295 “
1039 2276 1192 2315 occipitio,
1215 2276 1380 2315 capillisve,
1410 2275 1547 2305 solemus
1569 2273 1724 2308 haurire.”

1004 2328 1092 2358 Hinc
1121 2328 1220 2359 diseas
1249 2328 1375 2366 insuper
1404 2327 1533 2368 Virgilii
1563 2326 1737 2367 exquisitas

1001 2380 1172 2421 elegantias
1187 2379 1359 2420 degustare,
1375 2378 1415 2409 ad
1433 2379 1508 2409 AEn.
1522 2378 1542 2408 i.
1559 2381 1631 2410 591.

1029 2473 1399 2481 ———
1409 2459 1548 2490 lumenque
1556 2459 1682 2490 juventa:

1030 2502 1208 2531 Purpureum,
1217 2503 1245 2525 et
1257 2500 1334 2524 laetos
1345 2499 1428 2524 oculis
1439 2498 1550 2529 adstat-ae
1558 2498 1660 2522 honore}
1668 2505 1679 2523 .·

1001 2575 1020 2605 i.
1036 2585 1059 2605 e⁴
1086 2578 1108 2593 ‘⁴
1124 2586 1234 2605 auram
1251 2573 1493 2614 pulchritudinis
1507 2572 1726 2604 nitidissimam

1003 2629 1025 2644 “
1043 2626 1211 2666 spiraverat
1226 2626 1259 2656 in
1286 2625 1441 2657 mltum.’'
1487 2625 1547 2655 Rei
1570 2629 1664 2664 caput
1686 2633 1727 2654 ne

1001 2687 1056 2716 per
1070 2677 1218 2708 nebulam
1234 2677 1361 2718 quid'cm
1385 2676 1486 2707 videre
1511 2674 1610 2716 quivit
1636 2673 1724 2713 Hey-

1001 2729 1084 2767 nius;
1101 2730 1159 2759 hoc
1174 2729 1303 2759 nomine
1317 2735 1422 2759 tamen
1441 2726 1528 2757 valde
1538 2724 1733 2763 laudandus,

1001 2779 1083 2819 quod
1110 2789 1174 2810 non
1198 2779 1332 2817 silentio,
1359 2784 1542 2809 caeterorum
1567 2775 1606 2806 ad
1629 2775 1726 2807 instar

1001 2830 1214 2871 interpretum,
1243 2829 1451 2872 ignorantiam
1479 2827 1726 2859 dissimulaverit.

1001 2881 1049 2911 Te
1069 2882 1182 2913 confer
1208 2881 1248 2913 ad
1271 2890 1396 2912 carmen
1420 2880 1459 2911 de
1486 2879 1647 2918 Phoenice,
1664 2887 1726 2909 vera

1000 2935 1050 2962 44.

976 2993 999 3019 5
