1926 3224
292 215 382 255 148

791 209 852 256 T.
889 207 1266 257 LUCRETII

427 340 564 381 Floret
583 352 708 392 equus
714 354 728 386 3
759 351 862 390 puer
881 336 993 378 haud
1011 337 1071 378 ita
1089 336 1311 392 quaquam:
1343 352 1451 392 saepe
1469 339 1592 382 etiam
1611 355 1721 384 nunc

430 413 569 454 Ubera
590 424 862 451 mammarum
882 410 1080 451 insomnis
1099 410 1291 452 lactantia
1309 419 1477 466 quaeret.

428 485 541 534 Post,
564 484 635 525 ubi
655 499 806 540 equum
826 484 971 526 validae
992 485 1112 535 vires,
1134 493 1255 526 aetate
1275 485 1452 536 senecta,

312 564 393 599 885
426 558 698 614 Membraque
719 558 930 609 deficiunt,
954 558 1125 616 fugienti
1144 559 1339 616 languida
1359 560 1460 610 vitiu

423 633 535 675 Tum
555 633 738 684 demum,
756 628 904 689 ¹puerili
924 649 1014 675 aevo
1032 634 1219 685 florente,
1234 634 1424 689 juventas

279 789 505 830 portunissime‚
528 788 661 819 librariis
683 794 799 819 temere
814 788 882 819 loco
897 788 1003 819 detur-

279 844 400 879 batum,
426 841 499 881 quia
527 840 710 870 divisionem
734 840 818 870 vocis
842 842 1004 881 haudqua-

278 905 370 933 quam
394 892 590 922 inscitissime
612 891 1002 932 indignarentur.-—Deni.

276 955 350 985 que,
371 946 463 974 etiam
489 955 573 974 nunc
600 943 758 973 invenitur
781 944 814 973 in
840 944 935 974 Vind.
963 944 1001 975 V.

276 995 324 1026 ed.
341 996 376 1025 L.
394 996 442 1025 M.
459 995 500 1025 Ο.
524 1000 558 1025 Δ.
575 1001 616 1025 n.
637 995 803 1026 n.-Pius
824 1001 930 1026 autem
952 1006 1001 1026 so·

275 1047 336 1083 lus,
350 1049 443 1078 etiam
459 1053 543 1078 tunc.

320 1109 393 1139 Ver.
408 1111 480 1139 885.
503 1119 725 1139 mammarum.-
752 1108 793 1138 V.
809 1107 858 1140 ed.
879 1111 912 1139 in
930 1110 999 1139 ani-

276 1170 413 1196 marum;
440 1166 480 1190 Π.
496 1163 530 1190 Σ.
554 1162 751 1196 animm-um,-
773 1159 812 1190 de
826 1159 923 1190 solitis
938 1159 999 1189 uti-

273 1221 336 1252 que
358 1210 593 1241 confusionibus
614 1210 711 1240 literae
732 1223 774 1248 m,
797 1217 828 1241 et
849 1212 896 1248 z'n,
914 1213 1002 1241 ni.—

273 1265 442 1295 lactantia:
468 1264 504 1293 L.
523 1264 570 1294 M.
593 1270 637 1294 Ω.
663 1264 821 1300 laetantia;
846 1277 888 1304 erqo
912 1276 940 1301 c,
966 1269 1003 1294 ut

274 1314 467 1354 saepiuscule‚
483 1314 517 1343 in
532 1325 548 1344 e
563 1314 727 1353 migrante.
764 1314 837 1344 Non
853 1316 1000 1355 equidem

272 1369 381 1406 probo,
411 1376 470 1396 nec
498 1365 689 1405 simplicitati
719 1371 833 1394 nostrae
858 1366 1001 1397 lectionis

274 1418 341 1448 ullo
355 1418 450 1448 modo
465 1415 719 1457 aequiparandum
729 1422 849 1454 putem,
858 1418 1000 1456 quamvis

272 1468 306 1500 id
322 1469 452 1499 Vossius
474 1467 644 1507 praetulerit
665 1467 698 1496 in
722 1467 803 1496 notis
825 1467 865 1497 ad
890 1467 998 1498 Catul-

272 1520 352 1557 lum,
369 1531 397 1559 p.
415 1523 484 1549 254.
507 1518 652 1549 editionis
667 1529 740 1554 suae,
759 1524 790 1548 et
805 1519 998 1550 Havercam-

274 1583 334 1611 pus
349 1571 497 1611 receperit
519 1571 551 1601 in
574 1577 764 1601 contextum.
812 1572 1000 1602 Committas

275 1629 383 1653 autem
405 1622 498 1653 velim
521 1623 540 1652 i.
566 1626 638 1653 260.
661 1626 733 1654 886.
755 1622 786 1653 ii.
802 1626 874 1654 570.
908 1622 998 1663 Virg.

274 1684 341 1714 geo.
358 1674 391 1704 ii.
410 1677 481 1705 524.
514 1673 581 1704 Nec
603 1673 744 1704 dubitem
766 1674 878 1704 dixisse
895 1675 995 1705 Naso·

273 1734 347 1754 nem
362 1724 458 1754 nostri
477 1734 658 1759 memorem,
674 1724 714 1754 ad
729 1730 802 1754 met.
817 1725 854 1755 vi.
869 1728 942 1756 542.

331 1798 468 1828 uberaque
479 1798 617 1823 ebiberant
628 1798 700 1822 avidi
711 1798 834 1823 lactantia
841 1798 907 1823 nati.

277 1866 327 1897 Ac
341 1866 484 1897 similiter
499 1866 583 1896 idem
599 1866 671 1896 ibid.
687 1867 737 1896 vii.
751 1870 826 1897 521.

303 1939 474 1971 Lascivitque
483 1939 560 1972 fuga,
571 1939 746 1970 lactantiaque
757 1939 833 1964 ubera
845 1940 953 1971 quaerit.

275 2010 415 2041 Accedat
446 2011 579 2042 Serenus
611 2012 806 2049 Samonicus,
845 2012 884 2042 de
915 2012 996 2043 med.

271 2065 344 2094 549.
361 2073 454 2103 quem
469 2069 500 2093 et
511 2063 582 2093 alibi
592 2063 853 2102 deprehendimus
861 2065 996 2096 Lucretii

272 2113 408 2153 vestigiis
424 2113 588 2154 diligenter
602 2114 809 2146 insistentem:

335 2189 416 2214 Ubera
427 2189 545 2215 fecundo
556 2190 634 2215 valde
644 2190 767 2216 Iactantia
775 2198 880 2216 suco—.

272 2262 447 2295 —quaerett
474 2255 511 2286 P.
534 2258 659 2296 quaeric;
683 2262 719 2287 ut
743 2257 886 2298 vulgares
909 2257 994 2296 editi,

271 2312 380 2337 contra
395 2307 512 2347 reliqua
526 2308 645 2346 omnia,
666 2308 698 2337 ni
714 2307 867 2346 fallimur,
890 2318 994 2338 exem·

270 2356 597 2397 plaria—Caeterum,
619 2358 763 2397 editores,
785 2359 877 2390 libros
898 2360 995 2390 secuti

271 2409 346 2439 satis
375 2409 515 2446 fideliter,
546 2410 656 2441 divisas
677 2421 767 2441 voces
788 2411 995 2441 exhibuerunt

272 2462 307 2490 in
317 2464 443 2497 somnis;
463 2463 568 2493 nescio
579 2462 619 2493 de
628 2473 690 2504 quo
701 2473 794 2493 sensu
804 2464 996 2494 somniantes

272 2510 340 2550 ipsi.
378 2512 512 2553 Nempe,
526 2516 671 2545 insomnis
686 2515 736 2545 hic
751 2515 833 2545 valet
848 2514 993 2553 difficilis,

271 2566 433 2603 querulu5;
457 2565 538 2596 sicut
567 2577 632 2597 esse
661 2566 739 2597 solet
767 2567 995 2598 somniculosus

271 2626 358 2656 puer.
375 2618 512 2657 Persius,
528 2620 572 2651 iii.
591 2623 638 2651 18.

500 2697 582 2722 iratus
592 2705 722 2724 mamma:
734 2699 823 2723 lallare
835 2705 946 2724 recusas.

275 2756 336 2787 Sed
351 2761 500 2792 uberioris
514 2764 729 2803 explicationis
744 2775 808 2795 non
823 2770 894 2805 eget
904 2774 959 2795 res.

315 2809 398 2842 Ibid.
427 2814 527 2844 Ubera
551 2827 769 2848 mammarum:
796 2819 816 2849 i.
840 2828 865 2848 e.
896 2819 994 2851 snmus

271 2873 402 2899 μαστων,
425 2874 626 2898 mammarum
647 2871 790 2908 papillas.
837 2870 925 2901 Hinc
948 2880 994 2900 as-

1046 788 1194 819 senserim
1216 789 1314 820 doctis
1338 790 1418 826 viris,
1447 791 1502 831 qui
1523 792 1564 822 ad
1586 792 1767 824 Minucium

1047 839 1195 878 Felicem,
1218 846 1290 871 sect.
1321 844 1370 871 21.
1404 844 1424 859 “
1442 841 1548 873 Diana
1574 843 1699 874 interim
1722 850 1769 876 est

1047 895 1070 910 ‘⁸
1086 891 1146 922 alte
1176 892 1332 923 succincta
1360 894 1513 933 venatrix,
1551 901 1582 926 et
1618 896 1767 936 Ephesia,

1046 945 1068 960 “
1083 945 1223 974 mammis
1232 943 1340 974 multis
1350 951 1380 974 et
1389 946 1527 976 uberibus
1536 947 1768 978 exstructa—:”

1044 1004 1101 1033 pro
1115 994 1223 1024 vitioso
1237 997 1354 1025 veribus
1369 996 1577 1034 reposuerint:
1601 997 1661 1028 nisi
1678 998 1768 1029 malis

1043 1044 1122 1074 illud
1136 1051 1165 1075 et
1179 1044 1357 1082 inductum,
1366 1051 1458 1085 atque
1466 1048 1606 1078 mammis
1616 1049 1768 1088 uberibus,

1043 1105 1100 1134 pro
1108 1096 1210 1134 plenis
1224 1095 1434 1136 distentisque‚
1450 1106 1566 1136 capere.

1086 1153 1161 1184 Ver.
1187 1157 1260 1184 886.
1276 1155 1412 1193 puerili:
1449 1154 1486 1184 P.
1504 1158 1625 1195 puer-iu
1649 1157 1703 1198 qui
1725 1157 1768 1190 sic

1044 1205 1152 1244 procul
1167 1204 1263 1236 dubio
1277 1205 1371 1236 tacite
1386 1207 1519 1237 correxit
1528 1217 1566 1237 ex
1579 1208 1768 1249 conjectum-i:

1044 1257 1096 1287 cui
1111 1257 1276 1288 temeritati
1305 1258 1445 1288 socordia
1467 1258 1622 1290 editorum
1637 1261 1769 1300 turpiter

1043 1309 1275 1347 obsecundavit,
1302 1309 1388 1339 libris
1413 1309 1566 1340 universis
1579 1310 1768 1342 adversanti·

1042 1360 1294 1400 bus—florente:
1314 1361 1411 1391 Vind.
1428 1362 1468 1391 V.
1483 1361 1531 1392 ed.
1535 1363 1684 1402 florenta.
1707 1364 1767 1394 Fa-

1043 1409 1104 1439 cile
1129 1410 1264 1445 credam,
1290 1411 1461 1441 dictionem
1487 1413 1693 1453 antiquarium
1714 1425 1770 1455 per

1043 1459 1273 1490 indoctissimos
1294 1461 1407 1491 scribas
1421 1461 1568 1494 Lucretio
1587 1463 1770 1505 deperiisse;

1031 1513 1152 1551 floram
1167 1511 1294 1547 scilicet,
1309 1523 1370 1544 sese
1385 1515 1517 1545 induens
1527 1516 1697 1556 infler-em.-
1713 1516 1770 1549 ad-

1042 1564 1104 1594 huc
1118 1571 1315 1604 superantem
1331 1566 1364 1596 in
1379 1567 1557 1606 compositis
1571 1574 1692 1608 tamem
1714 1572 1767 1601 de-

1030 1617 1116 1655 floro
1132 1616 1291 1653 nimirum,
1301 1619 1712 1660 JWoefloroque.-7juventas:
1731 1625 1766 1652 Δ.

1030 1667 1187 1707 juventus.

1082 1730 1156 1760 Ver.
1174 1733 1245 1761 887.
1273 1732 1397 1774 Obficit:
1416 1732 1436 1762 i.
1456 1743 1482 1763 e.
1498 1732 1675 1772 intervenit,
1688 1744 1766 1774 pue-

1039 1780 1096 1810 rile
1111 1780 1227 1811 scilicet
1242 1792 1344 1812 aevum
1359 1788 1452 1823 atque
1466 1790 1623 1815 senectam
1633 1790 1766 1822 aetatem,

1040 1832 1074 1861 in
1089 1842 1150 1862 ver.
1166 1836 1238 1863 488.
1283 1833 1372 1863 Nihil
1387 1834 1547 1875 liquidius,
1574 1835 1766 1877 faciliusque.

1043 1884 1164 1922 Cicero,
1195 1883 1291 1915 Tusc.
1323 1884 1420 1925 dispp.
1450 1896 1480 1916 v.
1507 1889 1557 1917 52.
1591 1890 1614 1905 “
1631 1890 1677 1918 At
1694 1897 1768 1919 vero

1043 1939 1064 1954 “
1081 1936 1243 1976 Diogenes
1257 1936 1398 1974 liberius,
1420 1942 1456 1967 ut
1471 1938 1608 1978 cynicus,
1625 1939 1765 1969 Alexan-

1042 1991 1064 2008 “
1080 1987 1137 2017 dro
1147 1988 1282 2028 roganti,
1298 1994 1334 2018 ut
1348 1988 1472 2025 diceret,
1483 1989 1508 2018 si
1523 1989 1599 2030 quid
1613 1990 1671 2021 sibi
1686 2000 1766 2030 opus

1043 2044 1065 2059 “
1080 2048 1170 2080 esset,
1195 2043 1290 2074 Nunc
1307 2043 1435 2083 quidem
1449 2043 1638 2082 paullulum,
1652 2043 1766 2085 inquit,

1041 2097 1064 2113 ‘⁶
1079 2104 1098 2124 a
1123 2094 1196 2125 sole.
1247 2094 1390 2136 Qffecercn
1413 2095 1556 2126 videlicet
1573 2096 1764 2135 apricanti:”

1040 2145 1060 2176 i.
1079 2157 1104 2177 e.
1128 2157 1160 2178 se
1175 2149 1256 2178 inter
1270 2158 1344 2178 eum
1359 2158 1395 2178 ac
1409 2147 1507 2178 solem
1517 2155 1674 2188 posuerat.
1714 2148 1766 2179 Sic

1040 2203 1144 2228 noster
1157 2197 1252 2228 modo
1267 2198 1416 2238 superius,
1428 2209 1489 2229 ver.
1506 2201 1578 2230 717.
1593 2204 1625 2229 et
1635 2198 1689 2229 alii
1700 2209 1764 2229 non

1040 2259 1117 2280 raro.
1164 2250 1272 2280 Potest
1292 2250 1388 2289 idem,
1411 2250 1495 2291 quod
1518 2252 1648 2281 verbum
1667 2251 1746 2281 obsto
1752 2266 1763 2288 ,-

1038 2301 1123 2331 unde
1138 2312 1320 2341 responsum
1333 2301 1488 2343 Diogenis
1498 2301 1645 2333 Valerius
1657 2302 1762 2333 Maxi-

1038 2362 1110 2382 mus
1131 2352 1174 2382 sic
1194 2352 1318 2390 extulit,
1341 2353 1380 2383 iv.
1402 2356 1431 2383 5.
1453 2352 1574 2383 fin.—“
1591 2353 1724 2384 Interim
1745 2364 1765 2384 a

1039 2406 1061 2421 ‘⁶
1077 2402 1140 2433 sole
1156 2404 1234 2433 mihi
1250 2403 1344 2434 velim
1366 2414 1431 2434 non
1452 2403 1579 2435 obstes.’‘
1625 2403 1762 2442 Tullius,

1038 2465 1093 2494 pro
1121 2456 1150 2486 S.
1183 2455 1308 2494 Roscio,
1328 2462 1402 2486 sect.
1428 2459 1524 2487 2.—“
1541 2455 1763 2496 quoniam—ei

1039 2510 1062 2524 “
1078 2507 1219 2546 pecuniae
1234 2507 1296 2537 vita
1319 2507 1389 2538 Sex.
1406 2507 1512 2538 Roscii
1535 2509 1650 2538 obstare
1670 2512 1762 2547 atque

1039 2562 1061 2577 “
1076 2559 1193 2599 officere
1209 2559 1388 2590 videatur:'’
1411 2560 1431 2590 i.
1445 2569 1472 2590 e.
1494 2558 1666 2598 interponi:
1691 2567 1761 2598 quae

1038 2614 1130 2643 verba
1144 2614 1308 2645 Lucretius
1321 2624 1446 2654 quoque
1460 2613 1656 2649 consociavit,
1678 2612 1719 2643 ad
1740 2612 1759 2643 i.

1037 2667 1109 2694 558.
1125 2665 1157 2695 ii.
1174 2667 1244 2696 783.
1282 2666 1456 2704 Nimirum,
1469 2666 1502 2696 in
1517 2665 1578 2696 Pio
1593 2669 1624 2694 et
1636 2663 1762 2705 reliquis

1038 2715 1216 2754 editoribus,
1240 2717 1389 2757 scriptum
1418 2722 1464 2748 est
1489 2717 1622 2756 Occipit;
1654 2721 1762 2746 contra

1038 2768 1189 2798 unanime
1204 2779 1240 2799 ac
1251 2767 1533 2799 luculentissimum
1545 2766 1762 2797 testimonium

1039 2822 1292 2852 membranarum
1312 2821 1464 2856 omnium,
1486 2826 1517 2850 et
1538 2820 1762 2859 impressorum

1040 2875 1282 2906 veterrimorum.
1313 2873 1405 2906 Adeo
1420 2873 1499 2905 nihil
1513 2874 1601 2913 pensi
1616 2872 1678 2904 fuit
1692 2882 1758 2903 cor-
