1926 3224
599 254 834 304 LIBER
883 251 1241 312 QUINTUS.

152 391 262 429 1235

1544 255 1634 294 201

349 387 556 444 Denique,
590 387 667 430 sub
686 387 859 444 pedibus
879 387 993 429 tellus
1013 400 1139 442 quom
1158 391 1244 425 tota
1263 379 1434 431 vacillat,

293 461 594 518 Concussaeque
614 462 766 504 cadunt
786 462 921 511 urbes,
953 460 1171 514 dubiaeque
1190 458 1418 505 minantum

290 535 406 584 Quid
425 537 590 585 mirum,
623 536 655 576 si
675 551 717 576 se
737 542 927 576 temnunt
946 532 1134 573 mortalia
1153 531 1272 581 secla,

287 610 426 665 Atque
444 616 662 664 potestates
682 621 852 664 magnas
871 606 1076 660 mirasque
1096 604 1331 658 relinquunt

288 683 338 724 In
358 682 478 722 rebus
499 681 616 722 vireis
636 679 791 731 divom,
823 694 916 736 quae
937 686 1085 720 cuncta
1103 677 1359 735 gubernent?

149 760 254 798 1240

343 754 470 804 Quod
483 769 604 809 super
619 761 693 804 est,
710 768 766 794 aes
781 761 903 809 atque
915 767 1063 795 aurum
1077 749 1312 806 ferrumque
1331 756 1537 806 repertum
1558 756 1632 800 est,

284 827 340 870 Et
360 828 478 870 simul
496 829 656 886 argenti
682 828 860 884 pondus,
888 826 1131 884 vplumbique
1150 833 1343 882 potestas,

181 985 262 1017 Ibid.
284 987 338 1018 sub
357 987 486 1026 pedibus
507 988 595 1018 tellus
608 988 741 1018 vacillat.
788 987 862 1017 Non

137 1037 259 1070 alienus
273 1044 319 1069 est
333 1038 499 1079 Virgilius,
515 1039 589 1069 AEn.
605 1038 644 1069 vi.
659 1042 731 1070 255.

169 1119 219 1145 Sub
232 1119 337 1164 peditius
355 1120 460 1152 mugire
477 1120 567 1151 solum,
585 1123 612 1146 et
629 1121 693 1153 juga
707 1125 799 1153 coepta
810 1128 860 1146 mo-

245 1167 377 1184 ven—-

180 1223 260 1254 Ibid.
283 1229 353 1254 tota.
390 1223 536 1264 Cogitare
557 1229 678 1264 poteras
698 1223 738 1254 de
759 1230 837 1255 mota
848 1239 859 1260 ,-

136 1275 206 1306 vide
223 1274 312 1314 Virg.
340 1284 407 1314 geo.
438 1275 457 1305 i.
487 1279 560 1307 529.
596 1275 687 1306 Ovid.
712 1281 786 1306 met.
813 1270 860 1306 xv.

137 1328 209 1358 798.
231 1331 262 1356 et
279 1325 445 1361 Arnobius,
469 1325 520 1356 lib.
541 1326 583 1356 iii.
606 1337 635 1365 p.
656 1329 792 1356 118.—“
807 1336 861 1355 rex

136 1379 158 1395 ‘⁴
176 1378 408 1407 —tremehundz'
433 1383 561 1407 motator
588 1376 676 1407 sali.'‘
723 1376 784 1407 Sed
811 1387 859 1406 re-

136 1433 258 1466 ceptam
269 1422 429 1467 'Virgilius
443 1427 609 1458 lectionem
624 1427 744 1458 videtur
759 1427 858 1457 vindi·

135 1487 217 1516 care,
235 1478 309 1508 AEn.
324 1478 367 1508 iii.
384 1481 454 1509 581.

153 1561 196 1590 Et,
208 1559 304 1586 fessum
316 1561 420 1592 quoties
431 1564 519 1586 mutet
531 1561 610 1591 latus,
621 1561 753 1586 intremere
762 1567 859 1585 omnem

144 1600 289 1630 Murmure
299 1599 538 1626 Trinacriam—.

179 1668 252 1700 Ver.
271 1673 361 1700 1256.
383 1671 550 1710 ιΙιιὸιίιηαε.
593 1671 690 1711 Lege,
714 1670 859 1701 dubiaeve.

634 1731 682 1760 BE
689 1739 711 1760 N
718 1740 827 1762 TLmu
835 1740 859 1760 s.

134 1792 178 1823 Et
200 1791 244 1822 ita
271 1790 385 1831 passim
411 1790 508 1821 critici
537 1790 648 1821 volunt
676 1790 858 1828 immutare;

135 1843 248 1883 saepius
268 1843 433 1873 infeliciter
455 1849 485 1873 et
507 1843 574 1873 sine
595 1841 714 1880 caussa,
740 1847 776 1872 ut
801 1842 859 1871 hoc

135 1901 274 1934 tempore
288 1894 335 1924 vir
356 1894 522 1926 maximus.
571 1894 620 1924 Sic
633 1894 721 1924 locus
743 1899 789 1924 est
809 1893 859 1923 in-

134 1952 222 1986 teger
250 1945 486 1986 concipiendus:
523 1949 546 1964 “
563 1946 606 1975 Et
634 1946 728 1975 urbes
759 1943 858 1986 (aliae)

131 1999 158 2015 ⁴‘
174 2006 331 2027 concussae
345 1997 472 2035 cadunt,
498 2003 528 2027 et
549 1996 648 2038 (aliae)
674 1996 777 2027 dubiae
796 1995 858 2025 mi-

134 2050 157 2066 “
172 2047 318 2078 nantur.”
363 2048 436 2084 Vel,
458 2051 481 2066 “
497 2048 619 2078 Eadem
633 2049 706 2078 urbs
721 2057 759 2077 ex
774 2052 860 2087 parte

126 2102 158 2118 ·“
175 2099 319 2136 concidit,
342 2105 373 2130 et
388 2109 424 2130 ex
441 2106 526 2138 parte
544 2109 651 2129 casum
665 2098 858 2129 minitatur.‘'

133 2150 271 2180 Lucretii
286 2158 426 2182 mentem
449 2152 492 2182 sic
510 2152 669 2182 Arnobius
691 2161 858 2191 repraesen-

133 2206 188 2236 tat,
210 2201 264 2232 lib.
281 2202 302 2232 i.
333 2213 362 2242 p.
378 2207 407 2234 4.
430 2207 452 2222 “
470 2204 642 2234 Terrarum
665 2202 862 2233 validissimis

135 2254 158 2269 “
174 2252 309 2282 motibus
329 2254 527 2292 tremefactae‚
568 2260 681 2285 nutant
702 2264 800 2294 usque
821 2254 861 2284 ad

132 2304 155 2320 “
171 2303 344 2342 periculum
359 2306 525 2338 civitates.''

178 2362 260 2393 Ibid.
299 2366 458 2397 Concussae
491 2368 587 2398 urbes.
633 2367 674 2396 In
711 2365 860 2397 translato

134 2423 226 2445 sensu
243 2415 450 2455 Mantuanus,
470 2418 546 2448 AEn.
560 2417 599 2448 iv.
614 2421 687 2448 666.

266 2495 409 2513 concussam
419 2490 566 2515 bacchatur
576 2489 650 2515 fama
660 2496 707 2522 per
717 2488 812 2514 urbem.

179 2560 253 2591 Ver.
272 2564 363 2592 1257.
385 2564 515 2594 mirum:
550 2569 590 2593 Π.
613 2562 698 2593 deest
706 2574 716 2600 ;
738 2562 777 2593 Ο.
799 2564 857 2593 mi-

131 2618 223 2648 2·unt;
246 2613 330 2652 quod
346 2614 507 2653 provenire
522 2614 658 2654 potuerit
679 2623 718 2643 ex
738 2615 858 2650 mir-ast,

132 2673 188 2702 pro
204 2666 316 2695 mirum
331 2673 374 2696 est
379 2682 391 2704 ,-
415 2666 467 2696 sed
483 2677 617 2697 errorem
631 2666 734 2705 potius
754 2665 858 2705 impu-

133 2720 197 2746 tem
222 2727 297 2748 sane
324 2719 544 2758 permutationi
575 2719 801 2749 elementorum
827 2729 856 2748 m

133 2773 164 2798 et
178 2775 221 2799 nt.

175 2829 252 2860 Ver.
271 2833 362 2861 1258.
383 2837 562 2871 potestates.-
588 2831 624 2862 P.
640 2831 681 2862 V.
696 2830 743 2862 ed.
761 2835 795 2861 Δ.
813 2837 857 2862 Ω.

127 2883 292 2920 potestatis.

179 2940 252 2973 Ver.
271 2944 364 2975 1259.
391 2945 490 2979 vireis,
514 2942 562 2973 vel
578 2944 669 2974 viris:
695 2942 735 2972 V.
751 2941 800 2973 ed.
826 2946 860 2972 Δ·

895 986 1000 1025 juris,·
1025 984 1140 1015 eisdem
1165 993 1237 1014 cum
1261 981 1396 1023 vestigiis
1419 981 1633 1011 literarum.—

901 1039 1086 1077 gubernenc:
1114 1041 1149 1066 Δ.
1168 1041 1209 1066 n.
1226 1036 1409 1074 gubernant.

947 1088 1021 1118 Ver.
1040 1090 1132 1117 1240.
1153 1097 1194 1117 oes
1211 1091 1318 1126 atque:
1344 1084 1441 1115 vind.
1458 1090 1547 1123 atque
1554 1099 1564 1119 ,-
1590 1083 1629 1121 V,

904 1138 950 1169 ed.
965 1139 999 1169 L.
1019 1138 1068 1168 M.
1086 1137 1126 1168 Ο.
1143 1143 1179 1168 Δ.
1200 1143 1240 1167 Π.
1254 1147 1355 1176 εεᾳιιε;
1384 1140 1418 1166 Σ.
1439 1141 1483 1165 Ω.
1499 1145 1581 1173 eque.

945 1191 1019 1222 Ver.
1040 1194 1130 1222 1241.
1157 1190 1217 1221 Vir
1242 1189 1387 1229 egregius
1417 1193 1447 1217 et
1475 1186 1633 1226 eleganter

903 1242 1055 1281 eruditus,
1066 1242 1089 1273 J
1091 1240 1212 1272 ortinus
1226 1245 1355 1275 nostras,
1371 1238 1477 1269 locum
1492 1237 1535 1267 sic
1547 1247 1632 1268 com-

903 1296 1028 1327 modius
1040 1294 1222 1335 interpungi
1237 1303 1328 1333 posse
1342 1290 1543 1323 existimavit:

920 1370 951 1394 Et
964 1368 1042 1393 simul
1053 1368 1159 1400 argenti
1168 1367 1283 1399 pondus,
1295 1365 1463 1398 plumbique,
1475 1366 1593 1396 potestas

920 1409 990 1441 Ignis
1000 1408 1121 1433 ubi—z

902 1483 961 1502 nos
974 1471 1102 1501 mittens
1123 1470 1164 1500 ad
1179 1470 1269 1510 Virg.
1284 1479 1352 1510 geo.
1375 1469 1396 1500 i.
1412 1473 1461 1501 92.
1487 1469 1562 1499 AEn.
1580 1467 1632 1498 xii.

901 1523 1158 1563 ,wa—Egomet
1171 1521 1244 1552 huic
1267 1521 1337 1551 crisi
1358 1521 1548 1551 subscribere
1565 1529 1630 1549 non

900 1585 1044 1615 possum3
1067 1580 1132 1604 tam
1147 1573 1231 1614 quod
1246 1573 1370 1603 numeri
1389 1572 1536 1602 carminis
1560 1570 1635 1601 hinc

902 1626 1095 1666 fiantvmagis
1105 1624 1296 1662 inconcinni,
1307 1634 1403 1664 quam
1414 1623 1498 1664 quod
1510 1624 1632 1662 plumbi

903 1683 1031 1716 potestas
1041 1675 1165 1716 optime
1179 1675 1344 1705 conveniat
1359 1688 1400 1714 τῳ
1415 1675 1538 1714 argenti
1552 1685 1630 1714 pon-

901 1732 970 1767 dus,
994 1735 1026 1758 et
1039 1728 1079 1757 sit
1092 1727 1210 1767 phrasis
1224 1726 1426 1765 lepidissima,
1449 1731 1543 1766 atque
1557 1725 1632 1764 po'e'-

903 1780 963 1810 tice
992 1779 1134 1819 figurata,
1144 1795 1146 1797 >
1158 1788 1215 1817 pro
1239 1779 1397 1817 plumbum
1421 1782 1545 1815 pocens;
1580 1775 1633 1805 cui

902 1830 1018 1861 scilicet
1043 1831 1083 1860 ob
1102 1831 1235 1869 pondus,
1260 1833 1291 1857 et
1312 1833 1506 1864 momentum,
1531 1826 1634 1856 multa

902 1883 948 1912 vis
962 1882 1043 1912 inest
1064 1886 1158 1921 atque
1179 1878 1324 1910 efficacia.
1369 1878 1520 1908 Lucanus
1535 1887 1632 1916 appo-

903 1933 980 1964 situs
994 1937 1049 1968 est,
1065 1931 1105 1962 ad
1121 1931 1164 1961 iii.
1182 1933 1254 1962 711.

1065 2004 1141 2030 solido
1151 2004 1232 2036 fregit
1243 2010 1309 2028 cava
1320 2005 1444 2035 tempora
1459 2001 1570 2034 plumbo.

901 2070 1045 2100 -Dixisset
1058 2068 1209 2099 nimirum
1226 2067 1317 2106 po'eta
1333 2067 1478 2096 Graecus:

1213 2156 1290 2165 —-—
1301 2141 1398 2177 μολιζε
1411 2151 1521 2178 xpm-repr)
1534 2152 1554 2170 ις
1563 2153 1572 2171 ,·

904 2227 939 2252 ut
956 2220 1100 2258 Ovidius,
1116 2224 1190 2250 met.
1204 2219 1246 2248 xi.
1266 2221 1334 2248 142.
1356 2219 1400 2249 vis
1415 2228 1520 2248 aurea.
1546 2217 1632 2248 Con-

904 2273 985 2303 feras
1009 2271 1105 2301 etiam
1126 2276 1268 2300 nostrum
1295 2278 1398 2307 supra,
1425 2278 1488 2298 ver.
1507 2270 1580 2299 878.
1602 2272 1634 2298 et

904 2334 989 2361 mox,
1004 2333 1079 2353 verr.
1098 2326 1190 2353 1270.
1207 2323 1299 2352 1285.
1323 2320 1357 2350 in
1372 2321 1431 2349 hoc
1446 2319 1534 2350 libro.

944 2385 1019 2415 Ver.
1036 2387 1129 2414 1242.
1151 2384 1302 2422 ingenteis
1325 2383 1441 2421 sylvas:
1466 2385 1503 2410 ut
1525 2382 1633 2420 ingens

899 2438 996 2477 sylva,
1023 2436 1098 2465 AEn.
1121 2433 1172 2464 vii.
1194 2436 1265 2464 676.
1290 2433 1333 2462 Et
1360 2431 1475 2471 dignus
1501 2435 1555 2466 est,
1578 2431 1634 2471 qui

900 2488 1101 2522 adscribatur,
1123 2495 1216 2525 super
1238 2486 1297 2514 hoc
1321 2487 1511 2523 argumento
1535 2481 1633 2514 Marii

901 2538 1038 2570 Victoris
1062 2537 1163 2575 locus,
1186 2537 1218 2566 in
1235 2546 1306 2576 gen.
1323 2533 1354 2564 ii.
1372 2537 1421 2565 98.
1445 2533 1484 2564 de
1506 2532 1575 2564 Ενΐι
1596 2539 1630 2563 et

905 2590 1040 2626 Adamo,
1057 2594 1230 2628 serpentem
1249 2585 1517 2630 persequentibus:

902 2675 995 2705 Dixin
1013 2677 1041 2700 et
1053 2674 1171 2706 elapsum
1184 2679 1263 2698 cursu
1275 2671 1409 2703 petrisque
1416 2673 1512 2696 secuta
1523 2672 1564 2695 est

900 2714 1050 2739 Missilibus:
1071 2714 1135 2744 quin
1146 2717 1174 2738 et
1185 2713 1265 2736 duras
1278 2718 1325 2742 per
1336 2711 1433 2735 robora
1443 2713 1546 2739 cautes,

900 2755 960 2784 Quo
971 2760 999 2778 se
1010 2752 1141 2784 reptando
1156 2751 1289 2776 condebat
1300 2749 1411 2774 callidus
1424 2748 1529 2780 anguis,

899 2793 987 2817 Ambo
999 2791 1159 2823 projiciunt3
1178 2796 1292 2820 quarum
1302 2788 1390 2821 rigido
1406 2795 1459 2813 una
1470 2787 1571 2813 lacerto

901 2836 931 2858 ln
943 2834 1046 2858 nudum
1057 2840 1119 2858 casu
1131 2833 1232 2857 silicem
1243 2831 1350 2856 dimissa
1363 2830 1485 2860 resultat,

902 2873 1104 2903 scintillamque
1114 2872 1178 2901 ciet,
1190 2872 1261 2896 sicco
1273 2877 1334 2902 quae
1348 2878 1362 2895 e
1373 2870 1471 2895 fomite
1482 2872 1548 2894 nata

905 2912 997 2938 Exsilic
1008 2912 1035 2936 in
1046 2912 1184 2936 flammam
1195 2919 1203 2941 3
1221 2914 1259 2940 et,
1275 2910 1375 2934 crinita
1384 2908 1508 2934 incendia
1518 2908 1572 2932 late

906 2951 1071 2981 Extendens,
1088 2954 1165 2975 totam
1174 2951 1229 2982 jam
1247 2949 1347 2982 ‹ylvam
1358 2949 1468 2974 ardebat
1479 2947 1615 2979 adapta--

839 3002 904 3032 02
