1926 3224
331 234 420 274 184

816 225 876 271 T.
928 223 1306 271 LUCRETII

468 355 640 413 Ingenio
659 353 752 409 quei
771 351 1034 407 praestabant,
1055 358 1097 392 et
1115 350 1239 392 corde
1256 350 1459 412 vigebant.

525 427 715 469 Condere
734 434 946 481 coeperunt
966 424 1116 475 urbeis,
1138 437 1353 480 arcemque
1371 423 1506 466 locare

469 501 713 544 Praesidium
731 514 847 557 reges
866 498 966 553 ipsei
986 498 1077 548 sibi,
1097 496 1423 554 perfugiumque:

467 576 523 617 Et
541 574 732 631 pecudes,
753 581 794 615 et
813 587 932 630 agros
952 571 1137 621 divisere,
1158 579 1280 626 atque
1298 570 1468 621 dedere,

333 656 438 690 1110
469 650 554 691 Pro
572 648 674 690 facie
693 647 932 703 quoiusque,
955 653 994 686 et
1013 645 1180 694 viribus,
1203 644 1460 701 ingenioque.

468 723 579 764 Nam
597 722 716 763 facies
737 721 911 762 multum
930 719 1069 770 valuit,

1090 720 1275 774 viresque
1293 719 1499 775 vigebant:

470 797 676 838 Posterius
695 810 759 837 res
778 795 944 835 inventa
963 800 1038 844 est,
1064 807 1291 848 aurumque
1310 800 1532 847 repertum,

326 954 347 970 “
363 950 490 981 aet—P

535 950 662 981 Addam
679 950 838 986 Ovidium,
857 949 925 980 fast.
939 949 960 980 i.
976 951 1030 980 77.

337 1029 449 1054 Flamma
460 1029 548 1054 nitore
557 1036 604 1054 suo
614 1029 778 1061 templorum
789 1028 909 1054 verberat
919 1034 1013 1052 aurum
1023 1034 1030 1051 :

324 1106 398 1127 cum
420 1107 483 1138 quo
509 1097 668 1127 committe
691 1097 778 1137 Virg.
803 1097 877 1127 AEn.
905 1095 967 1125 viii.
994 1097 1043 1125 25.

289 1185 297 1192 Β
324 1147 482 1187 Hyginus,
499 1147 643 1188 denique,
670 1148 749 1187 po'et.
772 1153 884 1177 astron.
904 1147 923 1176 i.
947 1150 975 1176 8.
991 1145 1043 1174 fin.

325 1201 348 1216 “
365 1198 485 1238 Itaque,
501 1208 574 1228 cum
588 1198 633 1228 sol
648 1200 687 1228 ab
702 1209 740 1228 eo
754 1198 822 1228 loco
838 1199 970 1232 decessit,
986 1197 1042 1235 hy-

325 1251 347 1267 “
363 1259 432 1278 eme
447 1248 617 1279 necessario
632 1248 857 1285 conflictamur,
875 1247 957 1288 quod
968 1257 1041 1276 ven-

324 1304 346 1320 “
361 1306 429 1331 tum
445 1300 633 1330 exorientem
649 1309 713 1329 non
727 1301 890 1330 reverberat
900 1298 974 1329 sol.”
993 1297 1044 1327 Sic

323 1351 500 1391 legendum,
524 1361 580 1389 pro
602 1352 734 1380 discessit
740 1365 751 1385 ‚-
775 1349 836 1378 nisi
859 1355 973 1378 statuas
998 1348 1043 1377 lo-

323 1412 397 1433 cum
428 1402 531 1440 ipsum
560 1400 692 1430 statione
721 1400 837 1429 moveri
866 1410 988 1439 quoque
1011 1399 1044 1428 in

324 1453 509 1483 contrariam
525 1456 654 1490 partem,
677 1450 725 1480 vel
747 1450 844 1480 solem
866 1450 899 1479 in
915 1449 1043 1490 fragmi-

324 1515 366 1535 na
389 1503 552 1543 disjectum
578 1504 639 1532 huc
664 1501 738 1532 illuc
765 1501 945 1538 avolavisse3
972 1512 1045 1531 nam

323 1556 358 1586 in
372 1565 445 1585 voce
459 1557 578 1585 discedo
594 1553 758 1594 cujusdam
773 1556 972 1593 separationis
988 1564 1043 1582 no-

324 1607 377 1643 tio,
415 1617 472 1638 nec
503 1609 647 1639 obicionis
676 1613 812 1645 tantum,
849 1607 1045 1646 potissimum

323 1658 510 1690 dominatur.
537 1659 680 1697 Ovidius,
697 1659 772 1689 trist.
789 1659 809 1689 i.
823 1662 853 1689 5.
869 1661 898 1690 5.

339 1745 398 1776 Jam
409 1751 492 1776 prope
503 1744 552 1769 lux
563 1744 664 1774 aderat,
676 1744 728 1775 qua
740 1750 785 1768 me
795 1742 917 1767 discedere
928 1743 1019 1768 Caesar

386 1783 486 1808 Finibus
496 1788 630 1809 extremae
639 1784 750 1814 jusserat
761 1783 896 1809 Ausoniae.

324 1868 424 1909 Lego,
446 1871 603 1900 decedere:
629 1869 683 1900 sed
697 1870 763 1900 haec
779 1875 852 1900 sunt
865 1869 994 1899 infinita.

368 1920 449 1950 Ibid.
465 1927 540 1951 aestu
555 1922 642 1951 victa.
660 1921 780 1951 Pariter
795 1920 958 1961 Virgilius,
977 1931 1044 1960 geo.

326 1971 367 2002 iii.
384 1975 455 2003 560.
471 1971 523 2002 ubi
541 1971 643 2001 videas
659 1972 893 2002 Burmannum:

735 2068 784 2086 nec
795 2061 895 2087 viscera
905 2061 1044 2093 quisquam

357 2101 412 2124 Aut
423 2100 500 2124 undis
511 2100 615 2125 abolere
627 2104 727 2132 potest,
737 2104 784 2126 aut
796 2101 901 2126 vincere
904 2101 1023 2132 flammai.

369 2177 444 2207 Ver.
471 2179 560 2206 1104.
584 2177 617 2206 in
645 2178 774 2206 victum:
804 2176 841 2207 P.
864 2183 893 2207 et
919 2178 1046 2212 victum,-

327 2228 423 2260 Vind.
440 2233 474 2260 Σ.
496 2229 530 2257 Izi
544 2229 671 2262 πᾶσινηη
698 2228 752 2258 sed
775 2228 814 2258 de
830 2228 924 2259 Vind.
942 2228 1046 2259 codice

328 2279 455 2311 collator
480 2279 546 2318 ipse
570 2278 690 2309 viderit.
736 2279 780 2309 Et
806 2286 988 2311 commutare
1013 2283 1046 2311 in

327 2335 439 2364 victum
468 2330 586 2361 dictum
616 2336 670 2367 est,
708 2331 852 2371 exemplo
884 2331 1049 2363 locutionis

329 2393 479 2423 perquam
493 2381 634 2420 notabili,
657 2392 712 2420 pro
727 2389 909 2414 commutare
924 2385 1048 2422 victum,

328 2434 378 2464 vel
393 2436 426 2464 in
441 2436 539 2469 victum
567 2432 616 2463 vel
630 2435 810 2464 mutationes
831 2436 993 2474 importare
1015 2436 1048 2464 in

329 2492 451 2521 victum.
495 2489 734 2526 Havercampus
762 2487 895 2518 affirmat
922 2488 1048 2527 phrasin

330 2552 394 2572 esse
410 2541 599 2581 elegantem;
622 2549 679 2570 nec
695 2539 835 2569 dubitem
849 2549 936 2577 sane,
949 2549 1047 2580 quum

329 2592 494 2623 Lucretius
517 2590 665 2630 posuerit:
692 2590 745 2621 sed
767 2590 945 2630 exemplum
967 2590 1047 2621 desi-

330 2643 404 2674 dero
429 2642 612 2684 gemellum,
640 2652 697 2672 nec
721 2643 821 2673 habeo
842 2642 988 2683 equidem
1009 2642 1049 2672 ad

330 2703 450 2724 manus.

374 2744 447 2774 Ver.
465 2747 558 2775 1105.
573 2746 639 2785 igni
650 2758 660 2775 .·
679 2744 717 2775 P.
732 2746 816 2781 acris
844 2750 880 2775 ut
892 2744 997 2776 redeat
1010 2745 1050 2776 ad

331 2795 477 2833 Ingenio:
512 2795 595 2834 quod
623 2795 814 2826 emendatori
843 2806 908 2826 non
936 2795 1051 2826 dubius

331 2843 496 2882 imputem,
519 2845 570 2875 cui
584 2846 764 2884 displicebat
783 2847 902 2886 phrasis
922 2847 1050 2886 poetica,

331 2896 414 2926 novis
435 2896 521 2926 rebus
544 2902 571 2927 et
595 2899 684 2936 igni:
709 2898 730 2928 i.
755 2908 781 2929 e.
803 2908 857 2938 per
879 2899 986 2940 ignem
1011 2899 1052 2929 ad

1050 2961 1071 2988 ‘o'

1085 947 1160 978 alias
1175 953 1268 988 atque
1281 947 1358 977 alias
1372 957 1420 977 res
1430 946 1517 977 novis
1528 945 1747 986 experimentis
1755 945 1803 976 in·

1086 997 1152 1029 dies
1167 998 1339 1028 admotum.

1129 1058 1202 1087 Ver.
1218 1061 1309 1087 1107.
1325 1062 1492 1096 caeperunt:
1512 1056 1548 1086 P.
1565 1062 1716 1096 coeperunt
1731 1062 1805 1087 tum.

1085 1121 1285 1150 —arcemque
1298 1124 1308 1140 .·
1327 1111 1368 1140 V.
1383 1109 1430 1140 ed.
1445 1115 1614 1149 artemque,·
1639 1116 1680 1140 Π.
1700 1115 1805 1141 αντεπι.

1132 1162 1211 1193 Ibid.
1237 1164 1367 1193 Condere
1381 1163 1489 1193 urbeis.
1514 1162 1619 1200 Maro,
1636 1162 1710 1192 AEn.
1725 1161 1746 1192 i.
1762 1164 1791 1193 5.

1430 1244 1495 1268 dum
1509 1243 1622 1268 conderet
1632 1243 1758 1269 urbem—-

1130 1315 1202 1345 Ver.
1222 1319 1310 1346 1109.
1332 1321 1377 1345 el:
1404 1319 1438 1346 Σ.
1465 1317 1733 1355 atque—divisere
1757 1322 1806 1347 at·

1089 1377 1144 1406 que
1158 1368 1281 1397 dedere:
1307 1365 1398 1404 prisci
1419 1365 1507 1396 codd.
1531 1365 1594 1403 Pii,
1616 1368 1754 1398 diversim
1771 1374 1806 1398 ut

1086 1419 1222 1456 quisquis
1236 1418 1373 1452 kaberet,=
1401 1426 1566 1455 operarum
1580 1416 1668 1454 vitio,
1688 1423 1725 1447 ut
1738 1418 1805 1457 opi-

1087 1477 1156 1505 nor,
1170 1477 1225 1507 pro
1240 1466 1390 1506 scriptura
1407 1473 1452 1497 Ω..
1467 1466 1533 1497 cod.
1548 1469 1669 1498 divisim
1679 1473 1715 1498 ut
1723 1470 1806 1508 quis·

1087 1522 1154 1559 quis
1169 1520 1300 1550 liaberet:
1326 1518 1422 1549 Vind.
1438 1521 1641 1560 diviseratque
1664 1519 1698 1561 (i.
1713 1529 1741 1550 e.
1757 1521 1806 1550 di-

1088 1572 1163 1600 viser
1179 1569 1284 1610 atque)
1307 1571 1426 1604 debere‚·
1454 1569 1494 1600 V.
1517 1569 1564 1600 ed.
1583 1572 1806 1611 diviseruntque

1087 1622 1206 1657 debere‚·
1230 1632 1300 1661 quae
1315 1627 1389 1651 sunt
1404 1620 1574 1652 manifestae
1587 1621 1808 1652 vocabulorum

1088 1678 1281 1710 receptorum
1297 1671 1484 1711 corruptelae.

1128 1730 1204 1761 Ver.
1223 1734 1256 1761 ll
1268 1735 1314 1761 10.
1338 1731 1492 1772 Profacie
1506 1734 1671 1772 quoiusque
1689 1739 1718 1763 et
1732 1734 1807 1764 viri-

1086 1782 1147 1812 bus.
1194 1781 1247 1811 Ad
1263 1783 1342 1811 hanc
1367 1791 1433 1811 rem
1450 1781 1664 1812 illustrandam
1680 1782 1810 1821 pulchre

1089 1832 1210 1862 faciunt
1227 1832 1377 1863 Cur-tiana
1390 1832 1544 1872 quaedam,
1568 1832 1601 1862 in
1616 1843 1643 1862 v.
1658 1836 1687 1864 6.
1703 1837 1754 1865 29.
1768 1833 1809 1864 de

1089 1883 1270 1914 Alexandro
1287 1884 1421 1924 Magno:
1450 1887 1471 1902 “
1489 1883 1636 1915 Interrito
1650 1884 1739 1920 vultu
1759 1895 1808 1916 re-

1089 1938 1110 1953 “
1127 1945 1200 1974 gem
1236 1935 1406 1965 Thalestris
1441 1935 1630 1973 intuebatur,
1666 1936 1809 1967 habitum

1088 1989 1110 2004 “
1126 1986 1192 2026 ejus
1206 1986 1447 2026 haudquaquam
1463 1995 1566 2015 rerum
1582 1986 1674 2016 famae
1688 1996 1808 2026 parem,

1088 2040 1111 2055 ‘⁸
1127 2036 1225 2066 oculis
1251 2036 1450 2076 perlustrans:
1480 2036 1605 2076 quippe,
1628 2037 1810 2068 hominibus

1090 2091 1111 2106 “
1127 2088 1262 2119 barbaris
1276 2088 1308 2118 in
1324 2098 1489 2126 corporum
1504 2087 1663 2128 majestate
1677 2098 1805 2119 venera-

1090 2143 1112 2158 “
1128 2140 1171 2170 tio
1200 2146 1260 2177 est3
1298 2149 1547 2180 magnorumque
1583 2149 1713 2178 operum
1743 2150 1808 2171 non

1091 2194 1112 2209 “
1129 2191 1205 2221 alios
1220 2202 1344 2231 capaces
1359 2197 1478 2230 putant,
1494 2200 1589 2231 quam
1604 2201 1680 2231 quos
1695 2191 1810 2222 eximiii

1091 2246 1113 2261 “
1129 2243 1229 2282 specie
1244 2243 1358 2274 donare
1373 2250 1483 2274 natura
1494 2243 1622 2283 dignata
1634 2243 1708 2273 est.”
1723 2243 1808 2275 Nam

1079 2293 1168 2334 facie
1184 2294 1347 2325 Lucretius
1361 2295 1467 2330 utitur,
1491 2304 1554 2323 non
1569 2304 1600 2324 os
1622 2299 1754 2330 tantum,
1777 2299 1809 2325 et

1091 2347 1201 2383 oculos,
1224 2351 1254 2375 et
1265 2356 1372 2384 genas,
1388 2344 1471 2385 quod
1488 2344 1590 2374 Graeci
1606 2356 1746 2386 xpasuaeou
1760 2343 1808 2375 di-

1092 2403 1176 2433 cunt,
1200 2397 1350 2434 innuens;
1374 2397 1427 2427 sed
1449 2397 1583 2427 formam
1598 2406 1724 2426 omnem
1738 2406 1807 2426 mo-

1091 2447 1239 2489 dumque,
1269 2454 1300 2478 et
1323 2448 1409 2488 quasi
1434 2447 1598 2485 facturam,
1626 2447 1720 2477 totius
1740 2455 1806 2476 cor-

1091 2500 1183 2539 poris,
1205 2506 1242 2530 ut
1257 2500 1320 2534 ειδος
1337 2506 1382 2530 est
1399 2500 1590 2530 Graecorum.
1636 2499 1688 2529 sic
1706 2498 1807 2529 Pacu-

1092 2551 1159 2581 vIus
1181 2551 1214 2581 in
1231 2550 1342 2590 Niptra
1353 2551 1472 2592 faciem
1499 2549 1578 2581 dixit
1595 2559 1653 2590 pro
1675 2550 1808 2589 corporis

1090 2602 1300 2644 longitudine:

1497 2683 1581 2706 aetate
1590 2679 1705 2711 integra,

1184 2723 1276 2749 Feroci
1286 2723 1403 2755 ingenio,
1411 2721 1484 2754 facie
1490 2719 1606 2753 procera,
1616 2719 1715 2744 virum.

1094 2793 1205 2835 Neque
1218 2794 1307 2824 aliter
1322 2791 1494 2829 Sallustius,
1517 2796 1549 2821 et
1566 2789 1707 2828 Plautus3
1729 2800 1808 2831 quo-

1094 2859 1165 2880 rum
1179 2849 1262 2880 locos
1274 2847 1384 2878 malim
1397 2846 1535 2887 perlegas
1553 2845 1636 2886 apud
1654 2845 1806 2884 Gellium,

1093 2899 1156 2931 xiii.
1172 2903 1221 2932 29.
1241 2898 1325 2931 unde
1337 2897 1440 2938 priora
1453 2897 1670 2929 desumuntur.
1709 2896 1808 2935 Hinc,
