1926 3224
466 247 699 295 LIBER
747 246 1108 304 QUINTUS.

1541 252 1600 294 35

320 378 425 420 Illud
447 379 489 420 in
509 379 587 420 hiis
608 380 728 420 rebus
747 394 799 420 ne
820 380 1071 434 com-ipuisse
1091 377 1232 427 rearis,

263 452 456 493 Memmi!
491 453 603 508 quod
623 462 790 503 terram,
813 462 933 508 atque
955 454 1108 509 ignem,
1132 450 1321 492 mortalia
1340 450 1492 505 sumpsi

146 529 229 566 250
261 525 381 576 Esse;
404 541 535 581 neque
555 526 770 566 humorem
792 526 991 574 dubitavi,
1015 540 1229 581 aurasque,
1251 525 1404 580 perire3

259 601 398 655 Atque
417 599 559 639 eadem
578 598 710 653 gigni,
733 612 951 652 rursusque
971 612 1202 653 augescere,
1225 598 1330 639 dixi:

261 672 487 726 Principio,
509 686 603 725 pars
623 672 750 711 terrai
768 685 854 711 non
876 671 1001 721 nulla,
1025 679 1191 726 perusta

259 746 421 787 Solibus
441 744 634 795 adsiduis,
656 744 783 786 multa
803 745 961 800 pulsata
980 745 1133 800 pedum
1154 746 1208 795 vi,

259 818 440 860 Polveris
460 819 624 860 exhalat
642 819 849 869 nebulam,
872 819 1080 875 nubesque
1098 819 1311 870 volanteis,

143 897 224 935 ‘255
258 893 373 943 Quas
393 892 539 935 validei
558 901 647 934 toto
667 893 910 949 dispargunt
929 895 1022 935 aere
1044 895 1200 942 venteiz.

117 1050 236 1082 Omnia
249 1060 362 1090 nempe
377 1049 566 1089 exemplaria
581 1049 657 1080 dant
671 1052 764 1081 idem:
790 1051 843 1081 sed

115 1101 294 1132 emendatio
309 1101 366 1131 viri
388 1101 504 1142 magni,
527 1107 562 1132 ut
584 1102 763 1132 acutissima
785 1108 841 1141 est,

114 1152 159 1182 ita
181 1163 252 1183 vera
277 1153 372 1183 etiam
394 1152 531 1190 videtur;
553 1152 686 1193 ideoque
711 1153 744 1182 in
769 1163 842 1183 con-

115 1210 236 1234 textum
247 1203 474 1234 admittendam
484 1215 549 1234 esse
560 1205 747 1235 censuimus.
763 1205 841 1235 Por-

115 1264 162 1291 ro,
177 1254 216 1285 de
230 1255 342 1284 harum
354 1254 530 1285 dictionum
541 1255 735 1294 confusione,
754 1255 841 1286 rede-

115 1316 151 1334 as
165 1312 316 1336 annotata
330 1306 364 1335 in
379 1306 417 1336 iv,
437 1310 505 1337 164.
519 1310 593 1338 856.

161 1357 241 1387 [bid.
257 1359 326 1388 coelz'
336 1363 503 1397 terraeque:
521 1364 629 1398 utpote
646 1359 758 1400 quibus
774 1371 839 1391 cor-

111 1419 190 1447 pora
214 1414 294 1444 sunt,
318 1419 356 1438 ex
378 1410 518 1440 membris
540 1410 631 1440 variis
653 1411 842 1448 constantia;

120 1459 205 1489 unde
222 1459 376 1500 Virgilius
397 1460 436 1490 de
458 1460 564 1490 divinia
585 1468 703 1499 mente,
724 1464 843 1499 coelum,

117 1517 224 1547 terras,
240 1520 276 1540 ac
290 1510 400 1546 maria,
418 1517 608 1549 permeante,
626 1511 702 1542 AEn.
718 1512 755 1542 vi.
773 1515 845 1543 727.

117 1562 161 1592 ita
181 1562 304 1592 cecinit:

436 1643 534 1668 magno
545 1645 572 1662 se
583 1641 681 1669 corpore
693 1639 795 1662 miscet.

119 1702 271 1738 Hilarius,
288 1703 320 1732 in
336 1704 454 1743 genesi,
471 1713 531 1733 ver.
549 1707 598 1734 25.

116 1777 213 1803 Omnia
224 1785 287 1803 cum
298 1782 403 1811 tegeret
414 1780 520 1811 nigrum
533 1780 622 1810 chaos,
637 1782 749 1811 atraque
760 1780 844 1805 moles

117 1820 234 1850 Desuper
246 1823 353 1850 urgeret
364 1819 483 1844 informis
494 1824 596 1852 corpora
607 1820 768 1844 mu71di—-.

120 1892 169 1923 Sic
191 1893 404 1933 castigandam
428 1900 504 1932 puto
526 1894 685 1934 vulgatam
708 1895 840 1934 scriptu-

116 1955 194 1980 ram,
217 1947 352 1985 altaque.
398 1946 467 1976 Has
488 1957 585 1985 porro
601 1957 690 1977 voces
712 1948 845 1978 subinde

116 1996 248 2026 librariis
278 2004 485 2028 commutatas
515 2009 580 2028 esse
606 1999 673 2038 jam
697 1999 842 2038 vidimus,

116 2047 156 2078 ad
171 2047 209 2078 iv,
229 2051 299 2078 185.
322 2048 377 2078 ubi
390 2049 575 2079 consulendi
598 2051 842 2081 sumus.-Mox

119 2105 159 2130 Π.
176 2101 368 2140 Principale.

159 2151 235 2182 Ver.
252 2156 322 2183 248.
337 2155 543 2192 conripuisse:
569 2153 612 2184 sic
627 2154 734 2184 omnia
749 2165 844 2184 omne

116 2213 216 2243 genus
257 2204 444 2243 exemplaria
487 2205 636 2244 scriptum
680 2205 842 2243 exhibent;

117 2265 204 2292 nam,
225 2261 262 2285 ut
282 2256 544 2296 impudentissimi
573 2257 754 2288 mortalium
775 2258 844 2288 fue-

117 2306 182 2336 rint
195 2307 338 2346 editores,
361 2309 415 2349 qui
437 2309 666 2340 commentitias
688 2320 760 2340 suas
781 2310 842 2341 lec—

117 2358 227 2393 tiones,
249 2369 286 2389 ·ne
300 2370 346 2389 me
367 2362 546 2399 arripuisse,
568 2361 715 2391 Lucretio
736 2362 843 2391 obtru-

117 2409 230 2446 serint3
256 2409 299 2439 ita
313 2420 378 2440 non
395 2411 563 2451 ambigem,
588 2413 664 2452 quin
680 2413 843 2453 negligen-

117 2460 256 2490 tissimus
270 2461 398 2492 collator
413 2462 515 2499 fuerit‚
532 2464 587 2504 qui
602 2464 671 2494 illas
687 2478 728 2505 τῳ
746 2465 843 2496 Vind.

117 2521 173 2551 per
187 2522 281 2542 suum
296 2511 455 2542 silentium
472 2514 674 2554 adscripserit.
721 2518 842 2555 Corrzp-

116 2575 166 2595 ere
181 2573 253 2593 vero
268 2569 368 2602 potest
391 2567 505 2604 raptim
531 2569 644 2604 tollere,
667 2567 715 2597 vel
730 2569 843 2598 violen-

117 2621 164 2646 ter
178 2622 209 2646 et
228 2617 364 2646 celeriter
378 2627 541 2656 occupare;
568 2617 607 2648 de
629 2629 721 2648 sensu
745 2620 842 2650 menti

117 2666 217 2705 po'etae
231 2676 355 2696 summe
377 2673 594 2699 consentaneo.
639 2669 726 2704 Quin
749 2670 843 2701 etiam

118 2716 151 2746 in
166 2727 241 2747 voce
255 2718 515 2758 pewagatissimzi,
540 2724 571 2749 et
590 2729 680 2749 sensu
698 2731 762 2751 non
777 2731 845 2752 am-

117 2767 267 2807 bigendo,
296 2768 372 2808 quid
394 2779 472 2808 opus
495 2775 541 2799 est
566 2771 714 2810 appositis
738 2782 844 2802 exem-

118 2817 177 2856 plis
187 2817 416 2858 ?—Caeterum,
432 2827 473 2850 Π.
491 2832 556 2858 nec,
568 2821 634 2851 vice
645 2833 698 2858 ne;
722 2823 842 2863 arrepta

119 2868 227 2908 utique
240 2869 340 2908 prima
355 2871 511 2911 sequentis
526 2872 671 2902 dictionis
685 2873 782 2904 litera.

164 2918 235 2969 Ver.
252 2923 323 2951 251.
348 2921 437 2952 Ordo
462 2928 507 2952 est
533 2924 716 2955 verborum:
742 2928 764 2943 “
781 2926 840 2956 At-

888 1053 909 1069 “
925 1061 986 1091 que
1001 1050 1066 1081 dixi
1082 1061 1190 1080 rursus
1213 1050 1322 1080 eadem
1339 1051 1440 1091 gigni,
1463 1063 1612 1093 augesce-

887 1106 909 1121 “
926 1103 1049 1143 reque.''
1076 1105 1206 1139 Rursus,
1223 1116 1269 1137 au,
1286 1102 1430 1138 vicissim,
1446 1105 1572 1135 scilicet.

929 1155 1005 1185 Ver.
1023 1158 1094 1186 25⁶2.
1109 1166 1170 1185 non
1187 1156 1272 1185 nulla
1282 1168 1292 1184 :
1320 1155 1359 1185 O.
1376 1162 1417 1185 Π.
1432 1167 1493 1186 non
1508 1159 1581 1187 ulla.

930 1207 1011 1238 Ibid.
1030 1213 1154 1246 perusta
1178 1207 1293 1237 Solibus
1318 1209 1466 1238 adsiduis.
1500 1207 1611 1238 Consi-

884 1258 1004 1288 militer
1019 1258 1172 1299 Pelignus
1186 1264 1281 1294 vates,
1299 1257 1385 1297 epist.
1400 1268 1427 1288 v,
1447 1261 1515 1288 11‘2.

902 1335 934 1358 Et
945 1334 1034 1358 minus
1044 1334 1119 1359 estin
1131 1338 1170 1364 te,
1181 1341 1264 1363 quam
1275 1334 1382 1358 summi
1392 1335 1497 1366 pondus
1507 1334 1597 1365 arista,

934 1374 1002 1405 Quae
1014 1373 1088 1403 levis,
1098 1373 1213 1397 adsiduis
1223 1373 1313 1398 solibus
1324 1377 1391 1404 usta,
1402 1375 1479 1406 riget.

890 1439 929 1469 Se
944 1438 997 1469 dat
1012 1439 1159 1470 comitem
1179 1440 1371 1476 Venusinus,
1387 1440 1475 1479 epod.
1492 1440 1523 1470 ii.
1542 1443 1591 1471 41.

978 1516 1071 1540 Sabina
1083 1516 1176 1546 qualis,
1187 1519 1357 1548 aut,.perusta
1368 1516 1479 1547 solibus„

1013 1555 1125 1579 pernicis
1136 1562 1208 1579 uxor
1219 1555 1324 1587 Appuli.

931 1621 1004 1651 Ver.
1022 1625 1092 1653 253.
1110 1624 1238 1661 pulsata
1241 1625 1353 1662 pedum
1364 1625 1402 1654 vi.
1420 1624 1524 1662 Maro,
1539 1624 1618 1655 AEn.

888 1672 939 1701 vll.
958 1676 1029 1702 722.

1018 1740 1151 1771 pulsuque
1160 1740 1252 1772 pedum
1263 1741 1356 1766 tremit
1367 1742 1457 1767 excita
1467 1742 1550 1766 tellus.

930 1805 1004 1834 Ver.
1022 1808 1093 1835 254.
1118 1807 1270 1836 Pulveris:
1295 1807 1338 1836 ita
1353 1807 1433 1836 clare
1458 1807 1492 1837 P.
1509 1808 1549 1837 V.
1565 1807 1613 1838 ed.

886 1855 1033 1894 scriptum
1049 1855 1197 1886 exhibent
1212 1859 1376 1898 αρχαΐκως·
1390 1858 1502 1898 quibus
1512 1864 1543 1888 et
1550 1859 1618 1894 hic,

886 1913 916 1936 et
931 1906 1014 1943 alibi,
1030 1906 1224 1937 decrevimus
1238 1908 1420 1939 auscultare.

932 1957 1012 1988 Ibid.
1037 1960 1172 1989 Polverz's
1187 1961 1308 1990 exhalat
1331 1962 1483 1996 nebulam,
1506 1963 1619 1992 nubes·

886 2021 943 2050 que
957 2011 1111 2040 volanteis.
1137 2010 1226 2041 Idem
1245 2011 1350 2049 Μαι-ο,
1373 2012 1448 2042 *Em
1464 2013 1505 2044 ix,
1519 2017 1570 2054 55.

1206 2078 1347 2109 glomerari
1357 2079 1468 2110 pulvere
1477 2080 1566 2105 nubem
1572 2089 1581 2106 .·

887 2142 940 2183 qui
956 2149 1061 2173 tamen
1077 2143 1264 2184 elegantiam
1282 2145 1419 2175 Lucretii
1435 2155 1498 2175 non
1514 2147 1614 2186 aequi'.

888 2201 985 2234 parat.
1033 2195 1131 2232 Alibi,
1148 2206 1215 2236 geo.
1231 2196 1264 2226 ii.
1281 2199 1352 2227 217.
1369 2196 1496 2227 liberius
1510 2198 1613 2228 abuti-

886 2252 938 2276 tur
952 2247 1011 2276 hoc
1025 2246 1177 2277 versiculo
1192 2247 1332 2287 magistri
1351 2248 1561 2278 Mantuanus:

888 2323 956 2354 Quae
969 2325 1078 2347 tenuem
1091 2323 1196 2348 exhalat
1207 2323 1474 2357 nebulam‚fumosque
1486 2325 1618 2350 volucris..

889 2389 1000 2430 Neque
1025 2390 1141 2421 Statius
1161 2391 1363 2423 intractatum
1379 2394 1488 2432 voluit,
1512 2394 1612 2426 Theb.

886 2441 926 2472 iv.
942 2445 1014 2473 728.

1324 2515 1436 2546 pulvere
1446 2515 1524 2541 tellus

950 2552 1064 2577 Exhalat
1073 2554 1186 2578 calidam
1197 2554 1358 2579 nubem—.

888 2617 931 2647 Et
946 2618 1019 2649 huic
1034 2618 1104 2649 loco
1119 2619 1277 2658 appositus
1292 2626 1338 2649 est
1354 2620 1466 2656 Varro,
1481 2620 1520 2651 de
1536 2621 1612 2662 ling.

887 2669 956 2699 Lat.
978 2670 1016 2700 iv,
1042 2674 1070 2701 5.
1093 2674 1117 2689 “
1135 2670 1212 2700 Ideo
1239 2670 1393 2701 Lucilius:
1420 2672 1518 2702 Terra
1539 2673 1616 2703 abiit

889 2723 910 2738 “
928 2720 961 2749 in
977 2720 1108 2756 nimbos,
1126 2721 1321 2762 imbreisque.
1348 2722 1515 2753 Pacuvius:
1537 2723 1615 2754 Ter-

890 2773 911 2788 “
929 2781 963 2800 ra
979 2772 1103 2801 exhalat
1118 2772 1302 2803 auram—.”

931 2822 1003 2852 Ver.
1019 2825 1091 2854 255.
1116 2825 1318 2863 dispargunt.-
1343 2824 1388 2854 ita
1409 2824 1491 2855 clare
1516 2832 1558 2856 Π.
1575 2830 1613 2857 Σ.

885 2873 992 2913 vulgo,
1005 2873 1046 2905 ad
1057 2874 1203 2906 seriorem
1213 2876 1480 2916 orthographiam,
1495 2878 1614 2916 disper-

891 2932 978 2965 gun&
