1926 3224
271 263 329 301 10

324 389 378 425 50

770 256 831 303 Τ.
877 255 1252 304 LUCRETII

467 384 576 425 Haec
595 383 720 439 igitur
740 383 810 437 qui
827 390 974 424 cuncta
994 383 1214 440 subegerit,
1237 398 1290 424 ex
1310 386 1526 443 animoque

408 456 625 511 Expulerit
644 454 779 506 dictis,
807 470 892 496 non
912 457 1052 507 armis,
1073 471 1213 498 nonne
1232 457 1406 510 decebit,

408 529 538 571 Hunc
558 529 768 570 hominem
788 544 962 572 numero
981 530 1121 572 divsml
1141 531 1350 589 dignarier
1370 534 1477 576 esse?

407 603 549 651 Quom
568 603 673 645 bene
691 605 920 659 praesertim
940 605 1082 655 multa,
1105 622 1153 648 ac
1173 607 1383 658 divinitus,
1404 609 1500 663 ipsis

408 677 503 717 Jam
522 677 777 727 mortalibus,
799 693 822 719 e
842 678 960 728 divis,
981 679 1081 719 dare
1099 679 1210 720 dicta
1230 681 1369 730 siierit,

323 754 374 790 55
407 750 544 806 Atque
564 766 731 792 omnem
748 766 887 793 rerum
906 760 1096 793 naturam
1115 753 1298 807 pandere
1317 754 1446 796 dictis.

463 824 624 872 Quoius
644 839 722 880 ego
741 825 945 880 ingressus
965 826 1148 882 vestigia,
1170 826 1271 867 dum
1290 827 1467 868 rationes

407 897 654 951 Persequor3
687 912 734 938 ac
753 897 882 938 doceo
902 898 1035 948 dictis,
1057 914 1141 954 quo
1160 914 1332 956 quaeque
1352 909 1488 942 creata

407 968 581 1010 Foedere
601 970 696 1020 sint,
726 970 769 1011 in
789 985 838 1011 eo
859 985 982 1027 quam
1003 973 1053 1013 sit
1072 972 1221 1013 durare
1240 988 1447 1016 necessum
1454 993 1468 1025 ς

406 1041 496 1084 Nec
515 1042 669 1085 validas
690 1043 848 1086 valeant
868 1045 945 1087 aevi
966 1045 1195 1088 rescindere
1212 1046 1333 1104 leges.

262 1201 299 1228 ut
313 1196 333 1226 i.
351 1199 378 1226 1.
394 1202 426 1227 et
440 1197 669 1237 nobismetipsis
680 1204 820 1230 constare
831 1199 984 1230 volumus.

262 1247 350 1279 Libri
367 1249 495 1289 quidem
510 1255 634 1286 veteres,
652 1252 765 1281 divum.

305 1299 390 1331 Ibid.
415 1301 532 1331 Accius
546 1302 579 1331 in
596 1302 780 1332 Phoenissis:

356 1372 472 1398 Delubra
483 1374 546 1399 coeli
557 1377 587 1399 tu
598 1382 676 1399 mere:
686 1375 881 1400 sanctitudine:

262 1434 307 1465 ita
315 1435 485 1476 legendum
491 1448 501 1474 ;
525 1447 600 1476 non,
620 1443 655 1468 ut
670 1437 776 1478 vulgo,
800 1440 903 1469 maris.

764 1489 988 1519 ΒεΝτιειυε.

265 1538 380 1569 Voluit
410 1541 504 1570 etiam
534 1540 581 1570 vir
613 1540 810 1571 doctissimus
840 1542 990 1572 insertam

261 1589 514 1628 praepositionem
541 1593 574 1621 in
604 1597 672 1630 post
699 1603 836 1623 numero.-
868 1592 930 1633 qua
952 1592 991 1623 de

263 1649 296 1670 re
311 1640 388 1670 mihi
404 1651 468 1671 non
483 1641 590 1683 liquet,
617 1653 717 1683 quum
733 1644 791 1673 ista
813 1644 990 1684 praepositio

264 1691 378 1729 passim
393 1693 558 1724 commode
572 1694 832 1734 subintelligatur.

306 1745 382 1775 Ver.
398 1748 448 1776 55.
470 1747 561 1777 bene.-
586 1746 624 1777 P.
640 1748 730 1783 boue‚·
754 1754 790 1777 ut
804 1747 881 1778 alias
899 1758 988 1787 saepe.

309 1795 391 1826 Ibid.
416 1798 491 1835 ipsis
505 1799 542 1828 de
557 1799 636 1829 (Ιὶυἰε
651 1801 743 1829 dicta.
785 1799 911 1838 Quippe
934 1800 989 1840 qui

262 1845 360 1876 libros
381 1847 554 1887 singulares
582 1849 702 1888 scripsit
733 1856 800 1890 Περι
837 1856 925 1886 Θεων,
957 1856 988 1880 et

266 1903 333 1938 Περ
347 1899 521 1933 Ὁσιστητος.
718 1902 944 1932 ΒεΝΤω-ῑῐυε.

307 1948 381 1978 Ver.
399 1953 449 1980 54.
474 1951 547 1981 Non
570 1961 666 1982 ausus
687 1962 756 1982 sum
774 1952 806 1982 in
824 1953 883 1982 hoc
899 1963 988 1983 versu

264 1999 484 2031 constituendo
509 2002 676 2033 consilium
705 2003 862 2034 editorum
891 2005 987 2045 sequi,

265 2060 364 2090 quum
389 2051 540 2082 librorum
566 2053 714 2084 lectiones
736 2054 888 2085 idoneum
918 2067 987 2087 sen-

265 2111 336 2130 sum
351 2104 518 2140 praebeant.
566 2104 653 2134 Ordo
676 2111 734 2135 est:
763 2109 785 2124 ‘⁶
803 2106 988 2141 Praesertim,

265 2154 288 2169 “
304 2162 404 2192 quum
415 2153 483 2194 jam
501 2154 598 2185 siierit
620 2155 692 2185 darc
715 2156 897 2187 mortalibus
911 2159 990 2188 bene

265 2205 288 2219 “
304 2203 403 2234 multa
419 2204 510 2241 dicta,
534 2212 565 2235 et
587 2206 735 2237 divinitus
757 2210 850 2243 dicta,
873 2219 890 2238 e
913 2208 991 2239 divis

265 2259 288 2274 “
305 2255 417 2294 ipsis:’'
442 2256 461 2286 i.
478 2267 505 2287 e.
529 2256 568 2287 de
590 2267 684 2294 more,
711 2258 750 2289 ad
766 2269 921 2298 normam,
943 2260 990 2300 ip-

266 2319 373 2340 sorum
387 2308 534 2347 deorum;
557 2312 644 2352 quasi
660 2312 737 2343 deus
758 2314 823 2353 ipse
838 2314 917 2344 foret
932 2314 990 2344 sci-

266 2361 349 2392 licet:
378 2371 449 2402 quae
475 2362 674 2393 usitatissima
698 2370 743 2393 est
767 2365 992 2404 praepositionis

267 2422 283 2442 e
297 2415 556 2451 potestas.—-Jam
572 2415 766 2445 mortalibus:
792 2415 835 2445 ita
849 2416 992 2447 scribitur

266 2463 300 2492 in
317 2464 354 2493 P.
371 2463 470 2494 Vind.
488 2465 529 2494 V.
544 2464 591 2495 ed.
607 2465 642 2495 L.
661 2471 695 2496 Δ.
714 2473 754 2497 Π.
770 2471 805 2497 Σ.
828 2477 885 2497 nec
899 2467 989 2499 dubi-

267 2520 308 2548 to,
332 2514 408 2554 quin
423 2515 472 2545 his
496 2517 709 2547 consenserint
733 2519 770 2548 B.
788 2518 834 2549 M.
851 2520 992 2559 quamvis

267 2572 390 2596 taceant
405 2567 578 2598 collatores:
607 2576 651 2600 Ω.
673 2571 713 2601 In
729 2572 905 2602 mortalibus
911 2586 921 2607 ‚·
950 2572 990 2602 Ο.

269 2618 510 2654 Immortalibus,-
539 2625 574 2649 ut
589 2619 727 2661 evulgari
742 2621 832 2651 solet:
860 2622 914 2653 sed
929 2623 990 2664 quzi

269 2667 308 2698 de
323 2678 356 2699 re
371 2668 489 2698 librarii
511 2670 590 2700 hanc
609 2670 779 2702 dictionem
800 2672 869 2703 loco
883 2684 989 2705 move-

268 2726 347 2757 rent,
378 2720 426 2750 vel
454 2729 699 2762 corrumperent,
727 2734 821 2755 nemo
850 2735 990 2756 caussam

268 2769 371 2800 dicere
385 2771 728 2805 valebit.—Lambinus
750 2778 787 2806 de
802 2776 921 2816 scripsit
935 2787 990 2816 pro

267 2831 296 2858 e,
321 2827 352 2851 et
366 2823 462 2852 secuti
478 2830 551 2854 sunt
565 2824 710 2864 editores3
733 2826 819 2857 libris
840 2828 990 2859 universis

265 2877 374 2902 contra
388 2873 599 2905 clamantibus,

310 2923 385 2955 Ver.
402 2928 451 2957 55.
466 2937 566 2958 rerum
578 2934 721 2960 naturam
730 2931 867 2969 pandere
882 2933 984 2963 (lictis.-

1030 1206 1066 1230 ut
1079 1200 1203 1232 locutus
1218 1207 1264 1232 est
1278 1202 1373 1233 etiam
1395 1201 1435 1233 ad
1456 1201 1479 1233 i.
1505 1204 1554 1234 50.
1592 1202 1754 1235 Nemesia-

1030 1262 1100 1290 nus,
1116 1263 1226 1294 cyneg.
1241 1257 1270 1284 5.

1062 1333 1183 1358 Venandi
1193 1340 1261 1359 cano
1272 1333 1346 1359 mille
1357 1333 1427 1365 vias5
1444 1333 1592 1366 hilaresque
1602 1334 1708 1367 labores,

1062 1372 1252 1404 Discursusque
1262 1373 1340 1404 citos,
1356 1374 1442 1399 securi
1449 1373 1541 1406 prelia
1552 1374 1630 1405 ruris,

1062 1411 1274 1436 PandimuJ—.

1075 1481 1152 1512 Ver.
1168 1485 1219 1514 56.
1241 1485 1330 1514 dum:
1357 1483 1394 1514 P.
1409 1494 1507 1521 nunc;
1531 1490 1568 1515 ut
1589 1485 1667 1517 editi
1687 1487 1755 1518 vul-

1033 1546 1133 1576 gareS‚
1157 1536 1211 1568 sed
1233 1537 1460 1577 exemplaribus
1481 1538 1608 1580 reliquis
1631 1541 1756 1573 obstan-

1033 1588 1124 1618 tibus.
1169 1589 1305 1628 Nempe,
1329 1603 1363 1620 ero
1376 1601 1460 1621 nunc
1481 1592 1660 1623 correctoris
1679 1603 1756 1633 gus-

1034 1648 1104 1672 tum
1125 1642 1243 1681 resipit,
1264 1642 1370 1672 minus
1392 1643 1578 1674 attendentis
1598 1651 1757 1677 construc-

1035 1693 1154 1723 tionem
1178 1693 1250 1732 loci,
1273 1693 1322 1723 vel
1344 1703 1409 1724 non
1430 1695 1651 1736 concoquentis
1672 1697 1756 1728 verbi

1032 1744 1214 1775 substantivi
1236 1745 1446 1776 reticentiam:
1475 1756 1538 1786 quo
1558 1747 1758 1787 scriptoribus

1032 1796 1204 1835 purissimis
1219 1795 1299 1825 nihil
1314 1796 1506 1827 familiarius.

1061 1845 1142 1877 Ibid.
1153 1848 1306 1886 ingressus
1315 1849 1629 1888 vestigia,Persequor.
1639 1849 1756 1881 Trans-

1030 1898 1112 1928 latus
1135 1904 1181 1928 est
1202 1908 1316 1937 sermo,
1339 1905 1370 1928 et
1390 1909 1410 1928 a
1429 1910 1462 1929 re
1481 1899 1620 1931 venatio&
1635 1900 1756 1934 dexiva-

1031 1956 1089 1981 tus.
1135 1949 1280 1988 Plautus,
1302 1950 1368 1980 mil.
1383 1950 1459 1991 glor.
1470 1950 1503 1982 ii.
1519 1955 1549 1982 2.
1566 1955 1579 1982 l
1590 1955 1637 1984 13.

1033 2030 1057 2055 si
1068 2030 1105 2054 ita
1116 2037 1171 2055 non
1181 2031 1295 2062 reperio,
1310 2030 1354 2056 ibo
1366 2032 1488 2062 odorans,
1505 2031 1578 2063 quasi
1587 2032 1658 2058 canis
1668 2040 1753 2059 vena—

1127 2073 1201 2099 ttcus,

1033 2109 1124 2140 Usque
1135 2109 1220 2134 donec
1227 2111 1371 2141 persecutus
1382 2109 1490 2141 volpem
1501 2115 1546 2135 ero
1557 2109 1683 2143 vestigiis.

1076 2179 1150 2209 Ver.
1177 2183 1227 2211 57.
1249 2191 1392 2220 quaeque:
1418 2180 1460 2211 V.
1483 2180 1531 2211 ed.
1556 2192 1692 2222 quaque;
1723 2188 1755 2214 et

1034 2240 1118 2269 mox,
1141 2241 1201 2261 ver.
1219 2234 1269 2262 58.
1284 2234 1341 2269 sic,
1357 2242 1414 2271 pro
1428 2233 1476 2262 sil.

1077 2282 1151 2312 Ver.
1168 2286 1218 2314 59.
1242 2285 1363 2314 valeant
1384 2286 1456 2314 oevi:
1485 2288 1521 2314 Δ.
1542 2286 1601 2316 aevi
1614 2286 1751 2322 valeant,-

1034 2333 1117 2374 quod
1133 2333 1290 2365 editorum
1305 2336 1404 2365 turbae
1418 2335 1484 2366 sine
1495 2334 1603 2366 caussa
1613 2336 1740 2375 placuit.

1078 2385 1159 2416 Ibid.
1189 2388 1359 2418 rescindere
1385 2389 1479 2427 leges:
1513 2387 1533 2417 i.
1563 2398 1589 2418 e.
1623 2390 1660 2420 de
1681 2399 1754 2420 novo

1033 2439 1170 2468 scindere
1177 2453 1187 2473 ,·
1207 2439 1289 2468 notis
1299 2439 1440 2478 priorum
1450 2438 1558 2480 legum
1567 2439 1682 2471 derasis
1694 2440 1754 2471 sci-

1033 2488 1116 2527 licet,
1142 2499 1178 2520 ac
1193 2490 1316 2527 tabulis,
1339 2491 1452 2531 quibus
1467 2497 1556 2522 erant
1569 2491 1684 2529 incise,
1701 2490 1756 2522 de-

1032 2540 1157 2578 dolatis;
1180 2547 1217 2571 ut
1230 2541 1299 2571 aliae
1318 2541 1402 2582 leges
1416 2541 1638 2583 insculpantur.
1681 2542 1753 2574 Ho-

1033 2591 1139 2630 ratius,
1155 2597 1211 2622 art.
1229 2592 1308 2632 po'et.
1323 2596 1397 2625 399.

1126 2665 1230 2697 Oppida
1240 2665 1340 2696 moliri,
1354 2665 1417 2698 Ieges
1426 2664 1534 2690 incidere
1543 2663 1620 2697 ligno.

1033 2727 1084 2758 Ex
1105 2728 1164 2758 hac
1178 2729 1329 2759 nimirum
1351 2727 1628 2758 vetustissimorum
1649 2728 1751 2760 homi·

1033 2789 1111 2809 num
1126 2779 1351 2810 consuetudine
1364 2778 1462 2818 poetae
1476 2777 1592 2809 locutio
1605 2779 1754 2811 translata

1032 2837 1085 2862 eet.
1111 2831 1260 2862 Similiter
1273 2831 1452 2869 Terentius,
1467 2830 1594 2862 Pborm.
1608 2831 1640 2862 ii.
1655 2834 1684 2863 4.
1703 2834 1750 2864 15.

1061 2904 1128 2928 Mihi
1137 2910 1193 2929 non
1203 2903 1320 2933 videtur,
1335 2904 1408 2936 quod
1418 2903 1452 2930 sit
1462 2903 1567 2930 factum
1577 2903 1681 2937 1egibm,

1061 2943 1175 2969 Rescindi
1186 2950 1329 2975 posse—-
