1926 3224
285 195 380 238 288
392 209 394 212 ’

792 194 851 243 Τ.
889 193 1265 242 LUCRETII

487 319 715 371 Postremo,
737 336 843 376 quur
866 329 1005 363 sancta
1023 320 1147 362 desim
1167 321 1349 372 delubra,
1371 335 1541 379 suasque

426 395 609 439 Discutit
628 393 773 434 infesto
792 395 1007 449 praeclaras
1026 392 1195 436 fulmine
1214 394 1326 436 sedes
1332 412 1345 445 3

430 469 486 510 Et
504 469 608 509 bene
626 467 732 508 facta
751 467 873 508 deum
893 467 1046 524 frangit
1066 467 1294 518 simulacra,
1316 461 1476 524 suisque

426 542 570 585 Demit
589 542 833 599 imaginibus
853 542 1030 583 violento
1052 542 1217 583 volnere
1233 541 1458 583 honorem?

314 619 397 656 420
429 615 605 671 Altaque
624 631 730 672 quur
749 616 988 672 plerumque
1006 617 1108 671 petit
1127 616 1234 665 loca3
1266 615 1442 670 plurima
1460 629 1542 671 quo
1560 615 1650 671 plus

426 688 642 731 Montibus
661 690 706 730 in
726 690 892 731 summis
912 689 1081 746 vestigia
1100 688 1302 730 cernimus
1321 687 1450 745 ignis?

483 762 610 812 Quod
629 777 750 818 super
769 770 842 813 est,
864 761 972 803 facul
989 770 1048 803 est
1068 777 1119 803 ex
1139 761 1217 803 hiis
1238 775 1482 818 cognoscere
1501 762 1637 813 rebus,

279 932 439 972 effugisse;
463 937 494 962 et
517 933 574 962 sub
599 931 727 963 nomine
744 933 889 972 Dionysii
905 933 997 964 Hali-

278 983 483 1014 carnassensis
518 982 663 1013 laudatur
697 983 866 1015 scholiaste.
923 986 999 1017 Jam

276 1042 361 1072 vero,
376 1044 475 1075 quum
490 1033 568 1064 illud
584 1047 618 1074 ’γε
634 1034 667 1063 in
682 1044 771 1065 versu
787 1041 896 1075 quarto
907 1037 999 1076 plane

276 1085 316 1115 sit
330 1085 591 1124 intempestivum,
615 1091 646 1116 et
659 1086 688 1115 vi
703 1087 826 1126 propri&
840 1089 999 1127 particulae

276 1135 376 1176 istius,
412 1144 495 1168 certo
521 1137 646 1175 certius,
677 1137 873 1178 destitutum,
906 1147 1000 1180 atque

275 1189 380 1219 rhetor
390 1189 433 1220 sic
446 1199 567 1219 versum
580 1189 724 1228 proferat,
741 1197 832 1221 Αλλα
848 1205 894 1221 τον
911 1193 1000 1222 {aun

276 1252 336 1271 νεων
350 1243 470 1276 βαλλει,
487 1254 536 1271 και
554 1245 645 1272 Eam*
660 1254 741 1282 ακρον
756 1244 874 1274 Admana·
890 1242 996 1272 rescri-

276 1290 415 1321 bendum
429 1301 552 1321 censeo:

353 1375 433 1402 Αλλα,
442 1384 492 1402 usam
505 1387 545 1402 τον
555 1377 713 1402 ἘΑΥΤΟΥ
722 1378 862 1408 βαλλει-’

273 1451 320 1482 vel
335 1451 452 1487 saltem,
468 1451 492 1481 si
508 1452 566 1481 hoc
581 1451 756 1491 displiceat:

352 1539 430 1563 Αλλαι
443 1548 482 1563 τον
494 1537 559 1563 αὕτη
571 1539 619 1563 ΤΕ
631 1547 681 1564 νων
692 1540 830 1570 βαλλα-.

273 1611 378 1643 Nemo
405 1612 529 1648 etenim,
569 1613 719 1651 penitiore
753 1623 845 1643 sensu
876 1614 995 1644 Graecae

270 1664 415 1702 phraseos
430 1664 578 1699 imbutus,
597 1674 667 1704 quae
682 1663 807 1704 vulgata
822 1670 906 1702 sunt,
922 1676 993 1704 pro-

270 1716 362 1746 babit.
398 1716 576 1746 Brunckius
592 1716 709 1746 interea
722 1717 756 1746 in
771 1716 852 1747 notis
867 1717 995 1756 pulchre

271 1765 416 1795 meminit
432 1766 577 1796 Lucretii.

314 1823 389 1853 Ver.
404 1827 474 1854 417.
498 1825 638 1854 Discutit
652 1825 799 1864 fulmine.
845 1824 895 1854 Ita
917 1825 992 1855 Per-

271 1873 345 1910 sius,
362 1874 391 1904 ii.
409 1877 458 1904 25.
481 1874 520 1904 de
524 1874 662 1914 fulmine
683 1875 791 1905 itidem
806 1875 946 1916 loquenS‚
961 1882 992 1906 et

273 1924 489 1964 Aristophanis
505 1925 588 1955 haud
604 1925 782 1956 immemor:

286 2013 420 2045 ignovisse
431 2017 518 2045 putem,
530 2014 602 2044 quia,
613 2020 676 2038 cum
689 2017 769 2044 tonat,
780 2021 864 2047 ocyus
873 2015 926 2041 ilex

285 2051 390 2077 Suifure
397 2052 532 2077 discutitur
539 2059 623 2082 sacro,
631 2060 712 2084 quam
722 2057 816 2084 tuque,
825 2055 973 2087 domusque
980 2058 989 2082 ἒ

269 2131 376 2164 Julius
404 2131 597 2173 Obsequens,
623 2132 662 2163 de
678 2132 815 2174 prodigg.
833 2140 904 2165 sect.
918 2135 991 2166 lxxi.

270 2186 293 2201 “
298 2183 437 2224 fulmine
466 2183 611 2224 pleraque
639 2184 845 2215 discussa-P
902 2186 993 2216 Nihil

269 2233 334 2273 agit
347 2233 533 2272 Schefferus,
544 2233 631 2264 libris
641 2235 911 2272 consentientibus,
921 2247 991 2276 pro-

267 2294 387 2324 ponens
408 2287 550 2316 decussa:
574 2286 693 2316 bonum
719 2293 765 2316 est
788 2286 872 2317 enim
898 2299 992 2328 saepe-

267 2349 410 2377 numero,
437 2341 463 2371 si
491 2341 574 2372 dicas
596 2351 645 2371 res
666 2344 709 2372 ad
723 2348 835 2373 terram
858 2343 992 2374 fulmine

266 2391 397 2431 dejectas
421 2403 493 2430 esse,
523 2402 587 2422 non
612 2392 716 2423 minus
739 2403 835 2434 quam
860 2395 885 2424 si
907 2394 991 2426 dicas

266 2444 402 2482 undique
418 2443 571 2483 disjectas,
587 2449 618 2474 et
629 2444 850 2474 comminutas:
868 2445 922 2476 sed
932 2448 995 2477 dis-

266 2495 348 2523 cutio
365 2493 476 2524 fortius
490 2501 536 2525 est
553 2497 692 2533 verbum,
706 2502 737 2525 et
751 2496 868 2527 fortiori
884 2497 996 2528 melius

268 2546 483 2585 conjungitur.
531 2547 670 2578 Subinde
685 2555 788 2578 tamen
811 2559 867 2588 pro
892 2549 994 2588 libitu,

267 2603 298 2628 et
311 2599 342 2628 in
355 2599 464 2629 eodem
477 2600 588 2630 effectu
603 2600 813 2639 describendo,
824 2602 994 2644 efidemque

267 2650 385 2687 caussa,
403 2652 571 2689 scriptores,
583 2661 640 2682 nec
653 2652 719 2681 sine
727 2652 858 2691 judicio,
868 2653 993 2685 dicendi

266 2699 397 2729 modum
421 2702 546 2732 variant.
593 2702 742 2733 Similiter
765 2703 903 2734 invenies
926 2704 991 2736 fieri

266 2760 340 2780 cum
355 2753 494 2792 cognatis
513 2754 700 2786 dictionibus
714 2757 834 2796 disjicio
856 2767 892 2787 ac
914 2758 990 2798 deji-

265 2805 325 2840 cio;
341 2813 397 2834 nec
414 2806 583 2847 quidquam
601 2815 715 2839 temere
736 2809 916 2840 novandum
931 2815 989 2848 est,

266 2854 328 2896 nisi
342 2856 486 2888 conviciis
509 2869 617 2898 scopus
644 2860 704 2891 loci
730 2860 861 2902 flagitet,
883 2867 990 2893 contra

1041 931 1159 963 codices
1173 932 1408 963 consentientes.
1444 933 1557 964 Coram
1572 932 1675 964 veniat
1691 933 1760 964 Vir-

1041 984 1143 1024 gilius,
1160 985 1234 1014 AEn.
1250 984 1290 1014 ix.
1307 987 1378 1014 810.

1119 1071 1298 1101 Discussaeque
1306 1070 1379 1100 jubae
1391 1070 1542 1101 capiti--.

1044 1140 1119 1176 Ubi,
1132 1140 1158 1169 si
1173 1140 1221 1169 vel
1237 1150 1322 1170 unus
1339 1139 1416 1170 liber
1429 1140 1605 1176 addixisset,
1617 1141 1768 1181 praetulis-

1044 1201 1109 1220 sem
1133 1191 1281 1231 equidem
1309 1193 1471 1222 Decussae:
1511 1203 1608 1232 quum
1634 1193 1688 1223 illa
1710 1204 1769 1224 vox

1042 1241 1143 1281 magis
1182 1241 1375 1282 congruisset
1411 1242 1586 1273 fulminatae
1627 1244 1766 1284 Capanei

1040 1291 1147 1332 galeae,
1178 1293 1264 1334 (vide
1285 1292 1381 1324 modo
1405 1293 1479 1324 Stat.
1504 1293 1603 1324 Theb.
1625 1304 1654 1324 x.
1672 1295 1762 1336 928.)

1039 1354 1134 1384 quam
1147 1346 1228 1375 saxis
1244 1350 1279 1374 ut
1295 1349 1331 1374 ut
1345 1344 1462 1375 duriter
1476 1345 1624 1384 impetitae
1640 1345 1751 1377 Turni.

1085 1397 1166 1428 Ibid.
1194 1400 1364 1437 praeclaras
1380 1401 1477 1430 sedes:
1511 1399 1531 1429 i.
1555 1409 1580 1430 e.
1605 1399 1766 1440 fulgentia

1037 1449 1157 1488 templa.
1197 1449 1367 1486 Arnobius,
1380 1448 1431 1479 lib.
1444 1449 1486 1479 iii.
1502 1460 1530 1488 p.
1545 1453 1683 1481 106.—“
1696 1451 1765 1492 qui.

1038 1504 1062 1519 “
1075 1497 1134 1531 bus
1151 1497 1274 1542 (formis
1289 1499 1364 1532 deos
1378 1503 1518 1542 superos)
1535 1502 1600 1533 imo
1615 1502 1764 1547 formatis,

1038 1555 1060 1570 ‘⁶
1076 1558 1107 1582 et
1129 1554 1307 1592 templorum
1332 1551 1530 1592 amplissimis
1552 1553 1710 1585 collocatis
1730 1551 1767 1585 in⁴

1039 1606 1061 1621 “
1076 1603 1226 1634 sedibus-'¹

1038 1662 1148 1700 Porro,
1164 1662 1214 1692 his
1228 1663 1422 1694 Lucretianis
1435 1663 1574 1703 apposita
1598 1670 1672 1695 sunt
1695 1665 1763 1700 haec

1039 1713 1177 1744 Minucii
1194 1714 1311 1751 Felicis,
1337 1720 1410 1745 sect.
1427 1718 1456 1746 5.
1483 1715 1536 1745 ubi
1558 1715 1665 1746 laudat
1686 1726 1761 1751 1109,-ι

1038 1772 1122 1795 trum
1146 1766 1303 1796 Davisius:
1339 1770 1361 1785 “
1381 1766 1472 1797 Adeo
1503 1768 1617 1806 passim
1646 1767 1762 1798 cadunt

1039 1819 1060 1835 “
1079 1816 1263 1858 (fulmina);
1286 1824 1408 1848 montes
1439 1819 1571 1854 irruunt,
1603 1819 1764 1850 arboribus

1038 1871 1059 1886 “
1076 1868 1250 1907 incurrunt,
1261 1869 1326 1899 sine
1341 1869 1463 1900 delectu
1478 1876 1612 1910 tangunt
1626 1870 1696 1901 loca
1712 1881 1763 1901 sa·

1033 1922 1055 1937 “
1071 1929 1123 1950 cra
1137 1926 1168 1950 et
1182 1920 1327 1959 profana;
1350 1920 1494 1951 homines
1509 1921 1619 1952 noxios
1633 1921 1760 1961 feriunt,

1035 1973 1057 1988 “
1073 1976 1103 2000 et
1118 1979 1198 2010 saepe
1213 1971 1403 2012 religiosos.'‘

1079 2030 1152 2060 Ver.
1168 2033 1238 2061 418.
1251 2031 1379 2070 frangit
1395 2033 1570 2063 simulacra.
1615 2032 1690 2062 Non
1701 2032 1760 2064 du-

1034 2077 1098 2110 bito
1125 2078 1201 2120 quin
1227 2091 1300 2110 cum
1323 2080 1422 2111 electu
1444 2083 1608 2112 verborum
1626 2081 1761 2121 pruden-

1037 2130 1164 2168 tissimo,
1189 2138 1220 2162 et
1243 2131 1310 2162 sine
1332 2132 1410 2163 vam'i
1434 2133 1586 2163 sermonis
1600 2133 1763 2173 superflui-

1036 2187 1109 2221 tate,
1125 2189 1230 2213 noster
1244 2183 1283 2213 sit
1295 2184 1431 2214 locutus:
1450 2183 1657 2215 intellexerim
1667 2184 1764 2226 igitur

1034 2243 1089 2271 per
1111 2235 1294 2272 simulacra,
1325 2241 1441 2265 statuas
1462 2247 1659 2274 marmoreas,
1689 2247 1764 2277 quas

1035 2290 1117 2314 recte
1119 2284 1238 2325 frangi
1252 2285 1327 2315 dicit
1339 2297 1348 2323 ;
1361 2296 1416 2325 per
1431 2288 1557 2317 delubra
1573 2293 1687 2323 autem,
1702 2289 1762 2328 lig.

1034 2347 1116 2373 neas,
1133 2343 1215 2367 recte
1229 2347 1335 2367 rursus
1345 2339 1496 2369 discussas
1507 2338 1712 2379 diffissasque:
1729 2345 1762 2370 et

1034 2398 1089 2426 per
1110 2390 1258 2428 imagines
1281 2387 1424 2429 denique,
1447 2391 1587 2430 picturas
1593 2405 1604 2426 ,·
1630 2401 1763 2431 quarum

1038 2441 1162 2471 honores
1191 2439 1295 2470 statim
1317 2439 1562 2478 deflorescerent,
1578 2440 1762 2485 fulminibus

1039 2489 1142 2521 afflati.

1084 2549 1154 2581 Ver.
1171 2553 1242 2583 419.
1257 2552 1390 2583 volnere:
1409 2551 1450 2582 V.
1467 2550 1516 2582 ed.
1527 2553 1654 2588 volvere;
1671 2556 1762 2591 prout

1037 2600 1120 2632 alibi.

1079 2660 1153 2690 Ver.
1169 2663 1241 2691 420.
1258 2662 1338 2700 petit
1352 2662 1433 2691 loca:
1453 2659 1549 2691 Vind.
1558 2661 1759 2700 petitioni.—

1035 2722 1093 2750 quo
1114 2712 1205 2751 plus.-
1231 2711 1277 2741 ita
1298 2711 1335 2742 P.
1360 2711 1463 2742 Possis
1477 2711 1571 2741 etiam
1586 2719 1650 2740 non
1665 2709 1758 2747 male,

1034 2760 1095 2801 qud
1116 2763 1189 2801 plus
1196 2776 1208 2798 ‚·
1233 2772 1341 2792 omnes
1367 2761 1452 2791 enim
1470 2760 1551 2798 libri,
1571 2760 1757 2801 quibuscum

1034 2811 1124 2842 nobis
1138 2822 1186 2843 res
1201 2819 1255 2849 est,
1280 2814 1418 2852 praebent
1439 2822 1496 2852 que
1505 2813 1587 2852 plus.
1632 2811 1756 2842 Haver-

1032 2864 1167 2904 campus,
1177 2864 1230 2907 qui
1245 2863 1284 2895 de
1295 2862 1485 2895 membranis
1502 2862 1538 2895 L.
1552 2862 1600 2894 M.
1616 2861 1696 2894 nihil
1707 2871 1756 2893 re-
