1926 3224
285 225 378 265 180

783 221 843 268 T.
881 218 1255 269 LUCRETII

280 352 388 390 1080
418 350 566 406 Longe
583 349 678 390 alias
698 347 776 389 alio
798 349 957 402 jaciunt
974 349 1018 390 in
1037 356 1222 404 tempore
1240 363 1372 399 voces,

422 424 478 466 Et
497 437 621 478 quom
641 421 693 463 de
712 422 822 463 victu
847 430 1018 472 certant,
1049 422 1271 478 praedfique
1289 430 1530 479 repugnant.

422 496 479 537 Et
497 496 646 550 partim
667 503 828 537 mutant
847 511 942 537 cum
961 497 1266 551 tempestatibus
1285 496 1367 537 una

424 569 679 610 Raucisonos
700 577 864 619 cantus3
896 570 1107 610 cornicum
1127 569 1232 610 secla
1250 577 1421 619 vetusta,

428 642 740 698 Corvorumque
759 657 902 699 greges
909 660 921 692 3
953 643 1024 683 ubi
1044 657 1191 698 aquam
1211 642 1418 692 dicuntur,
1440 650 1480 683 et
1498 642 1676 694 imbreis,

283 721 390 758 1085
422 716 611 767 Poscere,
642 725 680 758 et
701 717 904 758 interdum
926 725 1082 767 ventos,
1114 731 1326 772 aurasque,
1358 731 1514 757 vocare.

276 873 302 892 “
317 872 360 907 di,
382 871 435 903 sed
449 872 652 903 diversimode
671 873 916 913 aliquantulum3
939 873 1000 904 alio

277 925 302 941 “
317 928 468 961 tempore,
492 929 584 964 atque
605 924 694 954 aliter
711 925 867 956 affectus.”
913 925 1000 955 Nihil

275 973 350 1003 novi
364 972 541 1012 dilucidius,
557 974 726 1015 aptiusque.

320 1023 400 1054 Ibid.
423 1027 575 1056 concussis
593 1028 726 1057 artubus.
774 1027 910 1058 Acutam
926 1028 998 1058 Ma-

276 1075 363 1105 ronis
396 1075 495 1106 aciem
531 1087 595 1107 non
632 1078 735 1116 potuit
771 1079 838 1108 haec
874 1079 998 1120 elegan-

275 1126 321 1155 tia
335 1125 440 1165 latere,
464 1127 503 1157 ad
521 1138 588 1168 geo.
604 1128 648 1159 iii.
665 1132 714 1159 84.
760 1129 821 1159 Sed
836 1136 931 1160 totam
947 1141 999 1168 pe-

275 1176 402 1208 riodum
420 1177 663 1217 admovebimus,
687 1190 760 1210 nam
783 1181 912 1212 consilio
928 1191 998 1211 nos-

276 1232 326 1258 tro
340 1228 380 1259 de
394 1229 572 1269 trajectione
583 1231 840 1262 Lucretianorum
855 1242 998 1263 versuum

276 1279 370 1309 unice
385 1281 606 1320 patrocinatur:

380 1365 466 1394 Tum,
476 1365 498 1388 si
508 1372 560 1396 qua
570 1371 665 1390 sonum
677 1365 769 1396 procul
781 1373 853 1390 arma
864 1367 972 1398 dedere,

275 1404 353 1428 Stare
362 1403 422 1428 loco
433 1403 528 1432 nescit,
540 1404 622 1428 micat
632 1404 748 1433 auribus,
758 1408 785 1429 et
797 1405 880 1429 tremit
891 1409 975 1436 artus,

276 1441 493 1473 Conlectumque
500 1442 616 1473 fremens
627 1443 711 1467 volvit
721 1442 766 1467 sub
776 1443 881 1468 naribus
897 1445 997 1476 ignem.

278 1516 399 1547 Omnia
420 1516 504 1546 vides
524 1516 708 1557 quadrantis
736 1518 869 1548 invicem
900 1519 939 1550 ad
965 1531 998 1550 a·

276 1568 420 1604 mussim,
447 1573 540 1608 atque
562 1567 727 1598 lectionem
749 1568 839 1599 istam
851 1569 999 1610 fremens,

275 1617 346 1648 loco
368 1617 484 1658 vulgati
503 1629 653 1658 premens,
679 1626 765 1649 extra
787 1621 1000 1651 controversiae

275 1667 357 1699 fines
381 1670 512 1709 positam
537 1670 783 1702 luculentissima
811 1672 883 1702 Cari
905 1672 1000 1702 nostri

279 1720 471 1750 auctoritate.

323 1769 405 1801 Ibid.
426 1773 546 1810 patulis
573 1773 708 1803 naribus.
754 1771 854 1809 Idem,
882 1772 955 1804 ibid.
981 1773 1000 1804 i.

280 1824 353 1854 576.

611 1900 657 1921 aut
668 1897 775 1927 bucula,
791 1898 892 1923 coelum

325 1934 482 1966 suspiciens,
495 1935 590 1967 patulis
600 1937 720 1968 captavit
731 1937 833 1962 naribus
844 1945 929 1963 auras.

323 2008 404 2039 Ibid.
423 2009 587 2049 fremitum
617 2013 681 2042 edit
710 2015 752 2042 ad
773 2024 869 2044 arma.

280 2058 434 2090 Horatius
448 2060 629 2100 illustretur,
642 2062 691 2092 od.
707 2062 748 2094 iv.
769 2067 815 2094 14.
833 2068 881 2095 25.

915 2013 1001 2043 Hinc

566 2146 681 2178 impiger
691 2146 808 2172 hostium

403 2185 509 2209 Vexare
519 2188 632 2215 tun-nas,
650 2189 676 2210 et
685 2185 838 2217 frementem

433 2223 541 2248 Mittere
551 2230 641 2256 equum
652 2225 754 2250 medios
769 2233 816 2257 per
825 2227 908 2258 ignes.

323 2297 399 2327 Ver.
417 2300 507 2328 1077.
522 2300 691 2338 variaeque:
711 2299 750 2329 V.
767 2299 814 2330 ed.
829 2303 1002 2342 variatque;

280 2358 298 2380 c
313 2354 344 2379 et
357 2359 373 2379 e
388 2349 598 2387 commutatis,
613 2355 649 2379 ut
663 2349 736 2380 alibi
752 2350 874 2390 passim.
910 2352 1004 2392 Cogi·

280 2406 346 2429 tare
374 2406 496 2438 poteras
524 2399 563 2430 de
590 2403 686 2431 variae
713 2407 803 2442 atque
807 2416 818 2437 ,-
845 2401 898 2432 sed
926 2402 1006 2433 illud

281 2450 478 2489 probabilius.

325 2500 406 2531 Ibid.
441 2513 537 2541 genus
572 2505 712 2533 alituum.
756 2503 889 2544 Excepit
915 2506 1007 2536 verba

281 2551 489 2591 Mantuanus,
505 2553 544 2583 ad
559 2554 633 2584 AEn.
648 2553 708 2584 viii.
724 2556 774 2585 27.

281 2624 408 2655 Alituum,
418 2626 618 2657 pecudumque,
625 2633 705 2659 genus
713 2634 790 2659 sopor
801 2627 870 2653 altus
878 2628 1002 2654 habebat.

324 2687 398 2718 Ver.
417 2691 506 2720 1078.
529 2696 620 2729 atque
641 2689 726 2721 deest
749 2691 1001 2732 A.—0351sragae:

283 2735 379 2768 vind.
396 2739 435 2769 V.
451 2740 498 2771 ed.
523 2741 717 2782 ossg'frangoe;
742 2748 777 2773 Δ.
792 2743 942 2785 ossffragi.

325 2788 399 2819 Ver.
418 2793 506 2822 1079.
529 2795 562 2823 in
588 2795 682 2825 salso:
708 2807 732 2825 υ
758 2795 886 2837 ἀλμυρῳ·
911 2801 946 2826 ut
971 2798 1004 2827 in

280 2841 360 2870 sicco
375 2839 487 2870 dicitur
498 2844 644 2881 absolute,
660 2856 716 2876 nec
730 2845 818 2876 aliter
832 2847 864 2876 in
880 2853 1005 2878 centurn

282 2890 502 2924 consimilibus.
545 2895 736 2936 Nequissimi
754 2897 886 2931 editores
904 2908 941 2930 ex
957 2909 1006 2930 ar-

1042 873 1133 904 bitrio
1161 884 1218 904 suo
1246 879 1448 913 reposuerunt
1476 875 1509 904 in
1536 875 1632 905 salsis.
1677 873 1761 904 Con·

1042 927 1169 956 structio
1186 932 1246 956 est:
1273 929 1295 944 “
1313 926 1480 965 ossifragae
1502 927 1673 966 mergique,
1694 936 1763 966 quae

1044 979 1066 994 “
1081 983 1151 1007 sunt
1173 976 1299 1006 marinis
1314 975 1496 1005 fluctibus:’'
1520 976 1539 1006 i.
1555 986 1580 1006 e.
1603 986 1673 1006 aves
1693 986 1761 1006 ma-

1042 1027 1130 1064 rinae,
1155 1026 1292 1066 adeoque
1320 1026 1492 1055 victitantes
1514 1026 1602 1066 aquis
1626 1026 1763 1056 marinis.

1044 1077 1110 1107 Hic
1125 1082 1229 1106 autem
1255 1076 1333 1105 nihil
1348 1081 1392 1105 est
1410 1075 1561 1105 sermonis
1582 1075 1694 1114 po'etici
1714 1086 1766 1106 ra-

1043 1129 1187 1163 tionibus,
1214 1133 1359 1157 ornatum
1375 1127 1529 1164 sectantis,
1557 1137 1620 1157 non
1645 1127 1765 1166 aptissi-

1042 1188 1093 1208 me
1122 1183 1380 1208 consentaneum:
1405 1177 1526 1207 mireris
1554 1177 1653 1218 igitur
1681 1178 1765 1208 criti-

1042 1240 1151 1260 corum
1173 1231 1289 1267 turbas,
1315 1235 1345 1259 et
1367 1229 1558 1266 Bentleium,
1584 1239 1618 1260 se
1642 1235 1766 1260 tentan-

1041 1286 1104 1310 tem
1133 1279 1276 1319 expedire
1305 1279 1438 1320 legendo
1463 1282 1578 1310 marini
1603 1286 1634 1310 et
1667 1282 1766 1317 salsis,

1041 1341 1114 1361 cnm
1129 1330 1321 1360 eruditorum
1337 1330 1483 1369 pluribus.
1519 1331 1564 1360 At
1582 1331 1667 1360 enim
1681 1331 1766 1361 haud

1041 1382 1108 1411 leve
1131 1387 1176 1411 est
1199 1381 1295 1411 libros
1317 1381 1444 1420 scriptos
1471 1381 1609 1411 Lucretii
1636 1381 1766 1421 vilipen-

1043 1432 1127 1463 dere.

1086 1483 1167 1514 Ibid.
1189 1485 1301 1524 mergei
1328 1485 1458 1514 marinis
1484 1485 1654 1515 Fluctibus.
1698 1483 1767 1514 Pli-

1043 1535 1115 1565 nius
1133 1536 1240 1573 etiam,
1261 1541 1322 1565 nat.
1338 1535 1407 1566 hist.
1424 1545 1493 1566 xxx.
1507 1539 1558 1566 50.
1581 1546 1694 1575 mergos
1713 1545 1768 1567 vo-

1043 1586 1146 1616 citavit
1160 1589 1293 1617 marinos
1300 1602 1310 1622 ;
1329 1587 1418 1627 quasi
1433 1587 1474 1616 sit
1486 1587 1548 1616 alia
1559 1587 1685 1626 species,
1697 1597 1769 1628 quae

1042 1645 1155 1669 terram
1177 1639 1373 1677 potissimum
1394 1638 1539 1669 celebret:
1574 1638 1627 1669 sed
1648 1638 1688 1669 de
1709 1640 1769 1670 hoc

1043 1689 1175 1719 viderint
1189 1689 1386 1730 ornithologI.

1088 1740 1168 1771 Ibid.
1191 1743 1223 1771 in
1239 1743 1315 1772 salso
1336 1743 1447 1772 victum
1464 1744 1615 1782 vitamque
1625 1748 1768 1782 petentes.

1045 1792 1145 1822 Hunc
1170 1802 1293 1822 sensum
1322 1792 1367 1822 ita
1389 1792 1573 1822 Theocritus
1595 1792 1770 1830 declaravit,

1045 1843 1096 1872 vii.
1125 1846 1175 1874 59.
1205 1843 1248 1873 sic
1277 1842 1446 1873 certissime
1477 1842 1702 1881 rescribendus,
1723 1844 1770 1875 uti

1045 1894 1134 1924 video
1146 1894 1398 1924 Valckena‘e'rum
1413 1904 1451 1924 ex
1466 1900 1552 1933 parte
1567 1895 1769 1934 perspexisse;

1046 1946 1105 1975 nisi
1121 1945 1225 1982 malis,
1238 1956 1308 1985 quae
1323 1945 1462 1975 dederim
1476 1945 1634 1985 quondam
1647 1952 1770 1986 egomet

1044 1995 1084 2026 ad
1102 1995 1188 2036 Virg.
1207 2006 1275 2036 geo.
1289 1996 1309 2025 i.
1324 1999 1396 2027 399.

1043 2073 1185 2102 Ἀλκυοιες,
1207 2077 1337 2103 mmm
1351 2059 1518 2097 ΝΗΡΗῖΣιΝ
1530 2071 1629 2097 ‘mre
1647 2076 1770 2105 μαλιστα

1049 2122 1156 2155 Ορνιχων
1167 2119 1282 2152 εᾷιλαθεν,
1303 2119 1373 2146 ὅσαις
1385 2120 1426 2144 ΓΕ
1440 2127 1481 2153 περ
1496 2121 1519 2150 εξ
1529 2120 1591 2147 ἁλὸς
1604 2130 1683 2154 atypus.

1093 2198 1167 2228 Ver.
1202 2201 1293 2228 1080.
1318 2198 1447 2238 jaciunt
1475 2208 1565 2229 voces.
1610 2197 1771 2240 Virgilius,

1046 2249 1101 2280 ecl.
1121 2258 1147 2279 v.
1170 2251 1221 2279 62.

1333 2329 1408 2347 voces
1420 2323 1454 2347 ad
1465 2322 1550 2348 sidera
1555 2323 1666 2354 jactant.

1049 2385 1092 2415 Et
1109 2395 1229 2424 sensus,
1243 2395 1337 2425 quem
1352 2385 1526 2416 Lambinus
1540 2396 1604 2416 non
1616 2391 1771 2417 assecutus

1049 2442 1102 2472 est,
1128 2436 1169 2466 sic
1185 2446 1217 2466 se
1230 2437 1333 2467 habett
1362 2440 1384 2454 “
1402 2436 1482 2472 Vox,
1505 2435 1566 2476 qua
1590 2437 1771 2468 naturaliter

1050 2489 1072 2505 ‘⁶
1086 2492 1220 2517 utuntur
1235 2497 1316 2525 aves,
1326 2486 1421 2517 nullis
1435 2487 1596 2517 affectibus
1609 2487 1769 2519 violentio-

1050 2541 1072 2556 “
1088 2539 1173 2568 ribus
1188 2544 1360 2574 commotae,
1370 2538 1507 2568 multum
1520 2537 1670 2578 discrepat
1682 2547 1769 2574 sone.

1049 2593 1070 2608 “
1086 2600 1179 2630 quem
1208 2591 1344 2620 rixantes
1371 2596 1402 2620 et
1430 2595 1604 2631 pugnantes
1631 2588 1768 2619 mittunt.

1048 2645 1070 2660 “
1090 2641 1168 2672 Sunt
1188 2642 1293 2679 etiam,
1316 2641 1429 2681 quibus
1444 2651 1531 2671 vocoe
1554 2649 1627 2670 cum
1647 2639 1767 2670 varian-

1049 2696 1070 2711 “
1086 2693 1168 2724 tibus
1183 2694 1414 2733 tempestatibus
1427 2690 1612 2722 varientur.’'

1089 2746 1163 2776 Ver.
1183 2749 1273 2776 1081.
1295 2751 1428 2776 certant:
1462 2744 1509 2774 M.
1531 2750 1674 2780 cemant,·
1705 2743 1766 2774 ele-

1047 2803 1167 2836 ganter,
1186 2803 1217 2827 et
1231 2795 1427 2834 accepissem,
1450 2793 1508 2824 nisi
1523 2801 1659 2833 posceret
1672 2794 1768 2825 aliam

1048 2849 1262 2882 mutationem,
1291 2850 1457 2885 repugnent
1483 2844 1764 2886 utique—praedii.-

1049 2899 1087 2932 P.
1097 2899 1230 2939 praedae;
1253 2898 1290 2930 L.
1307 2897 1353 2930 M.
1363 2898 1518 2938 praedata.
