1926 3224
277 227 365 265 150

780 218 840 265 Τ.
893 213 1269 263 LUCRETII

407 350 523 392 Inter
542 363 583 389 se
603 359 779 402 quorum
799 343 1004 385 discordia
1022 342 1209 384 membra
1222 341 1421 382 videmus:

410 424 517 472 Quae
537 435 670 476 neque
689 418 910 460 florescunt
929 417 1097 473 pariter,
1129 430 1206 457 nec
1225 415 1377 456 robora
1395 421 1562 455 sumunt

411 493 678 550 CorporibuS,
709 507 843 548 neque
861 491 1082 547 perficiunt
1101 497 1222 532 aetate
1241 487 1423 537 senects‘i3

297 574 378 612 895
411 570 499 610 Nec
519 567 638 608 simili
658 567 819 607 Venere
841 565 1075 614 ardescunt,
1096 577 1174 604 nec
1193 561 1377 603 moribus
1397 560 1490 601 unis

410 642 691 691 Conveniunt3
724 655 856 696 neque
877 648 972 681 sunt
991 638 1135 679 eadem
1149 635 1333 692 jocunda
1352 649 1426 690 per
1445 641 1571 675 artus:

410 718 578 772 Quippe
597 716 735 757 videre
754 715 848 756 licet
866 715 1133 771 pinguescere
1153 726 1261 766 saepe
1281 709 1414 751 cicuta

407 792 654 848 Barbigeras
671 789 863 844 pecudes,
893 787 1051 829 homini
1072 801 1165 842 quae
1185 792 1246 827 est
1265 799 1358 826 acre
1376 797 1590 824 venenum.

295 966 342 989 Per
352 969 398 988 nos
409 962 501 994 Scylla,
512 962 581 993 patri
593 966 673 986 canos
682 959 773 985 furata
783 959 901 992 capillos,

325 1004 396 1028 Pube
406 1002 505 1034 premit
515 1001 624 1031 rabidos,
633 1000 850 1033 inguinibusque,
861 1007 948 1026 canes.

265 1075 330 1106 Ubi
345 1073 471 1115 quidam
487 1072 575 1104 codd.
589 1074 723 1112 rapidos,
747 1071 800 1103 cui
825 1071 988 1102 adversan-

262 1132 314 1158 tur
337 1126 433 1157 iidem
458 1134 562 1155 versus
584 1123 690 1154 leviter
720 1123 838 1159 variati,
870 1123 910 1153 ad
933 1128 988 1152 art.

262 1189 324 1209 am.
338 1178 358 1209 i.
373 1180 444 1208 332.
472 1175 623 1207 Conferas
645 1175 782 1206 eundem
802 1175 838 1205 in
862 1175 908 1205 Ib.
925 1177 982 1204 251

261 1232 377 1261 —255.
417 1229 543 1267 Seneca,
583 1227 670 1258 Med.
701 1230 774 1258 650.
810 1226 849 1257 de
878 1225 987 1256 eadem

264 1280 366 1322 Scylla
379 1294 385 1312 :

610 1357 690 1382 Siculi
700 1357 775 1388 virgo
786 1356 881 1385 Pelori,

351 1400 458 1424 Rabidos
469 1404 547 1424 utero
559 1398 683 1422 succincta
695 1404 777 1425 canes,

352 1440 452 1463 Omnes
463 1437 562 1469 pariter
571 1436 651 1460 solvit
662 1436 759 1460 hiatus.

262 1516 414 1556 Inspicias
444 1514 726 1545 animadversiones
758 1511 987 1551 Oudendorpii,

259 1568 299 1598 ad
325 1568 443 1598 Lucan.
467 1566 504 1596 xi.
525 1570 575 1597 66.
590 1568 663 1596 557.
699 1570 730 1594 et
746 1564 852 1594 Sidon.
881 1562 985 1602 Apoll.

259 1618 299 1648 ix.
318 1621 387 1649 162.
414 1617 529 1656 Sponte
551 1616 746 1647 restitueram
765 1614 943 1652 Tibullum,
966 1613 984 1644 i.

259 1673 287 1699 2.
304 1673 354 1700 40.

289 1753 356 1776 Nam
368 1751 449 1776 ruerit
461 1751 624 1782 quicumque
634 1750 747 1781 loquax,
761 1749 781 1773 is
792 1747 921 1780 sanguine
937 1753 983 1771 na-

349 1795 419 1820 tam,

318 1834 342 1858 Is
353 1835 485 1858 Venerem
496 1840 510 1858 e
518 1832 604 1856 rabido
615 1831 712 1857 sentiat
727 1837 782 1856 esse
792 1829 870 1854 mari.

258 1909 427 1949 Aphrodite
455 1907 579 1942 scilicet,
609 1917 626 1936 a
653 1906 732 1936 mari
754 1907 867 1936 rabiem
894 1913 983 1934 suam

259 1960 446 1999 εταφριζοντι.
493 1958 543 1988 Sic
559 1957 643 1988 idem
659 1956 732 1987 ibid.
747 1956 767 1986 i.
779 1960 829 1987 49.
841 1956 983 1996 furorem

258 2013 362 2041 nutris.
400 2009 498 2046 Quid,
516 2009 600 2049 quod
615 2019 704 2038 versu
718 2013 828 2048 quarto
847 2011 985 2037 recurrat

258 2064 363 2101 rapidi
370 2078 380 2098 ;
405 2067 435 2091 et
458 2063 567 2100 rapido
596 2060 676 2090 nihil
690 2061 801 2090 habeat
815 2069 984 2089 commune

257 2123 331 2143 cum
347 2113 471 2142 Venere
486 2114 565 2142 iram
589 2121 680 2142 suam
695 2109 873 2140 exercente?
903 2109 984 2139 Haec

258 2170 364 2194 autem
379 2163 476 2193 videri
497 2163 614 2202 possint
634 2167 667 2192 et
681 2161 812 2191 levicula
833 2167 863 2191 et
877 2170 982 2200 perva-

257 2221 341 2254 gata:
368 2214 421 2244 sed
445 2224 509 2244 non
526 2213 694 2244 leviculum
710 2218 755 2242 est
773 2211 894 2252 judicio
909 2213 980 2242 sub·

258 2272 326 2295 acto
349 2265 383 2295 in
410 2265 508 2304 poetis
534 2263 713 2295 enarrandis
728 2263 782 2299 uti,
807 2270 839 2294 et
864 2262 912 2293 vel
925 2263 981 2293 tri-

256 2317 389 2348 vialibus
403 2317 507 2348 lucem
521 2323 551 2347 et
566 2322 786 2347 ornamentum
802 2315 884 2346 dare.
913 2315 981 2346 Nec

256 2370 362 2399 minus
377 2369 512 2400 eundem
528 2369 719 2405 resuscitem,
732 2367 772 2397 ad
787 2367 890 2397 locum
906 2377 979 2397 con·

255 2420 439 2457 clamatum,
465 2426 497 2450 et
510 2420 642 2450 infinitis
665 2419 852 2459 conjecturis
873 2418 979 2449 docto-

256 2481 326 2501 rum
343 2471 481 2502 virorum
496 2481 594 2512 usque
609 2470 649 2501 ad
660 2471 832 2500 satietatem
846 2469 977 2500 solicita-

256 2528 335 2558 tum,
351 2523 389 2552 iv.
408 2526 434 2553 1.
452 2526 500 2554 71.

285 2605 339 2629 Nec
353 2605 447 2637 scylla:
459 2612 533 2630 saevo
544 2605 693 2630 conterruit
704 2605 820 2637 impetus
830 2611 876 2630 ore

286 2644 355 2668 Cum
367 2644 471 2668 canibus
481 2644 575 2669 rabidis
586 2645 656 2670 inter
664 2644 726 2675 fera
736 2648 853 2676 serperet
864 2643 956 2668 undas.

255 2719 340 2749 Eum
355 2720 480 2760 insuper
495 2722 613 2762 collyrii
629 2722 823 2763 indigentem
834 2721 974 2755 dixerim,

255 2770 386 2809 quinon
409 2772 519 2802 viderit
540 2783 646 2812 parem
668 2773 903 2814 castigationem
921 2771 974 2802 ad-

255 2823 422 2854 hibendam
438 2835 501 2855 esse
519 2826 652 2862 Catullo,
670 2827 709 2857 ad
725 2827 799 2857 lxiii.
814 2831 865 2858 54.

269 2904 371 2930 Rabidae
383 2906 479 2932 ducem
494 2913 639 2938 sequuntur
652 2909 737 2933 Galla:
750 2909 961 2940 properich-em.

1035 959 1186 991 Conferas
1211 957 1284 989 ibid.
1307 965 1382 987 verr.
1405 958 1457 986 51.
1471 958 1522 986 38.
1545 954 1704 993 Lucanus,
1727 963 1754 984 x.

1033 1015 1102 1042 211.

1287 1079 1387 1105 rabidos
1397 1078 1451 1110 qua
1463 1078 1542 1103 Sirius
1551 1077 1625 1110 ignes

1089 1121 1270 1147 Exserit-——t

1031 1193 1180 1224 Demiror
1195 1191 1329 1222 editores
1343 1189 1506 1230 vulgantes
1522 1190 1664 1229 rapidos:
1690 1186 1759 1218 vide

1032 1245 1116 1275 Pers.
1140 1243 1183 1274 iii.
1208 1245 1237 1274 5.
1261 1242 1341 1272 Hor.
1368 1251 1414 1280 ep.
1438 1240 1458 1270 i.
1482 1242 1531 1271 10.
1556 1242 1606 1271 16.
1634 1238 1698 1270 Cic.
1724 1238 1758 1269 in

1031 1297 1120 1325 Arat.
1147 1297 1218 1325 176.
1254 1293 1304 1322 Ita
1333 1291 1444 1322 malim
1468 1296 1594 1331 egomet
1618 1289 1757 1321 nobilem

1032 1356 1156 1376 versum
1169 1344 1338 1376 ›Prudentii
1352 1343 1516 1383 corrigere,
1532 1342 1635 1382 apoth.
1652 1344 1722 1374 131.

1063 1418 1220 1443 calcantem
1231 1416 1331 1442 rabidos
1341 1416 1467 1441 inadustis
1477 1415 1603 1440 fratribus
1612 1415 1693 1447 ignes.-

1031 1491 1131 1522 quum
1146 1490 1220 1510 mox
1237 1485 1394 1520 sequatur,
1409 1489 1470 1509 ver.
1488 1481 1558 1510 141.

1411 1554 1554 1586 piceosque
1561 1554 1667 1586 furores

1060 1595 1232 1627 Comprimit,
1254 1599 1282 1620 et
1309 1593 1403 1619 rabiem
1425 1592 1596 1623 flammarum
1621 1592 1754 1625 algescere

1151 1634 1236 1666 cogit.

1026 1703 1152 1735 'Eadem
1174 1702 1331 1733 medicina
1352 1701 1521 1733 certissime
1537 1701 1614 1732 Silio
1638 1701 1754 1733 facien-

1027 1754 1078 1792 da,
1104 1754 1193 1784 Pun.
1224 1753 1287 1783 viii.
1315 1756 1385 1783 130.
1408 1752 1548 1794 loquenti
1584 1752 1623 1783 de
1651 1753 1754 1789 Dido,-

1030 1805 1114 1847 (vide
1141 1811 1230 1836 notas
1255 1805 1295 1835 ad
1319 1805 1358 1834 iv.
1388 1804 1473 1844 185.)
1496 1814 1572 1834 nam
1587 1803 1755 1845 Virgilius,

1026 1867 1121 1898 quem
1137 1857 1235 1888 voluit
1248 1856 1428 1896 exprimere,
1441 1855 1489 1886 vel
1502 1855 1639 1886 maxime
1654 1855 1754 1886 incre-

1027 1908 1109 1939 dulis
1125 1908 1218 1938 fidem
1245 1907 1447 1947 extorquebit.
1493 1906 1586 1937 Idem
1607 1905 1666 1936 sibi
1683 1915 1754 1946 pos-

1026 1960 1107 1991 tulat
1135 1959 1315 1990 faciendum
1343 1959 1468 1994 Statius,
1499 1958 1539 1989 ad
1563 1957 1629 1988 silv.
1654 1956 1699 1988 iii.
1724 1959 1753 1989 5.

1032 2014 1077 2042 15.

1187 2080 1235 2100 aut
1247 2075 1328 2100 rabidi
1343 2074 1464 2100 mulcent
1475 2077 1503 2099 te
1512 2073 1607 2106 praelia
1616 2074 1697 2100 Circi.

1027 2145 1147 2186 Vulgo,
1163 2146 1269 2185 rapidi
1274 2160 1285 2181 ‚·
1309 2143 1362 2175 sed
1377 2153 1472 2174 nemo
1486 2149 1600 2174 nostrae
1614 2143 1750 2184 refraga-

1026 2197 1110 2228 bitur
1131 2196 1355 2234 emendationi,
1382 2195 1437 2236 qui
1458 2194 1650 2226 consuluerit
1672 2196 1751 2226 Bar-

1025 2248 1082 2278 thii
1098 2254 1216 2286 notam,
1240 2247 1280 2278 ad
1295 2247 1395 2277 Theb.
1413 2246 1452 2276 vi.
1469 2249 1539 2278 449.
1563 2245 1650 2276 unde
1665 2251 1752 2285 extra

1025 2299 1264 2330 controversiam
1285 2297 1377 2328 lectio
1406 2296 1634 2327 nonnullorum
1657 2292 1754 2326 libross

1025 2361 1095 2380 rum
1110 2350 1236 2390 ponitur
1250 2349 1283 2379 in
1301 2348 1467 2379 Prudentii
1483 2347 1628 2378 Hamart.
1643 2349 1717 2378 362.

1184 2431 1234 2450 nec
1246 2431 1346 2456 equum
1360 2423 1471 2447 ‘vesania
1483 2422 1587 2448 fervida
1597 2421 1668 2447 Circi

1053 2466 1200 2490 Auctorem
1212 2464 1328 2490 levitatis
1337 2463 1428 2493 habet,
1445 2461 1562 2487 rabidive
1571 2460 1692 2493 fragoris.

1024 2530 1184 2570 Denique,
1201 2528 1367 2559 Sidonium
1385 2527 1599 2567 Apollinarem
1615 2534 1746 2566 quoque,

1023 2582 1109 2620 epist.
1141 2581 1181 2611 ix.
1205 2584 1251 2611 15.
1283 2580 1349 2610 una
1377 2579 1470 2619 opera
1497 2577 1678 2612 emendabo,
1715 2581 1745 2605 et

1022 2639 1104 2664 recte
1118 2633 1353 2672 interpretabor:

1173 2712 1313 2745 Peregrina
1322 2713 1369 2737 det
1379 2710 1500 2743 supellex

1174 2753 1340 2785 Tisiphontis
1350 2757 1380 2776 ac
1392 2750 1510 2782 Niphatis

1174 2795 1242 2825 Juga
1253 2795 1341 2821 texta,
1356 2790 1498 2820 beluasque

1172 2832 1293 2861 Rabidos,
1304 2833 1417 2855 vacante
1426 2834 1530 2860 panno:

1173 2871 1254 2896 Acuit
1265 2870 1359 2901 quibus
1367 2868 1486 2899 furorem

1173 2911 1243 2934 Bene
1255 2908 1317 2933 ficta
1329 2907 1405 2939 plaga
1417 2913 1506 2931 cocco.
