1926 3224
263 208 351 254 178

759 202 818 249 Τ.
860 199 1232 248 LUCRETII

260 334 367 375 1070
397 333 453 375 Et
472 346 596 388 quom
616 330 785 372 desertei
805 329 1036 371 baubantur
1053 329 1098 369 in
1117 328 1288 378 aedibus.
1309 335 1380 370 aut
1398 343 1523 384 quom

397 407 608 449 Plorantes
627 403 805 460 fugiunt,
836 402 1034 444 submisso
1053 416 1240 458 corpore,
1270 401 1420 458 plagas.

454 477 662 533 Denique,
693 491 779 518 non
798 475 981 518 hinnitus
1001 477 1099 518 item
1118 475 1281 517 differre
1299 475 1474 526 videtur,

398 553 512 594 Inter
532 567 655 608 equas
674 551 744 593 ubi
765 566 891 607 equus
910 551 1072 592 florenti
1090 559 1211 592 aetate
1227 551 1425 606 'juvencus

398 625 609 683 Pinnigeri
628 624 745 666 saevit
763 624 984 666 calcaribus
1003 624 1106 666 ictus
1127 624 1312 673 Amoris3

316 780 378 811 Olli,
387 786 520 813 purpurea
530 779 675 805 delibantes
686 780 785 808 oscula,

316 821 434 846 Clemente
442 827 525 845 morsu
535 826 608 845 rosea
618 819 712 844 labella
723 819 852 844 vellicene.

255 894 375 934 Lepide
391 894 537 925 Sidonius
554 893 755 933 Apollinaris,
769 894 808 924 xi.
825 897 874 924 41.

272 982 351 1008 Dum,
363 979 480 1010 gaudens
489 982 634 1009 torquente
640 979 713 1010 joco,
729 978 847 1003 subridet
857 981 961 1003 amator

272 1017 404 1048 Vulnere3
417 1018 527 1049 Jamque
536 1024 611 1042 suam
620 1017 732 1049 parcenti
740 1017 816 1050 pistre
827 1017 953 1050 flagellat.

258 1092 310 1124 Ita
330 1092 548 1132 rescripserim:
574 1092 656 1131 libri,
678 1093 767 1123 Tum.
812 1092 977 1131 Martialis,

254 1143 276 1174 i.
294 1145 341 1174 15.
355 1146 385 1174 5.

285 1218 357 1242 Cum
368 1223 476 1249 prensus
487 1216 577 1242 blando
588 1217 667 1242 toties
680 1224 695 1241 a
705 1217 777 1242 dente
787 1218 895 1248 rediret,

315 1257 350 1281 Et
359 1263 407 1289 per
416 1259 508 1288 apem
517 1263 600 1288 vagus
617 1260 736 1282 curreret
748 1263 793 1281 ora
803 1256 885 1289 lepus.

256 1318 374 1350 Confer
398 1319 471 1350 Stat.
494 1319 561 1349 silv.
578 1318 608 1349 ii.
625 1321 653 1350 5.
671 1323 699 1349 6.
722 1319 775 1358 qui
801 1325 888 1350 vocat
911 1321 978 1351 laxo

255 1382 364 1402 morsu.
408 1370 594 1408 Eumenius,
620 1379 730 1410 paneg.
761 1369 866 1401 Const.
893 1372 978 1411 Aug.

258 1421 317 1452 xiv.
332 1425 361 1452 3.
384 1424 408 1441 “
425 1421 510 1458 Quid
525 1421 636 1452 faciam
652 1420 756 1461 igitur,
779 1427 814 1451 ut
828 1427 892 1451 tam
907 1432 977 1461 pro-

256 1475 280 1491 “
294 1472 393 1502 funda
401 1472 529 1502 vulnera
543 1471 685 1512 sas-peristi
702 1483 795 1502 manu.
811 1471 978 1504 tractem?’'

257 1522 321 1552 Ubi
347 1522 449 1553 videas
472 1522 662 1560 Livineium,
693 1523 747 1563 qui
771 1529 915 1562 provocat
939 1523 980 1554 ad

257 1572 360 1603 Pacat.
376 1583 487 1614 paneg.
506 1573 625 1604 Theod.
643 1574 727 1614 Aug.
743 1574 785 1604 iii.
802 1578 830 1606 6.

298 1623 379 1654 Ibid.
401 1627 565 1656 imitantur
579 1627 721 1657 haustus:
746 1625 765 1656 i.
781 1636 806 1657 e.
822 1626 979 1664 exhibent,

254 1675 444 1715 exprimunt,
474 1682 594 1707 teneras
619 1682 650 1707 et
677 1677 830 1708 innocuas
859 1677 980 1709 sorbiti-

254 1737 345 1758 ones:
371 1727 439 1758 redi
460 1728 500 1758 ad
514 1738 574 1760 ver.
588 1732 661 1760 989.
705 1729 743 1759 T.
760 1730 867 1765 Faber,
890 1739 978 1768 repo-

255 1789 330 1810 nere
343 1779 473 1818 cupiens
485 1791 578 1818 veros,
602 1790 658 1819 pro
681 1786 808 1818 teneros,
834 1790 899 1810 non
924 1790 981 1810 au.

255 1828 387 1861 diendus
418 1836 480 1868 est;
513 1836 545 1860 et
573 1830 720 1868 maxime,
750 1830 834 1871 quod
855 1841 919 1860 non
946 1830 981 1861 in

254 1881 431 1920 compertis,
474 1881 597 1921 opinor,
634 1882 909 1922 grammaticorum
944 1882 983 1912 sit

257 1941 366 1962 verum
381 1938 508 1973 etymon
523 1932 666 1963 dictionis
680 1935 792 1963 imitor.

299 1983 373 2013 Ver.
391 1987 482 2016 1069.
495 1983 628 2014 Exsulat
645 1994 750 2015 versus
763 1984 883 2025 integer
900 1991 983 2016 n.—

254 2036 407 2074 ganm'tu:
444 2034 541 2065 Vind.
568 2035 609 2065 V.
639 2034 686 2065 ed.
721 2041 766 2067 Ω.
802 2037 983 2066 mnnita.—

256 2086 403 2116 adulant:
438 2084 574 2123 Nouius,
602 2085 640 2116 vi.
672 2089 721 2116 10.
747 2087 893 2123 adulent‚·
927 2086 981 2116 ubi

257 2136 348 2168 docet
376 2137 607 2178 grammaticus,
640 2151 673 2169 vo
697 2141 832 2178 gannire
861 2138 982 2179 proprie

256 2198 322 2218 esse
351 2199 471 2220 canum.
516 2189 608 2220 Idem
636 2199 720 2228 vero,
757 2190 777 2220 i.
808 2192 858 2221 57.
890 2190 983 2220 habet

257 2242 374 2271 adulat.

303 2291 384 2323 Ibid.
419 2295 562 2333 gannitu.
615 2294 739 2324 Festus:
781 2295 804 2312 “
824 2294 984 2331 Gannzlio,

260 2345 283 2362 “
299 2353 413 2374 eanum
427 2345 559 2385 querula
576 2344 814 2376 murmuratio.‘’
861 2345 984 2376 Consu-

260 2393 305 2425 las
325 2394 507 2435 interpretes
528 2396 569 2427 ad
591 2396 717 2427 Terent.
733 2396 868 2435 Adelph.
892 2396 932 2426 iv.
956 2400 985 2427 2.

263 2447 310 2475 17.
357 2446 516 2477 Glossator
530 2453 632 2478 vetus:
659 2451 682 2466 “
703 2449 838 2486 Gannio,
853 2461 984 2489 ωρυαμαι,

263 2497 285 2513 “
301 2496 490 2537 κνυζαομαι.”
537 2497 587 2529 Sic
608 2497 814 2529 scribendum.
860 2498 983 2529 Home-

261 2555 326 2584 rus,
349 2546 412 2578 Od.
431 2554 471 2579 Π.
488 2552 558 2581 162.

265 2634 329 2660 Am:
341 2636 444 2666 obeo-eve
459 2647 485 2664 τε
499 2639 612 2665 ΚΥΝΕΣ
625 2647 651 2665 τε
663 2638 721 2664 ibor·
732 2648 778 2664 xm
791 2636 816 2672 ῥ’
826 2648 862 2671 υχ
874 2637 985 2668 ulmum.

266 2686 468 2724 ΚΝΥΖΗΘΜῼ
483 2686 505 2712 δ’
515 2685 611 2722 ἕτερου-ε
625 2687 668 2713 δικ
680 2686 803 2721 molitam
813 2684 914 2719 φυζηθεν.

267 2763 397 2804 Perlege
412 2764 534 2801 scholia,
556 2775 629 2796 cum
648 2765 736 2796 Suid.
753 2771 785 2795 et
801 2764 938 2805 Hesych.
953 2764 987 2794 in

268 2814 410 2854 cognatis
423 2816 555 2845 vocibus.

312 2873 392 2905 Ibid.
414 2875 560 2905 adulant:
591 2875 612 2905 i.
627 2884 653 2906 e.
675 2874 830 2912 alludunt,
860 2874 986 2906 abbian-

1018 780 1158 819 diuntur‚
1189 792 1373 823 πρσςσαινυσι,
1394 785 1581 821 τροςιγελωσι,
1604 788 1679 810 cum
1702 788 1737 811 aa·

1018 842 1104 862 more
1119 842 1155 862 ac
1170 831 1326 862 blanditiis
1340 830 1491 861 accedunt
1497 842 1506 868 ;
1528 829 1623 869 unde,
1646 839 1738 862 sensu

1019 884 1214 915 mediocriter
1237 884 1368 922 deflexo,
1392 891 1510 922 amant,
1534 890 1566 914 et
1587 894 1661 915 cum
1684 893 1739 914 vo-

1019 936 1137 975 luptate
1174 935 1409 976 aggrediuntur,
1450 940 1542 975 atque
1579 934 1738 965 fruuntur.

1022 988 1072 1019 Sic
1094 988 1221 1018 fortasse
1242 986 1410 1026 capiendus
1431 991 1478 1016 est
1501 986 1621 1022 Cicero,
1645 985 1739 1017 Tusc.

1020 1039 1117 1078 dispp.
1132 1039 1163 1070 ii.
1184 1042 1233 1069 10.
1256 1037 1296 1068 de
1309 1039 1426 1069 vulture
1444 1039 1630 1068 Promethei:

1243 1113 1367 1135 nostrum
1377 1109 1468 1134 adulat
1477 1108 1645 1141 sanguinem.

1022 1180 1172 1216 Avienus,
1195 1180 1258 1210 orb.
1273 1179 1355 1210 dese.
1367 1182 1440 1210 538.
1462 1177 1502 1209 de
1517 1179 1613 1209 Nilo.-

1051 1253 1173 1278 Caerulus
1183 1252 1312 1278 accedens
1322 1252 1372 1278 diti
1381 1251 1440 1277 loca
1449 1250 1562 1276 flumine
1570 1250 1672 1276 adulat.

1021 1321 1043 1352 i.
1068 1332 1094 1352 e.
1124 1321 1258 1352 molliter
1284 1320 1409 1357 aooedit,
1433 1326 1465 1351 et
1492 1319 1582 1362 quasi
1603 1318 1744 1361 gaudens

1021 1372 1139 1404 lambit.
1187 1372 1335 1404 Similiter
1359 1371 1442 1402 idem
1470 1381 1557 1410 mox,
1585 1380 1645 1402 ver.
1669 1373 1745 1402 571.

1023 1423 1095 1454 ibid.
1131 1424 1285 1454 Consulas
1310 1429 1417 1454 autem
1439 1422 1615 1463 elegantem
1637 1428 1746 1453 notam

1023 1474 1241 1512 ValckenaEri,
1273 1473 1313 1504 ad
1349 1472 1461 1512 Eurip.
1494 1472 1593 1513 Hipp.
1622 1475 1746 1504 862.—

1024 1529 1193 1567 Caeterum‚
1212 1528 1367 1569 antiquior
1381 1527 1541 1567 scriptura,
1555 1533 1592 1558 ut
1605 1527 1746 1568 arbitror,

1025 1587 1090 1610 erat
1103 1582 1209 1617 adolo,-
1234 1590 1329 1621 quam
1352 1579 1485 1610 formam
1507 1578 1619 1620 glossae
1631 1584 1747 1610 veteres

1022 1637 1208 1672 agnoscunt,
1232 1637 1325 1671 atque
1347 1630 1417 1670 plus
1441 1639 1507 1660 uno
1531 1629 1601 1661 looo
1620 1628 1746 1661 Tertul-

1022 1682 1140 1712 lianus:
1167 1683 1226 1712 hoc
1240 1687 1346 1712 autem
1361 1691 1426 1712 non
1440 1686 1486 1711 est
1499 1681 1586 1712 tanti.

1065 1734 1141 1764 Ver.
1160 1737 1249 1765 1070.
1264 1735 1391 1765 deser-tei
1404 1734 1593 1764 baubontur:
1617 1732 1748 1774 quidam

1024 1785 1109 1825 apud
1124 1785 1229 1820 Pium,
1247 1791 1287 1817 Π.
1301 1786 1426 1816 desertis
1440 1785 1628 1821 baubantum
1648 1784 1685 1815 L.
1698 1783 1748 1815 Μ’.

1025 1839 1136 1868 deserti
1149 1837 1353 1873 humburnam
1378 1840 1413 1866 Δ.
1431 1837 1555 1867 desertis
1575 1836 1748 1873 nubantur,-

1029 1894 1073 1919 Ω.
1095 1889 1259 1919 desertibus
1274 1888 1459 1918 aubuantur.

1071 1941 1151 1972 Ibid.
1173 1943 1362 1972 baubantur.-
1386 1940 1531 1980 βαΰζεσιν
1553 1944 1591 1970 ut
1613 1938 1654 1970 de
1674 1949 1747 1979 que-

1025 1992 1097 2023 rum
1123 2004 1190 2024 voce
1214 1991 1392 2023 Melitensis
1414 1993 1564 2022 caniculae
1577 1990 1748 2029 maianus,

1026 2054 1120 2074 merc.
1134 2043 1224 2074 cond.
1235 2046 1287 2072 54.
1304 2041 1425 2072 Glossae
1434 2041 1612 2072 Philoxeni:
1628 2044 1650 2060 ‘⁴
1658 2042 1748 2072 Bau·

1027 2098 1049 2114 “
1065 2097 1190 2132 bantur,
1215 2091 1396 2124 §Aann01·'’
1417 2093 1550 2128 latr-arm
1576 2102 1640 2122 non
1660 2101 1748 2131 pror-

1025 2156 1076 2176 sus
1092 2150 1248 2176 accurate:
1272 2143 1382 2184 potius
1397 2144 1471 2175 Cum
1485 2144 1664 2184 lacrymosis
1677 2143 1749 2173 ulu-

1025 2197 1137 2227 latibus
1151 2201 1330 2236 queruntur,
1352 2199 1390 2224 ut
1403 2193 1443 2224 de
1464 2195 1590 2225 canibus
1606 2192 1750 2232 Orosius,

1024 2248 1094 2279 hist.
1136 2258 1164 2278 v.
1206 2249 1252 2277 18.
1297 2245 1501 2276 Adscribatur
1535 2244 1750 2283 Philodemus,

1026 2299 1106 2340 epig.
1121 2302 1173 2329 20.

1066 2383 1118 2408 Tor
1131 2392 1182 2417 γαρ
1196 2391 1231 2407 νυν
1244 2389 1275 2408 συ
1283 2389 1328 2416 μου
1341 2381 1385 2408 ὧδε
1397 2390 1472 2414 μενοι
1495 2379 1678 2407 ΚΔΔΙΟΥΣΔ
1691 2377 1749 2406 BA·

1152 2442 1268 2468 ΥΖΟῙΣ.

1028 2515 1146 2546 Videas
1168 2515 1294 2555 insuper
1323 2515 1429 2546 AEsch.
1457 2513 1542 2544 Pers.
1572 2515 1620 2544 13.
1646 2510 1748 2543 Taetz.

1027 2567 1068 2597 ad
1091 2567 1227 2607 Lycopb.
1252 2569 1302 2597 77.
1333 2571 1365 2596 et
1390 2564 1622 2606 lexicographos
1646 2567 1748 2593 vetus-

1028 2618 1129 2649 tiores.

1071 2670 1145 2700 Ver.
1163 2671 1255 2701 1071.
1287 2670 1466 2700 Plorantes:
1496 2665 1537 2696 V.
1562 2663 1609 2695 ed.
1636 2663 1676 2694 0.
1702 2669 1747 2695 Ω..

1030 2722 1198 2752 Plorantis.

1073 2771 1156 2803 Ibid.
1187 2772 1328 2803 submisso
1355 2778 1494 2809 corpore.-
1527 2766 1547 2797 i.
1573 2775 1599 2796 e.
1622 2774 1750 2804 corpore

1029 2833 1062 2853 se
1090 2822 1302 2859 submittente,
1331 2820 1379 2850 vel
1405 2818 1597 2849 demittente.
1642 2817 1749 2848 Verbo

1030 2872 1181 2914 singulari
1198 2881 1323 2903 sensum
1336 2870 1466 2901 feliciter
1481 2868 1585 2901 Graeci
1595 2867 1747 2909 complec-
