1926 3224
532 327 881 378 SPECIMEN
914 327 1557 378 CONJECTURARUM.

302 464 398 495 quam
418 458 601 488 adultorum.
646 457 697 488 Sic
716 457 867 487 nimirum
885 462 951 487 tam
964 467 1024 488 nu-

303 515 416 546 meros,
431 517 525 548 quam
538 518 676 546 sensum,
690 507 891 549 redintegres:

341 604 423 630 Σνκον
438 615 464 633 ην
478 604 500 630 δ’
508 605 576 638 ἤμων
586 615 623 633 ης
633 605 719 645 ΕΙΔῌ
732 604 775 630 δια
785 615 860 640 χρονυ
870 613 914 631 νων
925 612 992 633 ποτε,

341 654 389 686 Τῳ
410 652 553 696 ’ΜΦΔΛῼ
570 663 755 689 mma-carofium
775 664 805 686 γε
822 664 884 681 nu
905 654 960 679 ΤΩ.
976 663 1021 679 των

454 703 569 729 masma.

302 790 419 822 Confer
433 792 524 822 Prov.
542 791 603 822 Sol.
618 791 661 822 iii.
676 796 705 822 8.
726 799 941 832 Ομφαλητομω
953 801 1021 821 rem

298 849 479 882 agnoscent:
499 850 530 874 et
544 844 684 874 decoctas
699 843 776 874 ficus
790 844 831 874 ad
843 843 1019 874 inflamma-

297 893 397 923 tiones
411 899 503 934 atque
517 895 761 926 exulcerationes
775 895 874 925 facere
898 894 1019 931 Celsus,

298 943 430 980 Plinius,
447 944 657 983 Dioscorides,
673 951 704 975 et
718 945 784 982 alii,
799 944 940 975 docuere.

339 998 368 1026 5.
393 995 612 1033 Callimachus,
627 998 736 1037 hymn.
754 997 826 1028 Del.
842 1000 891 1029 79.

331 1085 366 1111 'H
378 1086 400 1112 δ’
410 1087 575 1117 ὑποδινηθυσι
583 1099 647 1124 χορυ
655 1098 822 1115 marmeno
832 1094 921 1122 νυμφη,

334 1135 480 1168 Δυτοχθω
492 1138 582 1166 Μελιη·
591 1147 637 1162 κω
648 1137 767 1170 ὐποχλοω
779 1145 837 1170 sext
847 1145 952 1170 παρυην.

294 1221 438 1253 Verbum
455 1223 641 1258 ὑποδινηθεισα
661 1223 816 1254 illustrare
837 1230 957 1260 possem
979 1229 1017 1249 ex

297 1273 401 1312 Apoll.
429 1275 532 1306 Rhod.
553 1275 573 1306 i.
589 1278 661 1306 215.
685 1274 738 1304 sed
753 1273 849 1313 aequis
859 1271 1018 1312 judicibus

293 1334 329 1355 ac
345 1325 463 1355 nasutis
477 1327 543 1355 haec
558 1325 617 1355 loci
632 1324 722 1361 ratio,
737 1330 773 1353 ut
786 1332 935 1363 auguror,
957 1321 1016 1351 mi-

292 1375 378 1406 nime
392 1375 565 1405 satisfaciet.
608 1374 795 1416 Legendum
809 1374 927 1414 itaque:

308 1472 340 1497 'H
354 1471 714 1502 δ“,’ΥΠΟΔΕΙΛΗΘΕ1ΣΔ,
726 1482 790 1507 χορυ
802 1481 1016 1498 amazonum—-

293 1562 367 1598 Quo
381 1560 462 1591 nihil
476 1560 658 1601 elegantius.
683 1560 807 1590 Eadem
822 1567 897 1591 sunt
910 1561 1018 1601 utique

290 1611 399 1649 suzam,
414 1610 537 1647 δειλιιο,
558 1618 589 1641 et
610 1610 705 1642 δειλεω
727 1617 878 1642 nostrum.
922 1612 1016 1642 Dori·

292 1673 361 1694 cam
377 1662 513 1695 formam
527 1663 705 1702 Hesychius
715 1663 805 1692 nobis
815 1662 1016 1694 conservavit:

293 1719 447 1745 Δειλασαι·
468 1712 616 1744 &mium-
657 1713 834 1751 AEschines,
857 1720 938 1744 cont.
961 1713 1016 1744 Ti·—

290 1765 408 1795 march.
433 1775 464 1804 p.
492 1767 560 1795 174.
582 1763 630 1795 ed.
654 1764 892 1799 Reiskii:—-·roe5
914 1764 942 1796 δε
964 1779 1019 1796 ται

292 1817 727 1846 ἻἹῙΟΔΕΔΕΙΛΙΑΚΟΤΩΝ
749 1830 800 1847 xm
823 1830 940 1858 aeovnpan
968 1830 1017 1847 αν-

290 1870 402 1910 Oportet
424 1875 516 1908 φυνας
538 1867 611 1907 pn&
641 1882 697 1902 τοις
721 1881 770 1900 ωσι
795 1868 1021 1910 σροςῧεχωνται,

294 1920 401 1955 Quem
422 1919 528 1950 locum
544 1918 679 1948 Wolfius
704 1925 821 1950 temere
840 1921 1019 1951 solicitabat.

294 1971 444 2001 Nostram
466 1979 573 2000 vocem
595 1969 717 2000 videtur
738 1981 904 2012 agnoscere
922 1973 1017 2002 Calli-

293 2022 397 2052 machi
411 2020 598 2058 scholiastes,
617 2031 777 2060 exponens
791 2033 856 2062 per,
875 2025 1016 2065 ‘'ra-orpo-

293 2087 345 2112 μσς
363 2084 504 2112 γενομινη.

336 2137 366 2164 6.
388 2132 508 2162 Versus
529 2131 653 2170 Diphili
672 2131 767 2172 longe
787 2134 1018 2165 venustissimos

295 2182 490 2220 emaculabo,
512 2182 596 2221 apud
613 2181 715 2213 Clem.
736 2183 792 2214 Al.
807 2190 913 2215 strom.
928 2185 968 2216 vi.
989 2189 1017 2217 2.

292 2234 453 2277 legendos:

334 2326 389 2350 Ouz
402 2333 452 2349 εστι
463 2325 523 2354 βικ,
536 2322 560 2351 ὃς
572 2333 617 2357 xxa
628 2333 753 2352 κεκτητω
764 2335 852 2356 και,

332 2374 431 2401 Aua-24,
441 2380 573 2405 μοριμ-νακ,
585 2371 719 2405 ἅρπαγας,
729 2370 862 2407 πρεξλαις,
876 2383 953 2402 rocus.

333 2423 426 2447 Tus-m
437 2420 449 2446 ό
459 2422 588 2450 Gara-m,
602 2420 674 2446 ³⁶20ae
687 2431 727 2456 περ
738 2432 821 2457 tvi-pos
832 2430 920 2458 φανεις,

335 2468 462 2493 Διεταυσε
474 2477 518 2494 we
531 2476 643 2500 εχονταις,
655 2469 857 2495 ΑΝΔΠΔΣΑΣ
869 2470 938 2504 ὑπνῳ,

296 2554 417 2595 Vulgo,
442 2564 624 2587 avua-aveas·
645 2553 728 2593 quod
753 2554 804 2585 hic
825 2556 958 2586 minime
972 2556 1016 2587 feu

295 2606 438 2637 rendum.
496 2605 615 2635 Vocem
636 2615 709 2635 vero
731 2606 925 2638 medicorum
954 2620 1019 2640 esse

298 2670 415 2689 «auom
445 2662 561 2686 norunt
589 2665 699 2686 omnes
725 2656 887 2697 lautiores3
916 2671 1019 2702 neque

296 2719 374 2748 opus
388 2713 433 2738 est
448 2706 613 2746 exemplis:
633 2717 788 2747 apponam
798 2709 904 2741 lectori
916 2719 1020 2744 tamen

297 2761 458 2800 poetarum
494 2758 639 2789 omnium
674 2760 944 2801 perfectissimum,
981 2776 1018 2796 ex

297 2812 375 2843 AEn.
391 2811 442 2841 vii.
459 2814 531 2842 754.

328 2898 441 2928 vipereo
451 2902 552 2932 generi,
563 2906 590 2928 et
601 2903 718 2935 graviter
727 2905 883 2936 spirantibus
894 2907 994 2940 hydris,

331 2939 495 2969 spinosas
506 2947 552 2977 qui
562 2951 682 2972 somnos
692 2953 828 2982 cantuque
837 2958 972 2985 manuque
979 2962 1020 2980 so-

420 2986 499 3011 lebat.

1068 457 1221 488 Consulas
1240 459 1367 499 insuper
1381 460 1479 490 Hom.
1496 459 1535 490 11.
1552 462 1587 490 Δ.
1602 462 1674 490 218.

1109 510 1136 538 7.
1161 508 1215 539 Ad
1231 509 1323 540 illum
1343 520 1416 541 vero
1438 511 1618 548 Maronem,
1640 520 1675 541 ac
1697 511 1783 542 Lati-

1064 569 1133 597 nos,
1152 565 1353 591 transeamus.
1396 561 1450 592 Ad
1464 561 1503 591 iv.
1521 565 1569 592 91.
1592 560 1718 598 ibidem,
1740 562 1784 592 sic

1063 610 1210 653 legimus:

1094 701 1182 731 Quam
1193 701 1271 726 simul
1283 708 1314 727 ac
1333 702 1380 726 tali
1389 702 1516 734 persensit
1524 705 1599 734 peste
1607 701 1693 728 teneri

1093 740 1157 764 Cara
1167 741 1240 772 Jovis
1250 741 1391 772 conjux—-

1064 815 1111 846 At
1124 816 1172 846 his
1186 817 1235 847 vix
1250 818 1420 855 assenserit,
1443 818 1494 849 cui
1515 818 1640 849 venient
1661 817 1695 848 in
1716 826 1782 847 me-

1063 868 1207 906 moriam,
1233 880 1302 910 quae
1324 871 1357 901 in
1374 870 1473 901 Iliade
1495 875 1656 911 geruntur,
1683 874 1782 908 etpo-

1062 919 1217 951 tissimum
1246 921 1286 952 ad
1307 927 1343 953 A.
1365 925 1434 954 565.
1472 921 1703 961 Reponendum
1725 920 1784 952 sci-

1063 970 1148 1002 licet:

1140 1056 1245 1085 CLAru
1254 1064 1325 1094 Jovis
1336 1063 1479 1094 conjux—-

1061 1137 1105 1167 Et
1119 1138 1178 1167 hoc
1192 1147 1260 1167 sero
1273 1136 1336 1167 vidi
1357 1142 1519 1168 enotatum
1541 1136 1679 1177 Heynio.
1724 1136 1783 1168 Ni-

1060 1188 1106 1218 hil
1135 1189 1264 1226 certius3
1289 1198 1389 1229 quum
1415 1188 1595 1219 Homerum
1620 1189 1784 1228 exprimat,

1061 1238 1101 1269 Il.
1118 1243 1154 1270 Σ.
1174 1243 1243 1269 184.

1097 1319 1161 1355 Ἥρη
1170 1329 1204 1353 με
1214 1329 1321 1355 προεκκε,
1334 1320 1393 1349 Aio:
1410 1320 1529 1347 ΚΥΔΡΗ
1548 1330 1705 1356 παρασιτις.

1060 1398 1113 1430 De
1127 1399 1265 1430 confusis
1279 1402 1380 1431 clarus
1402 1405 1434 1431 et
1454 1411 1544 1431 carus
1562 1400 1627 1441 egit
1648 1399 1784 1440 optimus

1061 1450 1336 1482 Drakenborchius
1350 1451 1390 1482 ad
1407 1451 1462 1482 Sil.
1480 1452 1520 1482 It.
1535 1452 1554 1482 i.
1571 1455 1642 1483 564.

1103 1505 1132 1532 8.
1157 1502 1360 1541 Super-veniat
1373 1502 1562 1543 Propertius,
1581 1502 1614 1533 ii.
1630 1505 1679 1534 15.
1698 1505 1750 1533 21.

1092 1583 1246 1614 Numquam
1258 1584 1364 1609 venales
1372 1587 1457 1609 essent
1469 1584 1504 1608 ad
1515 1590 1611 1608 munus
1622 1584 1732 1614 amica,

1121 1622 1211 1653 Atque
1221 1623 1274 1647 una
1286 1622 1362 1649 fieret
1374 1630 1440 1649 cana
1450 1623 1539 1656 puella
1549 1624 1642 1648 domo.

1062 1703 1143 1734 Haec
1158 1704 1272 1745 frigida
1285 1711 1369 1744 sunt,
1385 1710 1416 1735 et
1429 1706 1492 1743 vix,
1505 1711 1541 1736 ut
1554 1706 1684 1737 arbitror
1697 1705 1784 1747 equi·

1061 1754 1145 1793 dem,
1161 1755 1284 1786 Latina.
1327 1756 1515 1797 Legendum
1529 1766 1653 1788 censeo:

1093 1841 1235 1872 Nunquam
1247 1840 1352 1866 venales
1363 1841 1437 1865 inem
1447 1841 1482 1865 ad
1494 1847 1592 1866 munus
1602 1841 1709 1866 amicae.

1064 1918 1151 1949 Testi
1166 1918 1206 1948 sit
1222 1918 1388 1957 Horatius,
1404 1924 1460 1949 art-
1475 1918 1555 1959 po'elt.
1570 1922 1642 1950 420.

1092 2005 1282 2031 adsentatores
1292 2006 1369 2037 jubet
1379 2005 1414 2031 ad
1425 2005 1525 2030 lucrum
1536 2005 1572 2030 ire
1585 2005 1705 2038 polita—-

1105 2086 1132 2114 9.
1158 2082 1283 2113 Deinde
1298 2083 1435 2121 Persius,
1455 2089 1509 2113 sat.
1525 2083 1545 2112 i.
1562 2086 1613 2114 74.

1194 2173 1258 2194 ante
1268 2169 1350 2194 boves
1360 2169 1520 2194 dictatorem
1531 2169 1616 2194 induit
1624 2175 1705 2194 uxor.

1063 2241 1270 2280 Reposuerim
1299 2240 1456 2281 equidem,
1485 2243 1671 2273 dictaturam
1678 2258 1690 2280 ,·
1712 2242 1732 2273 i.
1754 2253 1780 2274 e.

1062 2293 1171 2323 munia
1185 2293 1356 2331 dictatoris,
1370 2296 1552 2325 vestimentis
1567 2296 1715 2335 impositis
1729 2295 1782 2326 de-

1063 2343 1186 2374 clarata.
1232 2344 1379 2375 Sidonius
1401 2344 1602 2384 Apollinaris,
1632 2346 1682 2376 vii.
1710 2349 1784 2377 384.

1063 2397 1289 2427 venustissime:

1093 2490 1134 2515 Sic
1147 2490 1284 2521 quondam
1301 2489 1335 2513 ad
1347 2489 1441 2521 patriae
1458 2495 1498 2514 res
1512 2488 1609 2514 fractas
1619 2496 1719 2522 pauper
1729 2495 1784 2515 ara-

1186 2533 1240 2558 tor,

1094 2575 1266 2601 Cincinnate!
1291 2574 1374 2605 venis,
1398 2578 1519 2600 veterem
1539 2582 1602 2600 cum
1624 2578 1652 2601 te
1669 2579 1782 2600 mmm·

1185 2620 1253 2639 uxor

1095 2665 1160 2688 Ante
1170 2661 1250 2686 boves
1263 2662 1422 2689 TRABEAM,
1433 2660 1646 2694 dictatoremque
1655 2663 1763 2695 saligna:

1093 2703 1230 2734 Excepere
1240 2701 1351 2726 iorem.

1111 2790 1158 2817 10.
1183 2786 1304 2823 Cicero,
1332 2790 1394 2815 nat.
1409 2784 1491 2815 deor.
1513 2784 1544 2815 ii.
1562 2788 1610 2816 lo.
1634 2787 1655 2802 “
1674 2785 1784 2826 Itaque

1066 2841 1087 2856 “
1105 2843 1135 2868 et
1169 2836 1368 2877 aquilonibus
1402 2835 1589 2876 reliquisque
1617 2834 1785 2876 frigoribus

1066 2893 1088 2908 ‘⁴
1104 2889 1231 2929 adjectis
1245 2887 1381 2918 durescit
1394 2888 1521 2917 humor:
1547 2892 1579 2916 et
1598 2885 1682 2916 idem
1696 2887 1784 2918 sicis-

1066 2943 1089 2959 ‘⁴
1105 2940 1164 2970 sim
1180 2938 1319 2970 mollitur
1333 2937 1511 2977 tepefactus,
1534 2942 1565 2967 et
1586 2937 1714 2968 tabescit
1734 2948 1784 2968 ca-

1067 2996 1089 3012 “
1103 2992 1200 3023 lore.’'
1238 2992 1375 3033 Adjectis
1389 2996 1505 3030 autem,
1520 3001 1550 3022 se
1565 2991 1689 3022 humori
1703 2992 1785 3033 adji-
