1926 3224
566 253 798 301 LIBER
862 251 1217 308 QUINTUS.

171 389 252 426 665

1544 255 1635 296 115

341 384 430 426 Nec
450 393 588 425 tamen
609 384 707 426 illud
726 385 770 425 in
790 384 868 425 hiis
888 384 1009 425 rebus
1028 382 1212 425 mirabile
1231 382 1353 424 debet

288 458 402 508 Esse,
424 459 535 514 quod
558 458 648 499 haec
669 459 774 515 ignis
794 467 879 500 tam
900 466 1013 499 certo
1033 466 1218 512 tempore
1241 455 1398 512 possint

287 533 454 574 Semina
473 532 693 580 confluere,
726 539 766 571 et
786 531 880 571 solis
900 544 1092 584 reparare
1111 531 1301 570 nitorem.

287 604 425 646 Multa
443 604 628 644 videmus
656 604 780 651 enim,
813 610 926 642 certo
945 616 1038 656 quae
1058 609 1242 656 tempore
1263 602 1369 643 fiunt

286 677 491 720 Omnibus
511 677 554 716 in
575 676 714 725 rebus;
747 675 969 716 florescunt
989 683 1177 730 tempore
1196 683 1308 716 certo

170 753 252 794 670
281 750 479 800 Arbusta‚
511 757 551 791 et
570 758 682 791 certo
702 750 916 791 dimittunt
937 758 1120 804 tempore
1138 749 1297 790 florem:

283 823 372 865 Nec
393 825 527 865 minus
547 824 591 865 in
612 833 724 866 certo
744 825 902 866 denteis
923 824 1069 866 cadere
1089 824 1250 879 inperat
1269 830 1367 864 aetas

139 983 210 1012 247.
226 981 294 1010 haec
308 978 558 1019 respiciens:—“
574 981 723 1021 Epicurei
746 981 865 1018 dicunt,

140 1034 164 1050 ‘⁶
183 1042 247 1062 non
262 1032 307 1062 ire
321 1032 419 1062 solem
442 1042 496 1071 per
523 1032 656 1063 alterum
678 1033 863 1072 hemisphae-

141 1085 164 1101 “
181 1083 280 1120 rium;
303 1082 357 1113 sed
383 1093 505 1122 semper
529 1084 578 1113 his
600 1085 639 1114 ab
664 1090 735 1115 ortu
759 1084 865 1125 colligi

140 1136 163 1152 “
179 1133 338 1170 scintillas
362 1140 393 1164 et
406 1133 475 1164 fieri
491 1136 597 1165 orbem
612 1135 713 1165 solis?

184 1184 257 1215 Ver.
282 1187 354 1216 661.
384 1187 455 1216 solis
482 1197 558 1217 nova
587 1197 702 1226 semper
729 1188 862 1218 lumina:

137 1235 216 1267 adeo
239 1242 275 1266 ut
299 1236 401 1266 oriens
430 1236 475 1266 sol
501 1247 566 1267 non
594 1237 674 1268 alius
703 1238 743 1268 sit
772 1244 865 1278 atque

138 1287 222 1318 idem
239 1287 404 1326 occidenti,
428 1288 482 1318 sed
497 1288 536 1319 de
551 1299 632 1319 novo
653 1300 778 1329 prorsus
792 1300 866 1320 con-

137 1339 306 1370 fluentibus
322 1339 457 1370 flammae
471 1341 643 1372 seminibus
665 1343 866 1380 constimtus3

138 1391 214 1430 sole,
244 1392 298 1432 qui
326 1398 534 1431 praecesserat,
565 1393 717 1424 labefacto
742 1395 866 1433 penitus

139 1450 402 1484 consumptoque:
436 1445 477 1475 ad
503 1446 690 1485 hypothesin
713 1446 867 1476 nimirum

139 1496 343 1535 superiorem,
366 1496 400 1526 in
416 1506 478 1527 ver.
495 1500 673 1529 650—655.

182 1546 257 1576 Ver.
284 1549 356 1577 662.
390 1548 507 1578 Idaeis:
537 1547 578 1577 V.
604 1547 651 1578 ed.
676 1550 798 1584 Idacz's;
827 1555 867 1579 Π.

138 1599 346 1635 Idiacis.—e;
372 1598 411 1629 Ο.
427 1610 464 1635 α;
491 1605 532 1629 Π.
549 1602 599 1635 ι’π,·
623 1601 708 1629 abest
725 1606 760 1631 Δ.

181 1649 265 1680 Ibid.
313 1649 409 1680 Hanc
439 1659 506 1679 rem
537 1650 698 1681 Diodorus
729 1651 865 1688 Siculus.

139 1701 300 1732 Lambino
314 1700 470 1739 laudatus,
493 1701 602 1731 retulit
616 1702 655 1732 de
670 1703 729 1732 hoc
745 1709 864 1741 monte,

137 1753 172 1783 in
185 1752 258 1784 bibl.
274 1753 345 1783 xvii.
363 1756 391 1784 7.
425 1753 578 1784 Historici
597 1756 689 1785 verba
703 1755 867 1796 insigniter

137 1804 244 1835 luxata
258 1810 290 1835 et
303 1804 479 1844 depravata,
495 1809 614 1846 ‘susque
638 1806 738 1846 deque
760 1807 867 1837 habita

138 1855 312 1886 temerariis
326 1855 588 1893 distinctionibus,
612 1868 669 1888 nos
696 1858 865 1888 concinna-

138 1906 243 1937 bimus
268 1912 362 1947 atque
386 1907 591 1948 corrigemus:
620 1908 687 1940 Ιδων
713 1909 740 1940 δε
764 1924 793 1940 τι
816 1924 867 1942 και

140 1959 294 2003 παραδοξον
324 1962 467 2001 σνμςαινει
500 1964 622 2002 ’γινεσθαι
649 1976 708 2006 περι
739 1976 811 1995 τετυ
834 1978 868 1996 ‘ro

139 2027 204 2057 ορος,
229 2028 313 2045 κατα
329 2029 381 2049 την
397 2028 434 2046 τε
447 2029 526 2051 κυνος
544 2025 690 2054 evm-oxma
715 2020 759 2050 εντ’
776 2033 866 2062 ακριις

141 2078 193 2100 της
210 2073 342 2108 κορυφῆς,
365 2065 410 2097 δια
426 2080 478 2101 την
494 2081 618 2108 νηνεμιαν
635 2082 673 2100 τε
687 2081 866 2113 περιεχοντυς

139 2129 226 2159 aspar
244 2117 388 2159 ὑπερπετῆ
404 2125 475 2150 ΓΑΡ
497 2122 620 2160 ’γινεσθαιι
643 2135 694 2154 τῆν
709 2135 798 2164 ακραν
814 2137 866 2158 τῆς

141 2180 197 2199 των
212 2182 319 2209 mmm
335 2182 430 2206 onom,
455 2171 566 2213 ἅρασθαι
589 2172 615 2203 δε
640 2187 687 2204 ταν
709 2175 797 2213 ἣλιον,
826 2188 867 2206 ew

141 2231 194 2253 «τῆς
219 2234 316 2254 vum-03
341 2233 417 2257 sens,
441 2230 656 2254 ανατελλοντα·
675 2238 728 2259 τας
745 2239 866 2260 mmmm

143 2281 180 2300 zen
210 2283 235 2300 εν
264 2279 428 2313 κυκλοτερει
459 2287 598 2314 σχηματι
633 2281 867 2307 ΤΕΘΡΑΜΜΕ-

142 2326 226 2356 NON,
252 2322 327 2362 (non
343 2326 569 2360 condensatum,
593 2325 640 2355 vel
656 2326 867 2366 coagulatum,

142 2372 246 2401 radios
261 2373 295 2401 in
310 2375 436 2411 speciem
459 2376 659 2406 circularem.-
684 2376 792 2417 vulgo,
819 2391 866 2408 ‹rs-

142 2435 310 2464 σραιμμενον.
330 2423 424 2454 Docti
433 2434 499 2454 rem
514 2428 681 2466 tenebunt3
698 2433 729 2457 et
738 2438 795 2458 nos
804 2438 868 2459 nou

142 2473 227 2505 lente
242 2474 443 2517 festinamus)
467 2485 555 2509 αλλω
582 2493 634 2513 «την
659 2489 762 2522 φλογω
785 2497 869 2515 κατα

144 2532 260 2560 παλλες
277 2539 369 2561 τοπες
387 2540 496 2568 azor-ra
513 2528 722 2574 διεσπαρμειην,
739 2535 808 2568 imre
825 2535 867 2566 δο-

142 2589 199 2608 κειν
215 2589 290 2619 πυρα
306 2585 397 2610 oriem
412 2582 554 2620 θιγγανειν
570 2595 608 2613 τε
632 2598 682 2618 της
700 2599 754 2625 ’γῆς
772 2587 868 2628 ὃριζσν·

143 2641 203 2662 τος·
219 2630 285 2668 μετ’
301 2637 398 2670 ολιγον
413 2629 440 2662 δε
455 2644 613 2673 συναγεταιι
635 2649 735 2667 ταυτα
758 2649 822 2679 προς
844 2640 869 2669 ἓν

143 2683 270 2720 mydas,
287 2682 334 2716 ἕως
347 2686 384 2713 ἀν
400 2696 520 2722 ’γενηται
536 2689 694 2728 τριπλεέρον
709 2687 867 2730 &ao-vmacc-

144 2745 195 2762 και
220 2745 297 2768 τοτε,
333 2732 382 2766 ηὲπ
410 2748 461 2768 τῆς
488 2737 591 2777 ’ἡμερας
619 2743 811 2779 επιλαβεσῆς,
837 2757 870 2774 το

145 2789 303 2823 φαινομενον
318 2797 356 2815 τε
371 2786 439 2818 ἥλιε
451 2789 569 2827 μεγεέος
586 2792 728 2830 πληρωέεν
751 2805 802 2825 *rm
817 2807 868 2828 eng

146 2835 247 2877 ἡμερας
263 2835 377 2868 διαθεσιν
392 2840 618 2878 κατασκευαζει.
655 2842 869 2881 Pomponium

145 2883 278 2922 TMelam,
302 2887 375 2918 hinc
390 2899 580 2929 expressum,
603 2892 650 2922 uti
667 2893 869 2937 W'esselingi-

147 2946 186 2967 us
214 2938 329 2980 aliique
358 2939 562 2982 monuerunt,
601 2944 676 2976 libet
705 2956 870 2987 apponere,

910 991 1010 1022 quum
1028 981 1066 1011 ad
1082 981 1304 1012 illustrandum
1313 979 1496 1010 Lucretium
1506 979 1635 1019 pulchre

909 1032 1069 1072 pertineat,
1093 1033 1112 1062 i.
1134 1036 1179 1062 18.
1204 1036 1226 1051 ‘⁶
1240 1033 1312 1071 Ipse
1326 1042 1419 1061 mons
1436 1030 1634 1072 (lda)—-ori-

909 1087 932 1102 ‘⁴
948 1090 1052 1114 entem
1068 1084 1176 1122 solem,
1199 1083 1296 1119 aliter,
1320 1093 1415 1123 quam
1432 1083 1464 1112 in
1488 1082 1558 1112 aliis
1572 1088 1633 1111 ter-

909 1139 931 1155 “
947 1136 990 1166 ris
1005 1136 1081 1166 solet
1096 1135 1223 1175 adspici,
1246 1141 1388 1165 ostentat.
1434 1134 1580 1174 Namque
1595 1142 1633 1162 ex

909 1191 932 1207 “
947 1198 1072 1218 summo
1087 1187 1200 1217 vertice
1215 1187 1283 1227 ejus
1297 1185 1538 1226 speculantibus,
1555 1194 1634 1223 pene

910 1242 931 1257 ‘⁶
948 1249 967 1269 a
981 1238 1085 1269 media
1099 1244 1201 1276 nocte,
1224 1238 1328 1278 spargi
1349 1238 1438 1278 ignes
1457 1236 1634 1276 passimque

911 1293 934 1309 “
949 1290 1096 1329 micare,'’
1122 1291 1155 1332 (i.
1172 1302 1198 1322 e.
1212 1292 1341 1326 vibrare,
1357 1288 1541 1326 scintillare3
1565 1287 1635 1318 vide

910 1352 980 1380 nos,
1003 1341 1043 1372 ad
1058 1342 1090 1372 ii.
1111 1342 1197 1382 195.)
1223 1346 1244 1360 “
1261 1348 1304 1380 et,
1326 1348 1363 1372 ut
1387 1341 1441 1372 lux
1467 1340 1634 1380 appropin-

911 1395 933 1410 “
951 1399 1035 1432 quat,
1058 1393 1102 1423 ita
1125 1393 1219 1431 coire,
1243 1403 1279 1423 ac
1304 1403 1336 1423 se
1361 1393 1563 1433 conjungere,
1587 1391 1633 1421 vi-

911 1446 933 1461 “
949 1442 1074 1479 dentur,
1086 1443 1197 1481 donec,
1211 1444 1312 1485 magis
1323 1445 1484 1484 magisque
1500 1442 1634 1480 collecti,

912 1496 933 1511 ‘⁴
950 1495 1111 1532 pauciores
1135 1495 1277 1533 subinde,
1304 1501 1335 1525 et
1359 1506 1424 1525 una
1453 1495 1493 1526 ad
1515 1502 1634 1534 postre-

913 1547 935 1562 “
951 1554 1042 1574 mum
1071 1545 1207 1581 flamma,
1230 1546 1370 1577 ardeant:
1406 1556 1452 1582 ea,
1483 1556 1554 1576 cum
1578 1546 1636 1576 diu

913 1599 935 1614 “
950 1596 1044 1634 clara,
1067 1603 1098 1627 et
1122 1597 1268 1628 incendio
1293 1597 1414 1636 similis,
1437 1597 1562 1633 effulsit,
1585 1607 1637 1628 co-

912 1649 935 1664 “
950 1647 998 1687 git
1012 1658 1044 1677 se
1055 1658 1091 1678 ac
1107 1649 1267 1687 rotundat,
1291 1655 1322 1679 et
1337 1648 1372 1679 fit
1386 1649 1498 1689 ingens
1513 1648 1635 1689 globus,

911 1700 933 1715 “
950 1698 1020 1728 Diu
1046 1699 1072 1728 is
1097 1711 1221 1740 quoque
1247 1701 1386 1740 grandis,
1411 1707 1442 1730 et
1465 1701 1554 1731 terris
1579 1711 1637 1730 an-

912 1752 934 1767 “
951 1760 1057 1786 nexus,
1081 1758 1221 1790 apparet;
1249 1752 1372 1787 deinde,
1394 1752 1557 1791 paullatim
1579 1752 1636 1782 de-

912 1805 934 1820 “
951 1812 1102 1840 crescens,
1125 1810 1156 1833 et
1171 1811 1289 1844 quanto
1305 1805 1461 1841 decrescit,
1486 1816 1523 1835 eo
1545 1804 1636 1835 clari-

911 1856 934 1871 “
950 1864 995 1892 or,
1018 1854 1108 1895 fugat
1137 1856 1304 1886 novissime
1333 1863 1473 1894 noctem;
1505 1862 1536 1886 et
1563 1866 1638 1886 cum

912 1907 935 1922 ‘⁵
949 1904 1011 1941 die,
1031 1905 1099 1945 jam
1125 1907 1170 1936 sol
1193 1907 1303 1943 factm,
1333 1907 1518 1938 attollitur.’'
1554 1908 1637 1938 Vide

911 1956 1081 1988 Vossianas
1096 1959 1337 1989 observationes:
1364 1970 1421 1990 nos
1442 1965 1637 1990 tantummo-

910 2007 951 2038 do
973 2009 1108 2048 punctis,
1131 2011 1306 2041 accuratius
1321 2011 1488 2051 dispositis,
1510 2018 1635 2042 senten-

910 2058 1024 2090 tiarum
1049 2061 1159 2091 seriem
1190 2072 1365 2093 connexam
1397 2063 1499 2093 conati
1528 2073 1638 2093 sumus

911 2111 1074 2142 clariorem
1103 2113 1256 2144 exhibere.
1304 2115 1454 2145 Conferas
1487 2115 1636 2146 Priscian.

911 2165 1025 2205 perieg.
1042 2168 1114 2197 527.
1131 2167 1240 2206 Eurip.
1257 2168 1371 2199 Troad.
1389 2172 1480 2199 1068.
1500 2169 1569 2199 Ion.
1585 2172 1636 2199 88.

911 2225 985 2245 cum
1011 2217 1265 2248 annotationibus
1291 2220 1369 2249 meis
1394 2219 1528 2256 ibidem;
1553 2219 1636 2250 Plin.

911 2272 974 2297 nat.
989 2267 1060 2297 hist.
1076 2268 1108 2298 ii.
1127 2273 1157 2298 8.
1176 2270 1224 2300 ed.
1242 2270 1403 2301 Harduin.
1444 2271 1527 2301 Nam
1544 2271 1635 2302 fabu-

912 2317 942 2347 la
956 2325 1024 2347 orta
1034 2324 1081 2348 est
1095 2320 1135 2349 ob
1150 2320 1350 2351 altitudinem
1368 2323 1491 2358 montis,
1514 2329 1640 2354 mature

912 2369 1014 2399 radios
1037 2370 1111 2400 solis
1134 2372 1350 2412 accipientem,
1376 2373 1519 2404 nondum
1545 2385 1638 2414 supra

911 2420 1073 2451 horizonta
1085 2422 1151 2453 visi.

955 2481 1028 2512 Ver.
1038 2485 1112 2512 664.
1129 2483 1302 2523 confecere:
1325 2484 1363 2514 V.
1375 2484 1421 2515 ed.
1437 2486 1582 2526 conficte,·
1601 2489 1635 2516 Δ.

912 2534 1064 2572 conficier.

955 2583 1030 2613 Ver.
1058 2588 1132 2615 666.
1159 2588 1294 2624 possint:
1329 2586 1424 2618 Vind.
1453 2588 1493 2618 V.
1519 2587 1567 2618 ed.
1600 2592 1636 2620 Σ.

906 2636 1019 2672 possz't;
1049 2641 1088 2665 Π.
1101 2643 1207 2675 posset.

958 2693 1031 2724 Ver.
1047 2700 1118 2727 669.
1144 2696 1184 2726 In
1200 2698 1240 2728 V.
1257 2698 1304 2728 ed.
1326 2698 1440 2730 desunt
1460 2710 1570 2730 omnes
1584 2709 1638 2730 vo-

914 2756 963 2775 ces
978 2746 1059 2776 inter
1063 2749 1234 2788 florescunt
1251 2751 1378 2791 hujusce
1395 2751 1498 2782 versus
1512 2758 1543 2782 et
1563 2759 1637 2783 tem-

907 2808 984 2836 pore
1006 2800 1173 2838 venienti33
1200 2802 1291 2832 oculo
1316 2802 1431 2833 librarii
1456 2810 1583 2843 repente
1605 2804 1639 2834 in

913 2857 1096 2889 sequentem
1111 2851 1229 2882 lineam
1245 2853 1372 2894 dejecto.
1410 2855 1520 2893 Porro,
1535 2862 1638 2886 noster

914 2901 949 2930 in
964 2910 1150 2942 argumento
1165 2907 1320 2938 consimili
1336 2914 1474 2939 versatur
1484 2908 1523 2940 ad
1538 2909 1557 2939 i.
1577 2910 1637 2939 175

914 2956 972 2984 —-1
979 2956 996 2984 8
1003 2957 1015 2984 1
1022 2976 1030 2984 .
