1926 3224
307 236 402 283 376

811 230 881 276 T..
909 226 1288 275 LUCRETII
1316 233 1319 235 ’

451 361 582 403 Nobis
601 360 788 407 advorsa,
810 365 852 398 et
870 356 960 398 coeli
980 364 1184 398 mutemus
1204 356 1398 398 amictum
1405 376 1418 408 ;

451 436 521 476 An
542 433 690 475 coelum
709 431 828 472 nobis
847 431 955 472 ultro
975 439 1123 472 natura
1142 439 1361 485 coruptum

449 507 635 556 Deferat,
668 514 739 546 aut
758 504 926 561 aliquid,
948 505 1060 561 quod
1080 520 1165 546 non
1185 506 1468 546 consuevimus
1488 506 1567 556 uti3

313 587 419 623 1135
453 580 581 630 Quod
599 594 675 620 nos
695 579 873 621 adventu
891 579 1020 635 possit
1039 587 1197 620 tentare
1217 579 1382 620 recenti.

512 653 622 696 Haec
641 655 746 695 ratio
766 654 976 710 quondam
996 654 1237 696 morborum
1257 662 1300 695 et
1317 652 1539 695 mortiferae
1557 653 1617 694 vis

308 832 413 858 tamen
428 826 521 857 lectio
536 825 654 856 doctior
668 824 800 861 videtur,
823 830 915 865 atque
930 824 1030 855 avul-

307 878 375 918 gari
390 883 485 917 gustu
500 876 593 916 longe
607 876 762 906 remotior.

352 935 432 966 Ibid.
453 937 522 966 coeli
546 937 702 966 amictum.
747 935 883 966 Po'eticae
908 940 955 966 est
979 946 1032 966 au-

308 987 405 1018 daciae
425 986 554 1016 locutio:
581 987 725 1025 phrasem
747 986 888 1018 adhibuit
909 987 1033 1018 modes-

307 1038 419 1068 tiorem
444 1037 484 1067 ad
509 1037 529 1068 i.
548 1040 618 1069 987.
642 1040 664 1056 ‘⁴
680 1037 749 1067 coeli
768 1038 931 1078 tegmine.”
976 1038 1034 1068 Fe-

307 1088 396 1119 licior
419 1095 476 1126 est,
501 1099 553 1118 me
573 1087 693 1128 judice,
718 1094 822 1119 noster
845 1089 972 1128 Popius,
1003 1093 1033 1118 et

308 1139 494 1181 elegantior:

339 1214 386 1246 My
397 1212 536 1243 sootstool‚
547 1212 643 1243 Earth3
662 1220 710 1244 my
721 1216 825 1244 canopy,
835 1213 883 1237 the
894 1212 969 1236 Skies.

309 1284 409 1315 Plura
422 1284 554 1323 reperies
569 1283 708 1322 apposita
721 1282 761 1312 ad
777 1292 802 1311 v.
820 1285 892 1312 201.

353 1343 428 1374 Ver.
449 1346 538 1373 1155.
563 1344 658 1372 ultro:
684 1341 780 1370 vind.
796 1342 836 1370 V.
861 1341 908 1371 ed.
925 1346 959 1372 Δ.
984 1343 1032 1372 in·

307 1401 372 1429 tro‚·
400 1394 447 1424 M.
464 1393 503 1423 O.
532 1398 575 1422 Ω.
604 1394 697 1427 vitio‚·
722 1391 826 1430 inepte
855 1398 1034 1432 utrumque.

307 1444 397 1475 Nihil
413 1443 516 1473 verius
530 1449 585 1473 aut
599 1443 700 1482 aptius
715 1442 837 1482 recepta
853 1451 935 1473 voce.
977 1444 1034 1474 Uc-

307 1503 353 1528 tro
379 1495 496 1526 scilicet
523 1499 545 1513 “
561 1495 627 1525 sine
654 1494 758 1525 nostra
781 1494 874 1535 operti
899 1501 930 1525 et
947 1506 1034 1535 pere-

308 1551 331 1566 “
346 1547 522 1588 grinatione
548 1546 586 1576 de
602 1546 670 1576 loco
696 1546 728 1576 in
745 1543 1034 1586 locum.”4-corup·

306 1604 389 1629 tum:
420 1598 464 1628 ita
487 1602 522 1629 Σ.
546 1607 641 1637 quarn
673 1597 813 1636 proxime
832 1598 871 1632 Q.
896 1608 1035 1637 corump-

307 1655 390 1684 tum;
416 1648 453 1679 L.
470 1649 519 1678 M.
537 1654 760 1687 corrumplun1;
784 1648 897 1688 reliqui
913 1649 1036 1678 univer-

307 1701 346 1738 si,
368 1706 554 1740 corruptum.
604 1699 694 1729 Nihil
714 1706 830 1730 temere
856 1699 1037 1730 novandum

307 1758 397 1791 puto,
421 1761 520 1792 quum
536 1749 667 1780 minime
692 1750 820 1790 liqueat,
845 1751 925 1780 hanc
940 1750 1035 1780 licen-

307 1802 386 1832 tiam
399 1801 530 1832 vetustis
543 1801 642 1840 poe'tis
659 1801 691 1830 in
707 1802 765 1831 hac
784 1801 879 1831 etiam
895 1811 979 1839 voce,
1002 1807 1038 1831 ut

307 1852 450 1884 similiter
465 1853 499 1883 in
515 1852 623 1883 multis
643 1852 724 1890 aliis,
751 1863 816 1883 nou
841 1852 936 1882 fuisse
960 1863 1034 1883 con-

307 1913 434 1934 cessam.
478 1903 624 1934 Editores
650 1910 806 1942 reponunt
831 1913 869 1933 ex
898 1905 1035 1942 arbitrio,

308 1960 486 1985 cruentum:
509 1963 572 1994 quo
596 1953 671 1994 quid
687 1953 845 1990 incertius,
862 1954 983 1993 vanius,
1007 1961 1038 1986 et

308 2007 349 2037 ab
364 2005 452 2036 omni
472 2012 559 2044 parte
585 2005 691 2035 minus
716 2005 932 2045 commodum,
959 2006 1035 2047 fingi

309 2059 416 2099 possit,
430 2058 538 2088 nullus
552 2057 651 2088 video.
696 2059 930 2098 nujuscemodi
944 2062 1037 2101 nugis

309 2110 359 2140 vel
389 2109 636 2149 corruptissimas
667 2110 853 2149 scriptorum
889 2111 1038 2142 lectiones

310 2161 517 2202 praeferendas
537 2161 676 2192 arbitror.
720 2162 883 2193 Bentleius
896 2164 1038 2205 conjecit,

311 2215 457 2244 alienum.

356 2273 432 2303 Ver.
451 2276 541 2302 1154.
565 2274 661 2312 quod:
687 2272 730 2303 sic
755 2273 791 2304 P.
817 2274 858 2303 V.
887 2273 935 2304 ed.
966 2273 1038 2304 doc·

311 2324 386 2362 tius,
413 2323 452 2353 de
481 2323 683 2364 antiquorum
712 2334 813 2361 more;
837 2324 942 2364 vulgo,
972 2336 1040 2365 quo.

316 2374 367 2405 Sic
389 2375 443 2405 alii
469 2375 595 2414 saepius:
621 2375 726 2406 videas
743 2383 849 2406 autem
876 2377 1041 2407 Arntzenii

311 2432 404 2456 notas
417 2426 450 2456 in
469 2425 567 2457 Plinii
581 2435 690 2466 paneg.
707 2426 747 2456 iv.
765 2430 792 2457 1.
819 2437 894 2457 nam
908 2427 980 2458 trita
994 2437 1042 2458 res

313 2484 368 2510 est.

364 2545 431 2570 ver.
450 2541 540 2571 1155.
562 2546 697 2571 tentare:
716 2540 815 2571 vind.
826 2541 868 2571 V.
883 2540 931 2571 ed.
947 2547 1040 2581 lemp-

313 2594 386 2621 tari.

356 2651 431 2682 Ver.
459 2655 548 2683 1156.
571 2652 739 2693 mortifer-ce
766 2655 819 2684 vis.
869 2653 920 2685 Sic
948 2664 1042 2684 ausus

318 2713 390 2733 sum
403 2713 445 2733 ex·
464 2703 593 2744 ingenio
614 2705 793 2735 rescribere:
818 2710 850 2735 et
863 2706 1043 2746 conjectura

314 2759 372 2790 est,
396 2759 432 2783 ut
446 2754 524 2784 mihi
541 2754 650 2786 saltem
666 2755 798 2794 videtur,
820 2756 908 2787 valde
930 2758 1040 2796 proba-

314 2803 398 2842 bilis,
421 2805 605 2848 idoneisque
624 2807 796 2838 rationibus
819 2809 958 2839 subnixa.
1003 2809 1041 2840 P.

317 2854 358 2885 O.
372 2857 508 2897 ntoreg'fer
523 2865 630 2894 oestus;
657 2859 786 2898 optime,
801 2859 826 2889 si
841 2859 961 2899 scriptis
975 2861 1042 2890 haec

314 2903 407 2938 lectio
421 2907 621 2941 inniteretur:
646 2910 701 2942 sed
720 2911 919 2952 importatum
934 2918 1043 2953 putem

1039 2974 1062 3000 5

1075 845 1114 865 ex
1143 834 1232 876 Virg.
1261 845 1329 876 geo.
1362 832 1405 866 iii.
1435 837 1506 867 479.
1535 835 1617 866 Sane
1646 833 1801 865 Macrobii

1075 886 1250 917 auctoritas·
1263 895 1329 916 rem
1351 886 1542 923 confecisset,
1565 896 1630 927 non
1653 886 1742 916 aliter
1755 884 1800 915 ci·

1075 938 1171 968 tantis
1185 949 1309 968 versum
1323 938 1356 968 in
1374 939 1435 968 Sat.
1452 938 1490 968 vi.
1508 942 1536 968 9.
1558 938 1582 968 si
1597 937 1658 968 fide
1673 938 1747 968 satis
1761 936 1802 967 ad

1077 988 1164 1019 codd.
1188 990 1315 1029 scriptos
1329 988 1382 1019 ille
1404 989 1481 1018 liber
1496 995 1621 1018 exactus
1635 988 1804 1026 videretur,

1077 1048 1109 1073 et
1131 1045 1322 1073 membranae
1345 1041 1484 1072 Lucretii
1498 1041 1714 1070 vetustissimae
1735 1040 1800 1070 sin-

1075 1094 1302 1133 cerissimaeque
1335 1090 1666 1132 paterentur.-—Vind.
1695 1094 1802 1123 morti-

1065 1144 1153 1184 fere;
1189 1144 1229 1173 V.
1261 1143 1307 1173 ed.
1339 1143 1377 1178 Q.
1405 1142 1588 1181 mortifirroe5
1612 1143 1648 1173 L.
1677 1142 1723 1173 Μ’.
1757 1147 1804 1173 Ω·

1076 1193 1256 1233 mortzfiraz'.
1310 1193 1460 1223 Similiter
1496 1195 1622 1223 turbant
1656 1193 1726 1223 libri
1762 1193 1804 1224 ad

1077 1243 1167 1284 Virg.
1184 1244 1258 1274 AEn.
1282 1243 1334 1274 vii.
1349 1247 1420 1275 464.
1443 1244 1525 1274 inter
1545 1245 1642 1284 aqua'i
1662 1249 1693 1274 et
1714 1255 1808 1285 aquae

1076 1298 1129 1327 vis.
1175 1296 1340 1331 Caeterum,
1370 1296 1455 1336 quod
1478 1295 1715 1336 diligentissime
1745 1306 1802 1326 no-

1077 1347 1210 1378 tandum
1225 1354 1281 1386 est,
1301 1348 1352 1377 vix
1367 1359 1449 1378 unus
1464 1354 1495 1378 et
1509 1347 1586 1378 alter
1601 1348 1690 1378 locus
1704 1353 1804 1379 exstat

1078 1400 1110 1429 in
1128 1400 1282 1436 Lucretio,
1308 1400 1362 1430 ubi
1385 1402 1441 1437 vis,
1465 1402 1533 1435 vim,
1562 1399 1610 1430 vel
1625 1402 1668 1436 vi,⁴
1679 1409 1804 1430 versum

1078 1451 1215 1489 claudat,
1231 1451 1308 1492 quin
1331 1451 1456 1492 egregia
1471 1451 1615 1492 quaedam
1629 1450 1805 1490 corruptela

1078 1503 1268 1533 membranis
1303 1503 1449 1533 insideat:
1491 1503 1595 1533 videas
1629 1504 1688 1533 hoc
1724 1502 1806 1533 libro

1079 1564 1154 1584 verr.
1171 1558 1243 1585 524.
1259 1558 1329 1586 549.
1352 1559 1422 1586 999.
1442 1558 1533 1585 1220.
1557 1560 1590 1584 et
1616 1554 1807 1586 Oudendor-

1079 1606 1122 1645 pii
1145 1612 1208 1636 not.
1237 1610 1266 1636 2.
1296 1605 1336 1636 ad
1359 1605 1425 1637 Jul.
1453 1606 1528 1637 Obs.
1562 1616 1626 1646 cap.
1652 1617 1720 1637 cxx.
1747 1616 1806 1638 nec

1080 1656 1226 1688 credibile
1251 1663 1298 1688 est
1320 1658 1460 1688 librarios
1487 1664 1686 1698 corrupturus
1707 1659 1805 1698 scrip-

1080 1714 1183 1739 turam
1210 1710 1348 1750 mortq‘ser
1374 1716 1465 1740 cestus
1489 1709 1634 1749 primitus
1657 1719 1804 1750 conspec-

1081 1766 1145 1790 tam
1175 1760 1207 1790 in
1237 1762 1435 1791 membranis.
1482 1767 1516 1791 Δ.
1546 1762 1639 1791 habet
1667 1762 1805 1792 mortier-

1080 1815 1150 1848 a'em
1176 1812 1221 1842 uti
1235 1812 1368 1842 Vossius
1395 1812 1601 1842 divinaverat:
1628 1823 1692 1842 non
1719 1822 1805 1851 pror·

1079 1874 1132 1892 sus
1148 1863 1239 1899 male,
1263 1863 1317 1894 sed
1341 1865 1399 1894 hoc
1414 1870 1564 1902 tempore,
1588 1863 1614 1893 si
1629 1862 1806 1903 praeceden-

1080 1915 1125 1945 tia
1150 1915 1332 1954 perpendas,
1358 1915 1586 1956 frigidiuscffle:
1614 1920 1648 1946 Σ.
1671 1915 1807 1956 munifi*-

1080 1978 1194 1997 rorum.
1241 1967 1378 2007 Syllabas
1391 1979 1419 1998 ae
1440 1973 1470 1998 et
1485 1970 1519 1998 αἶ
1534 1968 1647 2007 passim
1663 1966 1808 1998 confusas

1079 2018 1224 2050 vidimus.
1269 2019 1404 2057 Plinius,
1431 2025 1494 2049 nat.
1521 2019 1590 2049 hist.
1619 2029 1668 2048 xx.
1696 2021 1745 2050 76.
1767 2018 1808 2048 de

1075 2082 1246 2112 papavere.-
1259 2075 1334 2095 —“
1351 2081 1427 2101 non·
1443 2073 1474 2102 vi
1504 2070 1672 2109 soporifera
1699 2070 1808 2110 modo,

1082 2126 1104 2141 “
1120 2122 1368 2152 verum—etiam
1383 2121 1614 2161 mortiferci—R'

1126 2183 1201 2212 Ver.
1227 2186 1319 2213 1157.
1343 2185 1376 2213 in
1405 2184 1564 2222 Cecropiis.
1609 2182 1707 2212 Extra
1732 2192 1792 2213 con

1083 2234 1263 2264 troversiam
1285 2234 1368 2274 jacet
1391 2235 1457 2264 haec
1475 2234 1638 2273 scriptura:
1665 2233 1760 2274 vulgo
1775 2236 1807 2265 in

1085 2285 1189 2315 omitti
1205 2285 1290 2315 solet.
1336 2285 1524 2321 Macrobius,
1549 2284 1585 2315 P.
1601 2285 1638 2315 L.
1655 2284 1702 2315 Μ.
1719 2284 1758 2320 Q.
1774 2290 1809 2315 A.

1084 2339 1117 2367 in
1143 2340 1297 2378 Cecropis‚·
1321 2337 1410 2368 nobis
1432 2337 1641 2378 suffragantur
1655 2336 1752 2367 vind:
1769 2335 1809 2366 V.

1085 2389 1132 2419 ed.
1150 2395 1194 2420 Ω.

1131 2448 1210 2479 Ibid.
1222 2448 1364 2489 furneslos
1381 2451 1533 2480 reddidit:
1559 2449 1578 2479 i.
1594 2459 1619 2479 e.
1631 2448 1811 2489 funeribus,

1086 2500 1148 2530 sive
1171 2500 1383 2538 cadaveribus,
1411 2503 1545 2540 replerit.
1591 2500 1710 2530 Lucius
1729 2501 1810 2530 Am-

1085 2552 1197 2591 pelius,
1213 2563 1280 2591 cap.
1298 2552 1362 2582 xlii.
1387 2556 1408 2570 ‘⁴
1427 2552 1557 2588 Marius,
1578 2552 1689 2591 septies
1703 2550 1811 2582 consul

1088 2607 1110 2621 “
1127 2610 1256 2639 creatus,
1268 2603 1443 2634 saevissimis
1454 2604 1586 2634 coedilms
1598 2609 1695 2633 totam
1709 2603 1810 2632 urbem

1089 2655 1322 2695 “funestavit.''
1368 2656 1467 2694 Agros
1489 2660 1595 2684 autem
1610 2652 1747 2684 Lucretii
1761 2651 1811 2681 sui

1087 2707 1182 2747 longe
1195 2707 1364 2738 sublimius
1377 2706 1488 2737 extulit
1502 2705 1665 2746 Virgilius
1687 2703 1727 2734 ad
1740 2713 1808 2744 geo.

1087 2759 1129 2790 iii.
1149 2763 1221 2791 476.

1465 2856 1622 2886 desertaque
1633 2860 1711 2886 regna

1118 2907 1263 2936 Pastorum,
1279 2909 1307 2932 et
1317 2905 1397 2938 longe
1406 2904 1496 2934 salem,
1507 2903 1624 2934 lateque,
1635 2899 1766 2926 vacantis.
1796 2922 1801 2927 ,
