1926 3224
638 244 874 293 LIBER
922 244 1212 301 SEXTUS.

336 375 474 417 Tanto
494 376 683 418 mobilior
701 378 775 428 vis,
797 385 838 419 et
857 377 1150 430 dominantior,
1171 377 1263 418 haec
1282 384 1353 418 est.

392 448 530 501 Nunc,
552 465 601 492 ea
619 466 701 507 quo
720 460 841 506 pacto
859 452 1097 508 gignantur,
1119 459 1160 492 et
1178 452 1314 507 inpete
1333 457 1446 493 tanto

335 523 471 574 Fiant,
494 533 539 565 ut
557 525 713 578 possint
732 525 815 564 ictu
835 523 1061 564 discludere
1080 524 1242 574 turreis,

218 600 300 637 240
329 597 574 638 Disturbare
593 597 752 645 domos,
773 595 943 636 avellere
961 595 1074 651 ligna
1092 596 1322 652 trabesque,

331 670 388 711 Et
406 670 658 710 monimenta
677 668 809 709 virum
829 668 1044 710 conmoliri
1064 677 1186 725 atque
1205 670 1326 720 ciere,

330 742 578 784 Exanimare
598 741 799 792 homines,
821 742 998 797 pecudes
1017 751 1276 798 prosternere
1295 744 1467 799 passim3

329 814 491 855 Caetera
514 814 567 855 de
584 829 734 871 genere
754 814 834 856 hoc
851 816 934 871 qua
955 817 994 858 vi
1014 815 1145 858 facere
1164 817 1304 858 omnia
1321 827 1506 873 possunt,

182 979 245 1000 non
261 968 382 1000 videtur
396 970 470 1000 alibi
484 977 614 1010 exstare,
639 971 698 1002 nisi
720 971 754 1001 in
775 981 900 1011 compo-

180 1022 255 1053 sitis.

225 1073 306 1104 Ibid.
315 1074 440 1116 fervore
455 1085 585 1106 corusco·
620 1074 782 1115 Virgilius,
798 1067 865 1115 geoss
881 1075 900 1105 i.

182 1128 253 1156 233.

592 1215 707 1240 quarum
717 1215 770 1233 una
780 1215 878 1234 corusco

212 1248 322 1278 Semper
331 1247 380 1271 sole
390 1248 484 1271 rubens
493 1255 500 1272 ε

179 1321 199 1352 i.
214 1331 240 1352 e.
265 1324 287 1340 “
305 1321 368 1352 sole
388 1322 490 1352 radios
500 1322 664 1362 jaculante
671 1323 707 1359 ,·”
730 1323 815 1354 unde
838 1329 898 1354 sta-

178 1372 238 1403 tim
258 1372 421 1414 intelligas,
445 1384 539 1414 quam
565 1374 742 1405 societatem
765 1375 899 1405 amicam

178 1422 287 1454 ineant
301 1423 451 1455 dictiones
465 1427 572 1455 cellens
587 1431 618 1454 et
632 1437 761 1456 corusco.
808 1426 900 1456 Idem

178 1474 384 1513 Mantuanus,
408 1476 483 1506 AEn.
497 1475 529 1507 ii.
544 1480 615 1508 470.
638 1476 681 1506 ita
702 1476 897 1517 distinguen-

178 1525 238 1558 dus
251 1533 309 1558 est:

207 1617 374 1644 Vestibulum
391 1621 455 1643 ante
475 1618 730 1650 ipsumsprimoque
747 1618 774 1643 in
794 1618 897 1649 limine,

329 1660 443 1692 Pyrrhus

204 1698 347 1729 Exsultat3
363 1699 428 1729 telis,
445 1702 472 1724 et
483 1699 536 1723 luce
547 1706 662 1723 coruscus
673 1698 768 1724 ahena.

174 1779 282 1818 Quod,
298 1780 368 1821 jam
381 1779 480 1816 video,
505 1780 652 1820 Heynius
673 1780 767 1811 etiam
788 1790 893 1819 perce-

172 1830 234 1871 pit;
255 1831 396 1872 quamvis
419 1832 466 1861 vir
488 1831 631 1872 egregius
653 1831 697 1862 ita
713 1831 818 1862 locum
839 1831 892 1862 de-

173 1882 344 1922 claraverit,
367 1888 403 1914 ut
427 1883 500 1913 satis
522 1884 672 1919 ostendat,
695 1894 727 1914 se
753 1889 895 1914 venusta-

174 1938 237 1965 tem
259 1934 539 1976 proprietatemque
562 1935 759 1975 singularum
783 1935 892 1966 dictio-

172 1995 252 2016 num
276 1996 316 2016 ne
340 1986 474 2017 minimo
496 1986 623 2027 quidem
645 1997 750 2024 sensu,
775 1986 894 2017 nedum

170 2042 256 2068 tactu
270 2037 392 2074 intimo,
415 2038 592 2079 degustatas
606 2037 783 2077 percepisse.
817 2038 893 2069 Alia

169 2088 351 2130 adjicerem,
371 2089 432 2120 nisi
447 2089 531 2120 viam
552 2089 725 2119 stravissem
747 2088 781 2118 in
800 2100 891 2128 supe-

170 2140 303 2171 rioribus
331 2141 428 2172 latam
456 2140 528 2171 satis
557 2146 588 2171 et
620 2146 760 2180 apertam
795 2140 891 2171 lecto-

171 2191 211 2230 ri,
233 2192 328 2223 modo
339 2193 418 2224 velit
431 2192 567 2234 ingredi;
594 2203 649 2232 per
663 2194 758 2233 quam
772 2193 812 2223 ad
827 2203 892 2222 rec-

170 2242 283 2273 tiorem
297 2243 506 2282 plurimorum
526 2244 668 2274 locorum
688 2243 723 2273 iu
745 2244 893 2275 omnibus

171 2294 271 2335 poetis
284 2295 580 2335 interpretationem,
595 2301 736 2334 respectu
750 2295 893 2326 vocabuli

171 2356 324 2385 coruscus,
351 2347 452 2378 aditus
466 2352 564 2386 patet;
588 2352 620 2377 et
635 2347 685 2376 hae
698 2351 781 2377 notae
795 2346 889 2376 nimi-

172 2407 228 2429 um
242 2398 378 2428 nimium
392 2404 627 2429 succrescerent.

215 2457 290 2488 Ver.
317 2461 387 2488 240.
410 2459 514 2497 ligna:
551 2456 645 2487 Vind.
674 2456 712 2487 L.
734 2458 842 2496 tigna;
866 2456 892 2487 si

171 2510 218 2541 fas
246 2509 287 2539 sit
315 2508 438 2539 credere
462 2509 672 2539 collatoribus:
712 2507 760 2538 M.
792 2510 891 2548 signa.

172 2560 268 2598 Quod
282 2560 435 2596 dedimus,
464 2560 562 2590 tutius
576 2565 632 2598 est,
655 2564 748 2600 atque
767 2559 893 2599 majori-

170 2615 230 2646 bus
243 2612 422 2644 auctoribus
440 2612 594 2642 innititur.
632 2610 734 2642 Aliter
749 2610 827 2641 nihil
842 2610 890 2641 in-

170 2672 266 2698 terest
287 2667 442 2706 scriptorIS
464 2677 566 2706 scopo,
595 2668 682 2706 tigna
706 2667 827 2703 scribas,
850 2677 891 2697 an

173 2720 269 2760 ligna,
284 2729 336 2749 me
351 2719 460 2749 saltem
471 2718 591 2759 judice:
611 2718 664 2749 sed
679 2718 759 2749 illud
773 2719 891 2750 malim.

212 2770 289 2802 Ver.
312 2774 383 2800 241.
405 2772 566 2801 conmolirz'
589 2776 680 2810 atque
706 2773 797 2801 ciere.-
821 2770 841 2800 i.
864 2781 890 2801 e.

173 2821 255 2852 “ita
277 2821 463 2859 commoliri,
484 2821 533 2851 vel
561 2821 699 2862 aggredi,
720 2827 756 2851 ut
780 2821 892 2860 deant,

171 2875 196 2892 “
211 2872 274 2904 sive
287 2879 410 2913 eruant,
426 2879 457 2904 et
471 2885 488 2904 e
503 2873 571 2905 loco
585 2873 764 2904 moveant.’'
790 2874 828 2905 P.
844 2885 891 2904 sae

171 2933 226 2964 ne,
245 2930 278 2956 et
292 2926 339 2957 M.
353 2926 380 2956 si
401 2925 480 2957 fidos
505 2926 625 2967 egerint
647 2925 701 2956 ille
723 2931 753 2956 ct
770 2926 891 2957 Havet-

946 981 1085 1010 campuS,
1114 973 1253 1003 scribunt
1275 975 1427 1012 demoliri,
1453 974 1537 1014 quod
1551 974 1668 1014 placuit

945 1021 1113 1052 editoribus
1128 1028 1159 1053 et
1174 1023 1333 1054 Bentleio:
1357 1025 1411 1055 sed
1423 1025 1455 1054 in
1468 1036 1500 1056 re
1515 1026 1602 1058 valde
1618 1027 1666 1058 lu-

944 1074 1040 1112 brica,
1061 1080 1093 1104 et
1110 1074 1146 1104 in
1161 1074 1247 1105 tanta
1268 1075 1467 1116 negligentiae
1483 1079 1666 1117 suspicione,

944 1126 1034 1156 certis
1069 1125 1254 1156 testimoniis
1288 1127 1542 1158 subscribendum
1582 1135 1667 1168 puto.

946 1177 1034 1212 Quin
1051 1177 1146 1207 etiam
1161 1183 1266 1207 nostra
1286 1177 1378 1208 lectio
1399 1179 1606 1218 exquisitioris
1621 1186 1668 1210 est

945 1227 1118 1268 elegantiae,
1141 1233 1173 1258 et
1186 1227 1289 1258 multo
1304 1228 1404 1269 magis
1424 1230 1559 1260 obnoxia
1579 1231 1666 1260 stoli·

945 1279 1058 1309 dorum
1074 1280 1246 1310 scribarum
1259 1280 1503 1320 importunitati3
1519 1282 1603 1322 quod
1617 1294 1665 1314 sa-

943 1330 982 1359 tis
997 1331 1152 1370 extemplo
1166 1330 1282 1371 liqueat
1303 1332 1416 1362 harum
1431 1343 1536 1363 rerum
1551 1333 1664 1365 callen·

944 1381 1081 1411 tioribus.

986 1432 1067 1462 Ibid.
1092 1434 1275 1464 monimenta
1304 1432 1412 1465 virzim.
1458 1434 1558 1472 Maro,
1589 1436 1663 1468 AEn.

942 1484 1005 1514 viii.
1020 1488 1093 1515 512.

1105 1558 1236 1590 auditque
1248 1558 1343 1583 vinim
1353 1559 1505 1584 monimenta
1516 1561 1646 1592 priorum.

939 1629 1132 1660 Munimenta
1159 1629 1256 1671 igitur
1279 1640 1344 1660 non
1363 1633 1501 1671 sepulcra
1524 1638 1664 1663 tantum-

939 1679 1045 1718 modo,
1077 1680 1131 1710 sed
1155 1690 1271 1721 magna
1296 1681 1442 1721 quaelibet
1465 1692 1560 1722 opera
1582 1684 1662 1714 anti-

937 1740 1092 1770 quorum:
1109 1732 1129 1762 i.
1145 1742 1170 1762 e.
1185 1746 1340 1772 μνηματα·
1356 1743 1551 1775 quaecunque
1566 1735 1661 1766 artifi-

938 1781 1034 1811 ficum
1058 1785 1233 1813 memoriam
1257 1789 1460 1827 perpetuant;
1486 1791 1518 1815 et
1540 1793 1662 1818 monenc

938 1838 1088 1873 posteros,
1103 1839 1140 1864 ut
1153 1834 1216 1864 sint
1229 1840 1399 1865 auctorum
1414 1847 1567 1867 memores.

981 1884 1056 1915 Ver.
1072 1888 1142 1915 245.
1159 1891 1304 1924 possunt:
1331 1885 1375 1916 ita
1389 1887 1427 1917 P.
1444 1888 1484 1918 V.
1502 1888 1550 1919 ed.
1568 1889 1603 1920 B.
1622 1889 1662 1921 Ο.

938 1939 974 1966 Δ.
990 1940 1025 1968 Σ.
1043 1942 1088 1966 Ω.
1103 1935 1209 1977 vulgo,
1219 1938 1348 1976 possint.

979 1995 1054 2026 Ver.
1070 1999 1141 2026 244.
1163 2003 1210 2027 te:
1236 1995 1321 2027 deest
1334 1997 1429 2028 Vind.
1446 1998 1487 2029 V.
1502 1998 1550 2030 ed.
1566 2000 1603 2031 B.
1622 2001 1662 2033 O.

936 2052 972 2078 Δ.
995 2052 1030 2079 Σ.
1057 2054 1151 2089 atque
1173 2048 1345 2079 minutiora
1366 2050 1516 2081 vocabula
1538 2051 1662 2083 facilius

936 2098 1115 2129 elabuntur:
1143 2099 1191 2129 M.
1205 2110 1314 2139 quam;
1338 2100 1392 2130 sed
1407 2100 1476 2130 vide
1491 2111 1518 2131 v.
1537 2106 1585 2133 92.

978 2151 1052 2181 Ver.
1069 2153 1141 2181 245.
1161 2153 1253 2190 gigni
1267 2153 1321 2182 de:
1345 2151 1389 2181 sic
1413 2151 1514 2182 visum
1536 2159 1582 2184 est
1603 2165 1660 2185 no-

935 2202 991 2238 bis,
1013 2202 1262 2242 probabilitatem
1287 2203 1322 2232 in
1346 2209 1495 2234 contextu
1518 2205 1662 2237 Lucretii

936 2253 1152 2284 constituendo
1168 2254 1392 2286 studiosissime
1408 2256 1606 2294 sectantibus,
1622 2268 1661 2288 ex

936 2304 1113 2345 conjectura
1139 2306 1317 2337 rescribere:
1345 2317 1432 2345 nam,
1464 2308 1548 2348 quod
1573 2309 1659 2339 evul-

934 2357 1001 2398 gari
1017 2357 1103 2393 solet,
1120 2359 1243 2397 gignier
1258 2369 1286 2396 e,
1306 2357 1380 2388 licet
1394 2358 1427 2388 in
1443 2359 1482 2389 P.
1500 2369 1658 2399 compare-

934 2414 978 2447 at,
998 2414 1202 2438 correctorem
1224 2408 1338 2448 resipit.
1376 2409 1472 2440 Vind.
1489 2411 1529 2440 V.
1550 2410 1597 2441 ed.
1622 2412 1659 2442 B.

934 2460 972 2490 L.
989 2460 1036 2490 M.
1054 2464 1088 2491 Σ.
1101 2461 1193 2499 gigni
1206 2471 1222 2490 e
1227 2474 1239 2495 ;
1282 2459 1385 2490 Musis
1410 2460 1659 2494 reclamantibus,

935 2513 957 2545 J
960 2524 1012 2543 am
1026 2523 1100 2544 vcro
1114 2513 1382 2553 praepositionibus
1404 2525 1419 2545 e
1441 2524 1477 2545 ac
1491 2516 1528 2545 de
1543 2515 1659 2546 librarii

936 2566 1097 2605 scriptores
1111 2565 1225 2605 passim
1241 2567 1427 2596 oberravere.
1453 2566 1492 2597 O.
1512 2569 1661 2607 progigni

936 2620 968 2648 in
976 2634 987 2654 ,·
1012 2624 1047 2648 Δ.
1058 2620 1206 2657 progigni
1220 2629 1236 2648 e
1241 2634 1253 2655 ;
1272 2624 1316 2649 Ω.
1331 2629 1414 2649 nunc
1425 2620 1517 2658 gigni
1530 2630 1563 2649 e:
1589 2630 1659 2659 quae

934 2669 1202 2699 dissimilitudines
1230 2680 1316 2700 mera
1345 2680 1410 2700 esse
1445 2671 1660 2702 commentitia

935 2731 1140 2752 numerorum
1158 2721 1349 2752 caducorum
1372 2722 1602 2754 medicamenta
1626 2733 1659 2754 se

934 2778 1042 2811 sponte
1057 2772 1254 2803 confitentur.

976 2823 1057 2854 Ibid.
1071 2825 1222 2855 Fulmina
1231 2826 1268 2854 de
1279 2826 1390 2856 crassis
1402 2825 1552 2855 Nubibus.
1563 2824 1658 2864 Mag-

935 2874 1028 2904 nifico
1043 2884 1188 2905 sermone
1201 2874 1245 2904 sic
1262 2874 1418 2914 Sulpicius
1437 2875 1575 2911 Severus,
1598 2885 1657 2905 sac.

934 2927 1006 2958 hist.
1021 2927 1040 2958 i.
1055 2931 1106 2959 50.
1131 2931 1152 2946 “
1171 2927 1244 2966 Sed,
1265 2927 1319 2959 ubi
1341 2928 1432 2959 Deus
1452 2928 1553 2958 monti
1569 2927 1656 2957 insti-

895 2985 951 3016 85
