1926 3224
328 226 426 268 326

832 222 892 268 T.
946 218 1320 270 LUCRETII

357 355 443 393 690
473 351 692 407 Vortitque
706 350 898 391 ardorem
917 349 1054 407 longe,
1075 349 1278 408 longeque
1296 349 1471 394 favillam

471 425 639 474 Differt,
671 431 711 465 et
731 422 863 465 crassa
883 423 1009 465 volvit
1027 423 1200 482 caligine
1218 423 1397 475 summm

472 497 751 554 Exn-aditque
771 498 890 540 simul
909 498 1099 540 mirando
1118 498 1302 554 pondere
1321 513 1436 541 saxa.

470 571 538 612 Ne
557 571 732 623 dubites,
753 573 853 629 quin
873 572 964 615 haec
984 574 1139 615 animai
1157 573 1323 615 turbida
1343 574 1394 615 sit
1414 572 1485 615 vis.

530 645 751 698 Praeterea,
785 648 935 706 magna
956 663 1010 690 ex
1029 657 1145 704 parte
1164 663 1279 690 mare
1297 649 1448 690 montis
1469 648 1521 690 ad
1541 648 1626 705 ejus

357 724 440 762 695
473 719 650 762 Radices
668 719 822 778 frangit
840 722 1006 772 fluctus,
1029 730 1255 779 aestumque
1274 723 1449 764 resolvit.

372 889 453 922 Ibid.
482 892 573 922 Tollit
595 902 625 922 se
651 902 689 922 ac
712 893 802 923 rectis
832 892 876 923 ita
895 893 1054 934 faucibus.

329 941 413 974 Haec
426 942 533 973 libavit
548 943 755 981 Mantuanus,
770 943 810 974 ad
827 945 901 975 AEn.
918 956 947 975 x.
963 949 1035 977 892.

343 1024 422 1049 Tollit
427 1032 452 1049 se
461 1024 592 1049 adactum
603 1025 765 1058 quadrupes,
775 1029 803 1052 et
813 1026 928 1052 calcibus
938 1034 1014 1053 auras

343 1072 544 1099 Verberat—.

328 1146 395 1178 Ubi
413 1147 545 1178 divisam
567 1148 739 1180 dictionem
764 1155 889 1190 egomet
910 1149 1054 1188 praetule·

326 1198 400 1237 rim,
416 1201 458 1230 ad
472 1206 586 1230 rectum
592 1215 603 1236 ;
628 1213 694 1241 προς
710 1202 788 1241 opatu,
806 1202 849 1230 π’
864 1202 929 1237 Aur,
952 1199 999 1228 vel
1013 1202 1055 1229 ad

322 1253 576 1292 perpendiculum
593 1251 718 1282 scilicet.
762 1251 885 1280 Verum
900 1251 987 1280 enim
1002 1260 1053 1280 ve-

326 1311 375 1340 ro,
399 1312 499 1343 quum
523 1313 605 1333 unus
630 1309 661 1332 et
685 1302 763 1332 alter
786 1301 883 1332 codex
912 1302 1056 1332 exhibeat

327 1361 475 1390 arrectus,
498 1355 541 1384 sic
556 1354 595 1384 ad
611 1365 754 1384 normam
771 1354 910 1384 Lucretii
925 1354 1057 1386 fidenter

328 1405 522 1447 Virgilianos
537 1416 642 1436 versus
657 1406 922 1436 concinnaverim:

341 1487 428 1512 Tollit
439 1494 476 1518 se,
487 1495 517 1512 ac
528 1491 609 1512 rectus
619 1489 770 1520 quadrupes
780 1488 816 1512 ita
827 1488 943 1514 calcibus
954 1495 1029 1514 auras

341 1536 470 1560 Verberat
478 1543 488 1566 ς
504 1535 674 1568 effusumque
683 1537 881 1568 equitem—:

325 1609 411 1641 unde
425 1610 553 1642 nitidior
575 1611 689 1650 evadit,
716 1618 747 1642 et
772 1612 955 1652 expeditior,
979 1623 1053 1643 con-

324 1662 463 1693 structio.
510 1663 571 1694 Sed
586 1663 715 1694 iectores
730 1663 862 1694 libenter
876 1664 1013 1694 audiam.

368 1725 445 1756 Ver.
468 1730 540 1758 690.
585 1728 748 1767 J'ortitquc,
786 1726 850 1757 sive
895 1728 1056 1766 Vertieque.

326 1777 404 1808 Non
427 1778 527 1808 habeo
548 1778 704 1818 equidem,
726 1778 812 1819 quod
835 1778 976 1816 afferam,
999 1779 1056 1808 hac

326 1828 547 1859 emendatione
569 1829 675 1859 Vossii
697 1829 900 1868 probabilius,
925 1829 1054 1859 Ouden-

326 1878 438 1918 dorpio
467 1889 590 1920 quoque
619 1890 682 1910 non
708 1879 893 1919 improbata,
924 1879 963 1910 ad
985 1880 1007 1912 J
1010 1880 1054 1911 ul.

329 1930 406 1961 obs.
421 1937 492 1961 sect.
508 1931 578 1962 cxii.
599 1931 764 1962 lectoribus
786 1932 866 1962 meis
891 1932 1056 1962 consulen-

326 1980 378 2012 do.
421 1981 532 2022 Vulgo
545 1982 672 2022 legitur,
693 1984 727 2014 F
727 1984 875 2023 auditque
884 1999 894 2019 ;
919 1983 972 2013 sed
987 1984 1057 2013 abs-

326 2043 389 2074 que
403 2032 554 2064 librorum
573 2034 668 2064 MSS.
690 2041 727 2064 ut
741 2033 875 2072 videtur,
891 2035 1055 2075 suffragiis

326 2084 366 2116 P.
384 2084 479 2115 Vind.
491 2085 532 2115 V.
549 2084 596 2116 ed.
614 2085 653 2116 Ο.
671 2091 705 2116 A.
723 2090 759 2117 Σ.
778 2088 939 2126 Fecitque;
963 2087 1055 2127 quod,

328 2135 355 2166 si
373 2146 438 2166 non
453 2135 624 2167 absurdum
639 2137 690 2174 sit,
706 2136 826 2167 humile
838 2136 947 2168 saltem
962 2144 1008 2167 est
1021 2148 1057 2168 ac

327 2186 495 2227 frigidum:
521 2186 649 2228 quidam
666 2187 750 2227 apud
766 2187 870 2224 Pium,
887 2194 918 2218 et
929 2188 965 2218 L.
982 2191 1060 2220 Fer-

327 2239 441 2278 titque;
463 2238 582 2278 inepte:
611 2244 655 2269 Ω..
672 2240 843 2279 Fer-vitque.
888 2238 1059 2277 Nimirum,

327 2290 369 2320 ob
383 2299 498 2320 sonum
515 2302 554 2320 τα
567 2289 598 2331 s
606 2296 637 2320 et
652 2301 667 2321 υ
683 2290 795 2330 saepius
810 2289 1058 2322 confunduntur.

328 2339 393 2372 Sed
404 2341 475 2372 vide
489 2341 530 2372 ad
545 2348 727 2383 sequentem
741 2352 865 2373 versum
880 2349 978 2373 notas.

374 2401 459 2432 Ibid.
470 2402 618 2442 fizvillam
636 2401 759 2443 Dq'ffert.
798 2402 965 2444 Virgilius,
983 2402 1058 2434 AEn.

330 2451 372 2484 ix.
389 2456 440 2486 75.

586 2537 694 2570 piceum
702 2537 760 2569 fert
772 2537 877 2563 fumida
888 2538 981 2564 lumen

329 2585 420 2617 Teda,
430 2589 458 2612 et
468 2587 640 2613 conmixtam
652 2588 783 2613 Volcanus
793 2589 828 2613 ad
838 2592 908 2614 astra
918 2588 1047 2614 favillam.

329 2656 396 2688 Ubi
408 2657 505 2689 codex
520 2669 613 2696 unuS,
625 2659 729 2701 insert.
746 2659 952 2690 Scribendum
966 2665 1059 2700 puto:

360 2779 389 2803 T
555 2740 609 2773 pice
619 2740 705 2773 differe
715 2740 820 2766 fumida
831 2741 923 2768 lumen

391 2780 502 2805 eda—
513 2788 520 2805 :

330 2849 353 2881 ἰ.
379 2860 406 2882 e.
429 2853 538 2885 “teda
567 2855 695 2887 fumans
730 2856 828 2897 pice-’⁸

332 2903 466 2935 rectius?

876 2857 948 2893 Quo
984 2854 1060 2896 quid

1143 893 1215 925 Ver.
1231 898 1302 926 691.
1327 893 1457 935 Differ&
1494 894 1530 924 P.
1548 893 1587 924 V.
1611 892 1660 925 ed.
1687 893 1725 925 B.
1747 893 1823 935 Dif-

1087 944 1185 986 serre.
1231 946 1360 976 Merum
1390 946 1450 975 hoc
1474 945 1597 985 judices
1625 944 1824 976 librariorum

1097 997 1331 1038 indiligentium
1357 997 1512 1036 sphalma:
1555 997 1601 1027 sin
1632 997 1732 1035 aliter,
1762 997 1827 1028 ele·

1097 1055 1192 1088 gante
1219 1049 1291 1078 satis
1315 1047 1536 1078 constitutione
1559 1045 1646 1077 haud
1665 1047 1825 1078 dubitave⁴

1098 1099 1157 1128 rim
1173 1098 1276 1128 moliri
1291 1098 1404 1133 locum,
1428 1103 1459 1128 et
1476 1097 1574 1128 ferme
1595 1107 1670 1128 eum
1683 1097 1826 1138 pluribus

1099 1150 1193 1180 etiam
1207 1149 1381 1180 codicibus:

1129 1227 1245 1258 Fet-itque
1255 1228 1378 1253 ardorem
1390 1228 1480 1261 longe,
1491 1228 1624 1261 longeque
1634 1228 1768 1260 favillam,
1819 1223 1822 1229 '

1129 1267 1251 1300 Differre,
1267 1272 1295 1293 et
1306 1267 1392 1293 crassa
1402 1268 1509 1300 caligine
1519 1268 1633 1293 volvere
1642 1268 1764 1294 fumum.

1102 1342 1162 1374 Sed
1176 1343 1263 1373 enim
1278 1353 1343 1374 non
1358 1353 1437 1382 opus
1463 1348 1521 1382 est,
1547 1349 1583 1374 ut
1607 1342 1699 1383 plura
1723 1349 1826 1374 mute-

1098 1404 1186 1432 mus;
1209 1400 1250 1432 et,
1266 1404 1361 1435 quam
1374 1394 1408 1424 in
1420 1400 1567 1425 contextu
1582 1394 1716 1434 reperies
1730 1393 1828 1434 scrip-

1098 1451 1214 1483 turam,
1237 1445 1370 1485 cogitate
1389 1445 1547 1485 perpensis
1568 1445 1723 1481 omuibus,
1747 1445 1829 1476 acci-

1099 1495 1247 1535 piendam
1262 1496 1369 1534 habui,
1384 1502 1486 1526 tutam
1496 1495 1716 1537 undequaque,
1731 1496 1827 1536 scrip-

1097 1547 1197 1588 tisque
1212 1547 1450 1578 communitam.
1476 1547 1541 1577 Alii
1557 1553 1662 1578 autem
1679 1546 1730 1577 Pii
1739 1543 1829 1578 codd.

1097 1600 1213 1630 habent
1234 1599 1359 1641 Dzffert.
1406 1599 1499 1630 Idem
1528 1599 1628 1630 editor
1650 1604 1720 1638 post
1743 1600 1829 1630 hunc

1098 1661 1222 1681 versum
1246 1651 1350 1691 posuit
1375 1661 1436 1682 ver.
1461 1655 1533 1683 689.
1555 1651 1625 1682 loco
1649 1661 1707 1682 suo
1730 1651 1827 1682 omis·

1099 1713 1179 1733 sum.

1143 1761 1225 1792 Ibid.
1248 1763 1358 1793 volvere
1368 1760 1516 1803 fumum:
1547 1767 1585 1793 ut
1613 1762 1720 1800 Maro,
1754 1762 1828 1792 AEn.

1100 1812 1142 1843 iii.
1161 1816 1232 1844 206.

1202 1888 1304 1920 aperire
1313 1887 1406 1920 procul
1417 1888 1528 1918 montis,
1538 1894 1569 1913 ac
1581 1887 1695 1913 vo1vm
1702 1887 1820 1920 funum.

1145 1957 1218 1988 Ver.
1234 1960 1306 1988 693.
1331 1959 1399 1989 N'e:
1426 1957 1464 1988 Ρ.
1481 1957 1522 1989 V.
1537 1957 1585 1989 ed.
1607 1959 1645 1989 B.
1668 1959 1754 1995 Nec,-
1776 1967 1831 1990 me

1102 2007 1211 2038 saltem
1227 2009 1388 2047 probante.

1144 2068 1219 2098 Ver.
1240 2072 1311 2100 694.
1330 2074 1432 2108 parte,
1455 2068 1491 2099 P.
1509 2067 1548 2098 V.
1565 2068 1614 2099 ed.
1630 2069 1668 2099 B.
1686 2068 1725 2100 Ο.
1743 2074 1778 2100 Δ.
1794 2075 1830 2101 Σ.

1103 2125 1148 2150 Ω.
1172 2119 1340 2155 verissime,
1368 2125 1404 2149 ut
1429 2119 1560 2159 opinor;
1581 2130 1654 2150 nam
1670 2130 1787 2150 caesura
1801 2126 1833 2150 et

1101 2169 1260 2210 liquidum
1286 2169 1479 2200 elementum
1504 2170 1577 2200 satis
1598 2176 1740 2210 potenter
1763 2181 1830 2202 sus-

1102 2223 1268 2252 tentabunt
1296 2222 1460 2262 syllabam:
1491 2232 1549 2252 nec
1578 2222 1772 2260 crediderim,
1795 2230 1831 2254 ut

1102 2279 1139 2303 ut
1162 2273 1322 2304 collatores
1345 2280 1476 2310 taceant,
1505 2273 1553 2304 vel
1578 2284 1644 2305 uno
1666 2274 1700 2304 in
1725 2275 1831 2307 codice

1102 2327 1235 2358 inveniri
1251 2334 1406 2367 receptam
1429 2327 1607 2366 lectionem,
1617 2331 1713 2368 parti.

1145 2387 1220 2417 Ver.
1237 2390 1308 2419 695.
1324 2389 1460 2418 resolvit:
1484 2388 1503 2418 i.
1520 2398 1545 2418 e.
1563 2391 1585 2406 “
1601 2393 1740 2419 curvatos
1753 2385 1828 2418 fluc-

1104 2439 1126 2455 “
1144 2437 1223 2468 tus'’
1253 2438 1359 2480 (Virg.
1390 2439 1464 2468 Ain.
1495 2439 1538 2468 iii.
1568 2441 1640 2469 564.
1669 2438 1717 2468 vel
1747 2451 1830 2478 κομι

1104 2495 1255 2521 KTPTON
1286 2490 1468 2528 Moeonidis,
1498 2490 1536 2520 11.
1567 2496 1602 2521 A.
1633 2493 1705 2521 426.
1735 2500 1828 2532 quem

1102 2543 1248 2574 nonnulli
1262 2544 1345 2574 male
1367 2550 1440 2574 sunt
1462 2544 1670 2584 interpretati)
1693 2547 1717 2563 “
1732 2542 1828 2582 expli-

1104 2599 1127 2614 “
1143 2602 1202 2631 cat,
1227 2598 1404 2637 evolvitque,
1431 2596 1463 2626 in
1487 2597 1580 2636 plano
1606 2595 1705 2631 litore,
1730 2604 1763 2624 se
1780 2604 1830 2624 re·

1104 2650 1127 2665 “
1142 2648 1299 2678 mittens.”
1348 2649 1429 2678 Sane
1452 2647 1547 2678 dictio
1569 2653 1614 2677 est
1638 2645 1828 2686 elegantissi-

1104 2709 1166 2735 ma,
1198 2706 1229 2729 et
1251 2699 1292 2730 ad
1314 2699 1418 2730 vivum
1435 2709 1503 2730 rem
1515 2698 1663 2738 depingit.
1709 2697 1759 2728 sic
1774 2707 1830 2727 au-

1102 2756 1166 2780 tem
1189 2750 1305 2781 diserte
1325 2751 1477 2790 scriptum
1497 2756 1544 2780 est
1564 2749 1597 2779 iu
1614 2747 1709 2778 Vind.
1734 2747 1774 2778 O.
1793 2753 1831 2779 A.

1103 2808 1134 2832 et
1159 2812 1253 2843 quam
1281 2803 1422 2842 proxime
1448 2802 1481 2832 in
1499 2801 1539 2832 V.
1554 2799 1604 2830 ed.
1622 2800 1661 2831 B.
1676 2799 1713 2830 L.
1729 2800 1777 2830 M.
1794 2804 1831 2831 Σ.

1103 2856 1240 2886 resolvet:
1267 2854 1304 2885 P.
1322 2861 1367 2885 Ω.
1382 2860 1418 2885 ut
1432 2853 1506 2884 editi
1521 2862 1717 2890 communes,
1731 2862 1829 2883 resor-

1104 2908 1164 2944 ὑεῖ,-
1189 2906 1294 2938 minus
1309 2905 1473 2938 commode
1495 2915 1587 2945 scopo
1600 2904 1669 2942 loci,
1691 2914 1728 2936 ac
1741 2913 1829 2945 pror-
