1926 3224
270 249 363 290 140

760 245 822 289 T.
874 243 1255 289 LUCRETII

407 374 559 423 Omne,
581 371 692 427 quod
711 371 755 411 in
775 371 935 427 magnis
955 370 1180 412 bacchatur
1198 371 1407 413 montibus
1426 374 1592 428 passim:

402 447 621 501 Aeriaeque
640 444 759 486 simul
778 444 960 486 volucres
980 445 1233 486 variantibus
1252 445 1405 487 formis.

405 520 502 569 Sed,
525 519 620 575 quia
639 518 764 561 finem
785 519 962 575 aliquam
981 519 1174 574 pariundi
1195 519 1316 561 debet
1336 519 1503 571 habere,

290 597 370 634 825
401 594 589 644 Destitit;
621 602 667 635 ut
686 593 846 643 mulier,
868 594 999 649 spatio
1019 593 1173 635 defessa
1192 601 1363 636 vetusto.

402 667 544 709 Mutat
562 667 672 708 enim
691 666 836 708 mundi
856 674 1050 708 naturam
1069 668 1196 709 totius
1217 675 1330 718 aetaS,

403 740 472 782 Ex
493 741 652 796 alioque
675 740 776 781 alius
796 747 922 780 status
941 741 1128 795 excipere
1145 742 1286 782 omnia
1304 740 1440 792 debet,

400 813 489 855 Nec
507 821 649 855 manet
667 812 747 854 ulla
767 812 828 852 sui
848 811 987 853 similis
1005 827 1068 853 res
1074 831 1088 862 3
1120 814 1260 855 omnia
1278 814 1476 871 migrant:

254 968 403 998 tlt-bantur
434 968 606 998 subaudito.
651 968 750 999 Po‘eta
775 969 977 1000 constructio.

254 1029 328 1049 uem
342 1019 542 1050 immutatam
564 1019 671 1055 voluit,
695 1026 731 1051 ut
751 1020 826 1050 alibi
847 1020 976 1059 saepissi-

253 1080 312 1100 me.
360 1069 409 1100 Sic
423 1076 530 1100 autem
545 1070 688 1101 scribitur
699 1071 734 1101 in
747 1070 847 1101 Vind.
871 1071 912 1102 V.
927 1071 974 1101 ed.

250 1121 288 1150 L.
305 1120 352 1150 M.
369 1120 409 1151 Ο.
426 1126 461 1151 Δ.
478 1126 513 1152 Σ.
531 1127 577 1152 Ω.
594 1120 701 1162 vulgo,
716 1123 840 1153 Aerias:
868 1128 907 1152 Π.
923 1132 975 1152 ve-

251 1181 296 1207 ro,
312 1173 426 1203 Aerias
441 1179 530 1212 atque
537 1188 549 1208 ;
573 1173 626 1202 ubi
649 1173 740 1203 metri
762 1173 812 1203 lex
827 1173 973 1204 manifes-

250 1223 368 1253 tissime
383 1223 518 1263 postulat
533 1225 646 1254 Aziriae.

292 1274 373 1305 Ibid.
389 1276 492 1306 Aie‘riae
506 1277 647 1306 volucres.
679 1276 852 1315 oppianus,
869 1286 937 1316 cyn.
952 1276 971 1307 i.

249 1329 321 1356 580.

267 1403 408 1429 ΗΕΡΙΟΙΣ
421 1402 443 1429 τ“
454 1403 579 1433 ΟΡΝΙΣΙ,
599 1413 647 1429 και
659 1407 768 1431 mamm
781 1403 919 1430 usnam-w.

247 1469 365 1500 Notata
379 1470 468 1499 nobis
483 1469 599 1499 recolas
621 1469 661 1499 ad
683 1469 702 1499 i.
728 1473 776 1499 12.
815 1469 877 1507 sic,
899 1479 972 1500 cum

247 1521 408 1551 nonnullis
431 1521 609 1551 criticorum
633 1526 783 1559 veterum,
806 1521 903 1552 satius
918 1532 971 1552 ex-

244 1572 351 1602 istimo
365 1582 473 1611 capere
489 1572 694 1610 Maeonidem,
717 1572 757 1603 ad
775 1572 812 1603 11.
829 1579 860 1603 r.
877 1575 905 1604 7.

264 1649 383 1674 HEPIAI
402 1648 424 1674 δ’
437 1659 491 1684 αμα
504 1660 548 1675 του
563 1658 591 1680 γε
604 1660 688 1678 κακὴν
701 1649 768 1684 spiam
780 1656 947 1685 προφερονταιτ

243 1716 264 1745 i.
281 1726 307 1746 e.
335 1718 436 1757 κρανοιθι
452 1729 512 1758 προ,
534 1721 570 1746 ut
591 1716 624 1745 in
647 1726 707 1746 ver.
721 1720 754 1746 5.
801 1716 860 1747 Sed
882 1715 969 1746 enim

242 1777 470 1806 supervacuum
485 1777 609 1806 prorsus
630 1773 675 1797 est
696 1767 796 1797 alium
818 1768 966 1807 interpre-

242 1825 306 1849 tem
330 1818 465 1858 Virgilio
488 1818 667 1859 disquirere,
687 1818 727 1849 ad
749 1829 820 1860 geo.
844 1820 866 1850 i.
894 1822 966 1851 375.

241 1869 281 1900 de
295 1869 343 1899 his
358 1869 432 1908 ipsis
447 1869 554 1900 avibus
570 1869 728 1910 loquente:

468 1941 555 1971 illum,
566 1946 722 1974 surgentem
734 1943 845 1968 vallibus
856 1942 925 1973 imis,

271 1980 357 2005 Afriae
369 1980 462 2012 fugere
471 1988 621 2012 grues.—

285 2043 365 2073 Ibid.
388 2045 578 2075 variantibus
592 2044 726 2085 formis:
763 2045 783 2075 i.
807 2055 833 2076 e.
850 2048 962 2085 pictae;

242 2095 309 2125 xide
326 2105 382 2124 nos
397 2094 436 2125 ad
455 2095 485 2125 ii.
501 2099 575 2126 544.
612 2096 699 2126 Hinc
713 2095 804 2127 facile
819 2097 963 2136 praetule-

240 2148 298 2177 rim
313 2148 454 2186 plurium
470 2150 722 2180 membranarum
743 2149 908 2181 lectionem
923 2151 963 2181 ad

241 2199 348 2230 Ovidii
364 2199 431 2229 fast.
448 2199 492 2230 iii.
507 2204 579 2232 499.

371 2272 519 2298 caeruleum
533 2273 678 2298 variabunt
688 2274 773 2300 sidera
784 2274 959 2301 mundum-.

237 2334 393 2365 Heinsius
408 2335 530 2372 maluit,
546 2338 700 2368 vallabunt
706 2353 717 2374 ;
734 2348 799 2368 non
813 2338 905 2374 male,
921 2338 961 2368 si-

237 2392 290 2416 cut
305 2392 334 2417 tc
349 2387 506 2418 docebunt
521 2389 736 2419 annotationes
749 2400 828 2420 meae
844 2391 962 2430 superi-

236 2448 281 2473 us,
304 2437 343 2468 ad
360 2438 379 2469 i.
396 2441 445 2470 74.
476 2439 601 2470 Marius
624 2439 745 2479 Victor,
763 2441 797 2471 in
823 2451 895 2481 gen.
920 2441 963 2472 iii.

244 2491 314 2520 185.

582 2549 668 2575 donec
677 2550 805 2582 pingentia
817 2551 919 2576 coelum

264 2585 363 2616 Sidera,
380 2590 407 2612 et
419 2588 518 2613 excelsi
528 2595 654 2614 convexa
665 2589 782 2622 attingat
793 2590 911 2623 Olympi.

235 2649 286 2678 Sic
300 2649 368 2679 alii:
387 2650 442 2681 sed
455 2651 541 2682 enim
556 2652 631 2683 libet
645 2652 808 2684 Alcimum
824 2654 957 2685 Avitum

234 2701 267 2732 in
293 2709 472 2736 transcursu
498 2706 727 2746 castigatiorem
752 2707 904 2748 linquere,
926 2714 958 2738 et

233 2755 408 2785 accuratius
421 2756 614 2796 distinctum,
637 2758 677 2788 ad
691 2769 718 2789 v.
733 2761 807 2790 585.

249 2838 353 2862 incedit
364 2839 491 2870 pavidum
502 2844 637 2872 postrema
651 2849 698 2874 per
708 2843 817 2875 agmina
827 2844 938 2876 vulgus;

248 2878 307 2900 Non
318 2876 405 2909 impar
415 2884 539 2909 nurnero,
548 2881 649 2905 coelum
661 2888 724 2906 cum
733 2882 858 2914 pingitur,
868 2884 952 2909 astris.

253 2917 355 2943 ffistuat
364 2921 412 2943 aut
423 2918 496 2944 moles
508 2919 593 2952 pelagi
604 2921 778 2953 crispantibus
789 2923 875 2948 undis.

1020 968 1141 1009 Vulgo,
1166 971 1188 988 ‘⁴
1203 975 1300 1000 motus
1315 968 1450 1009 pelagi,''
1473 969 1506 999 in
1521 970 1619 1002 editis.

1061 1021 1136 1051 Ver.
1151 1025 1223 1051 824.
1240 1021 1429 1056 Lactantius,
1445 1021 1499 1051 ubi
1511 1032 1617 1060 supra:
1636 1026 1657 1041 “
1677 1023 1743 1055 Cur

1020 1075 1041 1089 ‘⁶
1058 1081 1132 1111 ergo
1147 1071 1226 1100 nihil
1241 1071 1354 1101 horum
1370 1070 1435 1100 fieri
1450 1071 1544 1101 etiam
1559 1082 1644 1103 nunc
1655 1073 1739 1104 vide»

1019 1125 1041 1141 “
1058 1122 1147 1154 mus?
1178 1122 1262 1158 Quia
1278 1122 1384 1158 semel,
1400 1122 1498 1158 aiunt,
1521 1122 1586 1153 fieri
1602 1133 1740 1156 necessa-

1019 1176 1042 1191 “
1057 1173 1141 1202 rium
1169 1173 1242 1211 fuit,
1279 1178 1315 1202 ut
1348 1173 1496 1204 animalia
1525 1181 1741 1213 nascerentur;

1019 1227 1041 1242 “
1057 1229 1221 1264 postquam
1237 1234 1308 1254 vero
1324 1234 1389 1254 esse
1403 1232 1574 1264 coeperunt,
1595 1226 1741 1258 concessa

1015 1279 1038 1295 “
1054 1276 1103 1306 his
1117 1275 1264 1306 facultate
1277 1276 1459 1316 generandi,
1480 1283 1510 1307 et
1531 1283 1612 1308 terra
1633 1288 1740 1317 parere

1015 1329 1038 1345 “
1055 1326 1158 1364 desiit,
1174 1332 1205 1356 et
1216 1326 1364 1365 temporis
1378 1327 1516 1357 conditio
1530 1334 1649 1359 mutata
1663 1329 1740 1360 est.’'

1059 1378 1133 1408 Ver.
1147 1382 1222 1409 825.
1245 1380 1343 1417 spatio
1358 1378 1472 1418 defessa
1487 1386 1607 1410 vetusto.
1654 1381 1738 1412 Cum

1015 1429 1063 1459 his
1077 1439 1235 1468 compares
1250 1429 1280 1459 ii.
1300 1432 1391 1460 1149.
1410 1433 1499 1461 1175.
1521 1431 1685 1471 Virgilius,
1704 1432 1739 1464 ii.

1016 1484 1088 1513 596.

1014 1571 1073 1593 Non
1084 1569 1156 1601 prius
1166 1570 1303 1601 adspicies,
1317 1570 1373 1600 ubi,
1381 1570 1482 1601 fessum
1495 1573 1579 1600 etate,
1595 1574 1734 1602 parentem

1012 1609 1132 1639 Liqueris
1143 1609 1275 1635 Anchisen
1283 1611 1356 1634 ἒ-

1013 1686 1124 1726 Dictys
1142 1686 1308 1724 Cretensis,
1322 1687 1365 1717 iii.
1381 1690 1432 1717 23.
1455 1690 1478 1705 “
1496 1687 1664 1726 Caeterum,
1677 1698 1735 1719 an-

1013 1740 1034 1755 “
1051 1743 1080 1767 te
1096 1737 1129 1768 id
1143 1737 1341 1774 decennium,
1361 1748 1423 1768 non
1439 1738 1482 1769 ita
1496 1739 1644 1780 defessum
1658 1747 1735 1772 aeto-

1012 1791 1034 1806 ‘⁴
1051 1794 1078 1819 ee
1093 1788 1261 1818 fuisse-:²
1286 1789 1404 1819 Confer
1423 1789 1541 1819 Lucan.
1557 1790 1588 1820 ii.
1603 1794 1675 1821 340.

1053 1840 1127 1870 Ver.
1142 1843 1215 1871 826.
1237 1847 1330 1871 aetas:
1358 1840 1397 1870 V.
1413 1845 1462 1872 ed.
1485 1845 1521 1871 Σ.
1537 1847 1635 1872 oestas.

1054 1890 1125 1921 Ver.
1142 1894 1213 1921 827.
1238 1893 1288 1922 Er
1302 1893 1438 1930 alioque:
1466 1898 1506 1922 Π.
1531 1893 1581 1922 Eae
1602 1894 1663 1923 alio
1685 1898 1733 1924 at-

1009 1944 1269 1981 que.—cz·cipere.·
1302 1942 1343 1972 V.
1373 1941 1420 1972 ed.
1443 1945 1561 1983 e-z·cz']›e;
1593 1942 1662 1974 loco
1683 1955 1733 1975 ετ-

1008 1994 1082 2032 cipi.

1052 2042 1133 2073 Ibid.
1157 2044 1207 2074 Ea:
1229 2045 1289 2073 alio
1311 2044 1393 2074 alius
1411 2046 1553 2083 excipere.
1599 2044 1665 2074 Hic
1687 2050 1733 2076 est

1007 2093 1146 2124 maxime
1169 2094 1314 2133 proprius
1335 2094 1419 2124 verbi
1440 2096 1554 2134 excipio
1577 2095 1734 2135 significa»

1006 2150 1071 2181 tus;
1086 2144 1170 2174 unde
1181 2145 1220 2174 ab
1233 2146 1350 2184 accipio
1365 2145 1514 2186 distingui
1530 2146 1633 2185 possit.
1657 2146 1730 2177 Hac

1005 2195 1044 2226 de
1073 2205 1107 2225 re
1132 2195 1216 2226 haud
1245 2195 1423 2234 poenitenda
1452 2197 1542 2234 posui
1570 2207 1670 2236 nuper
1691 2197 1731 2228 ad

1005 2247 1095 2287 Virg.
1118 2256 1186 2287 geo·
1209 2247 1247 2278 iv.
1273 2251 1343 2279 167.
1369 2248 1443 2279 AEn.
1464 2248 1484 2279 i.
1508 2252 1577 2279 434.
1623 2249 1729 2280 Nimi-

1005 2308 1090 2336 rum,
1111 2298 1245 2337 plurima
1269 2298 1338 2329 loca
1362 2306 1501 2330 veterum
1528 2306 1644 2331 restant
1672 2302 1731 2333 hac

1006 2350 1161 2381 medicina
1175 2350 1384 2381 efficacissime
1398 2352 1604 2390 persananda,
1628 2362 1727 2394 quum

1007 2401 1123 2432 librarii
1149 2401 1182 2431 in
1197 2401 1296 2432 verbis
1316 2404 1431 2442 excipio
1457 2409 1488 2432 et
1509 2405 1627 2443 accipio
1642 2413 1729 2434 com-

1008 2452 1167 2483 mutandis
1202 2452 1368 2492 saepissime
1403 2454 1622 2484 aberraverint:
1660 2453 1730 2485 vide

1006 2505 1239 2539 Burmannum,
1255 2503 1295 2534 ad
1313 2503 1404 2535 Ovid.
1420 2504 1488 2535 fast.
1504 2505 1534 2534 ii.
1551 2507 1621 2536 788.
1644 2505 1727 2536 Dra-

1005 2554 1243 2593 kenborchium,
1264 2554 1303 2585 ad
1319 2555 1385 2585 Liv.
1409 2555 1440 2586 ii.
1463 2559 1513 2587 47.
1537 2558 1565 2586 7.
1588 2565 1616 2585 x.
1635 2558 1681 2586 18.
1699 2559 1729 2587 9.

1005 2617 1046 2637 ne
1061 2607 1165 2646 plures
1179 2606 1350 2637 nominem.
1393 2607 1453 2637 Est
1477 2617 1561 2643 sane,
1584 2606 1638 2637 ubi
1661 2615 1725 2636 non

1002 2657 1122 2688 malum
1145 2663 1190 2688 est
1211 2660 1341 2698 accipio,
1362 2657 1416 2688 sed
1440 2657 1533 2697 longe
1556 2656 1635 2687 foret
1660 2655 1722 2686 ele-

998 2710 1125 2750 gantius
1138 2711 1271 2750 excipim
1298 2717 1390 2750 atque
1405 2709 1445 2739 ad
1466 2707 1722 2739 consuetudinem

999 2761 1184 2800 scriptorum
1213 2760 1463 2791 castissimorum.
1508 2758 1596 2789 Illud
1619 2761 1723 2798 accipe

1000 2818 1082 2842 recte
1098 2812 1229 2842 servavit
1244 2812 1446 2842 Burmannus
1461 2809 1494 2839 in
1505 2809 1638 2840 Anthol.
1653 2809 1721 2841 Lat.

998 2861 1030 2892 ii.
1047 2866 1118 2893 228.
1140 2866 1168 2894 5.
1193 2862 1246 2892 sed
1270 2860 1477 2892 differentiam
1499 2860 1722 2891 vocabulorum

996 2913 1031 2944 in
1052 2914 1159 2945 animo
1184 2923 1241 2944 suo
1266 2912 1395 2944 minime
1422 2912 1583 2944 definitam
1604 2913 1722 2944 habuit.
