1926 3224
346 503 426 567 T.
493 499 1088 566 LUCRETII
1157 501 1421 567 CARI

458 761 573 815 DE
607 760 912 815 RERUM
950 761 1303 817 NATURA

645 992 832 1035 LIBER
867 993 1122 1037 SEXTUS.

750 1228 1012 1243 “mmmm

285 1445 520 1513 PRIMAE
541 1471 772 1529 frugiparos
793 1472 896 1514 fetus
915 1471 1154 1514 mortalibus
1173 1473 1295 1530 aegris

278 1545 534 1588 Dididerunt
554 1545 779 1602 quondam,
801 1546 1000 1602 praeclaro
1020 1547 1201 1597 nomine,
1225 1546 1422 1595 Athenae3

177 1699 281 1730 VER.
309 1702 334 1729 1.
357 1699 559 1740 frugiparos:
590 1700 633 1730 sic
659 1700 859 1731 vetustissimi

133 1751 261 1787 codices
284 1761 319 1781 ac
334 1750 545 1789 sincerissimi,
569 1751 605 1782 L.
621 1752 670 1783 M.
686 1752 781 1783 altera
795 1752 856 1783 lec-

133 1803 187 1839 tio,
209 1813 280 1843 quae
299 1802 476 1843 glossatoris
491 1808 545 1839 est,
557 1803 744 1845 frugifieros,
766 1810 856 1835 caete-

133 1864 184 1884 ros
198 1853 291 1884 libros
304 1853 423 1884 infelici
445 1864 597 1885 consensu
619 1862 784 1897 pervagata
803 1861 856 1886 est.

137 1904 227 1936 Solus
249 1904 406 1943 omnium,
435 1915 513 1945 quos
541 1905 684 1946 legerim,
715 1906 857 1937 Avienus

133 1965 241 1986 vocem
256 1955 383 1995 excepit,
407 1955 440 1985 in
458 1957 547 1987 Atat.
566 1960 657 1988 1055.
680 1957 770 1997 cujus
783 1957 855 1988 niti-

133 2005 253 2036 dissimi
276 2016 380 2036 versus
405 2006 449 2036 sic
474 2006 552 2037 mihi
575 2007 719 2038 videntur
744 2008 852 2039 rescri-

133 2057 240 2088 bendi:

165 2142 210 2166 His
221 2149 248 2168 se
259 2142 368 2169 bissenis
378 2142 416 2168 sol
427 2142 572 2172 admovet;
591 2142 653 2167 hisce
663 2149 800 2168 recurrens

165 2182 306 2212 Omnibus,
316 2182 430 2207 absolvit
441 2186 512 2206 totos
523 2182 672 2214 reparabilis
684 2188 777 2206 annos.

165 2221 224 2252 Qua*
235 2222 300 2246 dum
312 2221 430 2254 signiferi
440 2222 560 2254 graditur
571 2222 609 2246 sol
623 2228 719 2246 aureus
729 2222 834 2251 orbem,

165 2259 272 2291 Singula
273 2260 426 2293 frugiparos
435 2261 563 2286 attollunt
572 2263 711 2292 Tempora
722 2261 829 2285 vultus:

645 2295 664 2312 ρ

134 2334 154 2364 i.
169 2344 195 2364 e.
218 2333 280 2374 qud
297 2333 355 2366 υἰᾶ.
379 2334 498 2375 Vulgo,
519 2337 603 2371 Quae,
620 2341 651 2365 et
665 2335 780 2375 Iz‘isque.

181 2384 262 2415 Ibid.
287 2386 404 2416 Primae
431 2386 558 2417 Atlzenae
570 2386 756 2426 frugiparos
769 2386 858 2426 fetus

133 2436 335 2466 Dididerunt.
379 2435 430 2466 Sic
461 2437 508 2466 M.
535 2436 619 2466 Tull.
648 2447 704 2476 pro
729 2437 855 2474 Flacco;

135 2486 214 2517 Isoc.
231 2497 340 2527 paneg.
362 2487 490 2518 Aristid.
516 2488 638 2528 Smyrn.
662 2488 696 2518 in
723 2488 856 2519 Panath.

135 2537 229 2567 Diod.
247 2537 305 2568 Sic.
323 2538 374 2569 lib.
389 2538 453 2569 xiii.
469 2539 652 2570 Lambinus.
683 2539 746 2569 His
761 2539 856 2570 addas

136 2588 276 2619 Ciceron.
291 2595 367 2621 orat.
385 2594 413 2622 9.
439 2590 531 2620 Ovid.
546 2597 619 2621 met.
635 2601 661 2621 v.
685 2591 766 2622 Plat.
784 2592 854 2622 Me-

133 2650 204 2671 nex.
221 2641 316 2672 Diod.
332 2641 390 2672 Sic.
407 2652 433 2672 v.
449 2646 502 2674 69.
526 2643 642 2674 Justin.
666 2643 696 2673 ii.
711 2647 741 2674 6.
758 2646 787 2675 5.
801 2644 857 2674 ubi

133 2692 225 2731 plura
249 2693 429 2737 testimonia
453 2694 531 2725 dant
553 2695 682 2733 eruditi3
706 2701 737 2726 et
762 2706 856 2736 quem

133 2742 217 2775 non?

177 2792 265 2834 lbid.'
270 2804 456 2845 frugiparos
461 2805 550 2846 seems
557 2819 567 2835 .·
592 2805 611 2836 i.
628 2816 654 2836 e.
666 2805 786 2836 culmos
800 2807 859 2837 Ce-

139 2863 240 2885 rerem
253 2856 414 2894 parientes.
431 2856 584 2898 Virgilius
599 2864 630 2888 et
644 2857 697 2888 alii
711 2858 778 2897 pari
789 2868 859 2888 sen-

138 2914 175 2935 su
189 2915 296 2937 vocem
307 2907 395 2949 fietus
417 2907 586 2940 adhibuere
606 2919 664 2950 pro
677 2911 860 2947 ramusculo,

901 1703 1032 1736 surculo,
1050 1702 1237 1740 propagine,
1257 1699 1305 1730 vel
1326 1702 1470 1740 plantari
1497 1699 1627 1731 demum

902 1751 1047 1792 quolibet.

946 1802 1026 1832 Ibid.
1041 1803 1218 1833 mortalibus
1229 1803 1338 1841 aegrz's:
1357 1799 1498 1831 conferas
1511 1811 1540 1832 v.
1553 1805 1626 1833 942.

901 1855 1061 1892 Lucanus,
1084 1853 1117 1883 ii.
1137 1857 1166 1885 5.
1189 1855 1316 1884 solicitis
1342 1853 1533 1889 mortalibus‚-
1559 1853 1626 1892 Op-

900 1906 1021 1946 pianus,
1037 1915 1145 1945 cyneg.
1160 1905 1191 1935 ii.
1207 1907 1280 1935 518.
1296 1903 1405 1934 δειλοισι
1420 1907 1535 1945 βροτω·
1558 1909 1628 1943 post

900 1958 1093 1994 Homerum,
1121 1955 1183 1986 Od.
1199 1963 1233 1987 Ο.
1258 1958 1330 1986 407.
1353 1961 1384 1985 et
1407 1954 1560 1995 Virgilius
1580 1955 1627 1994 ip.

897 2008 1050 2038 sissimam
1065 2007 1192 2047 phrasin
1207 2005 1345 2037 Lucretii
1360 2006 1491 2036 inseruit
1507 2006 1581 2037 AEn.
1597 2015 1626 2036 x.

902 2062 973 2090 274.
989 2065 1019 2089 et
1033 2058 1124 2089 alibi:

931 2125 987 2155 Ille,
998 2125 1070 2150 sitim
1085 2125 1247 2155 morbosque
1257 2123 1345 2149 ferens
1355 2122 1501 2148 mortalibus
1511 2122 1596 2155 egris,

931 2164 1062 2194 Nascitur,
1077 2167 1104 2189 et
1114 2170 1190 2188 saevo
1201 2163 1343 2188 contristat
1355 2162 1458 2187 lumine
1468 2162 1581 2187 coelum.

902 2239 952 2269 Ita
967 2238 1135 2268 certissime
1156 2238 1243 2277 prius
1264 2237 1478 2276 rescripseram
1499 2246 1556 2276 pro
1570 2237 1624 2268 lae-

900 2301 946 2327 vo,
968 2299 1063 2330 quam
1085 2289 1227 2319 noverim
1243 2287 1445 2319 &Vaddelium
1461 2293 1492 2318 et
1515 2287 1624 2318 Schra-

902 2341 1024 2380 demm,
1040 2352 1118 2382 quos
1133 2341 1281 2382 Heynius
1292 2347 1323 2371 et
1338 2342 1543 2371 Burmannus
1557 2350 1624 2371 me-

901 2400 1037 2432 morant,
1060 2393 1139 2423 mihi
1154 2393 1187 2423 in
1202 2394 1260 2423 hac
1275 2391 1504 2433 elegantissima
1518 2402 1626 2423 emen-

900 2445 1026 2476 datione
1040 2445 1203 2485 praeivisse.
1242 2445 1346 2475 Voces
1365 2450 1470 2474 autem
1485 2455 1580 2476 saevus
1594 2451 1626 2475 et

898 2499 990 2528 laevus
1015 2497 1134 2527 librarii
1163 2496 1276 2536 saepius
1299 2496 1520 2536 permiscuere:
1554 2495 1626 2526 vide

900 2549 1204 2585 Drakenborchium‚
1227 2554 1258 2578 et
1272 2558 1349 2589 quos
1369 2547 1422 2578 ille
1443 2547 1561 2584 laudat,
1584 2547 1625 2578 ad

902 2600 957 2631 Sil.
974 2601 1014 2631 It.
1029 2611 1056 2631 v.
1072 2604 1143 2632 660.
1165 2601 1187 2632 J
1189 2610 1240 2630 am
1255 2610 1327 2630 vero
1348 2611 1443 2631 saevus
1465 2599 1625 2639 epitheton

903 2654 994 2690 Sirio,
1018 2652 1067 2682 vel
1095 2655 1169 2685 cani
1195 2653 1311 2688 rabido,
1335 2651 1625 2682 convenientissime

899 2704 1074 2743 apponitur,
1090 2705 1130 2734 ob
1143 2707 1275 2735 latratus
1290 2704 1419 2734 scilicet:
1435 2703 1487 2735 adi
1502 2704 1577 2734 AEn.
1591 2712 1623 2735 v.

902 2759 973 2787 257.
996 2762 1027 2786 et
1049 2756 1258 2787 imitationem
1287 2756 1449 2794 Silianam,
1473 2756 1558 2787 Pun.
1581 2755 1625 2787 iii.

901 2809 951 2838 55.
975 2807 1048 2837 Val.
1078 2807 1177 2838 Flacc.
1203 2808 1267 2838 viii.
1294 2811 1345 2839 57.
1367 2808 1487 2838 Lucan.
1507 2807 1528 2838 i.
1550 2809 1624 2838 655.

905 2857 996 2889 Ovid.
1012 2864 1073 2902 art..
1084 2868 1144 2889 am.
1165 2858 1209 2890 iii.
1223 2861 1295 2891 504.
1310 2858 1422 2900 quibus
1442 2859 1517 2890 locis
1531 2857 1625 2891 multi

904 2909 1080 2941 consimiles
1093 2909 1208 2950 passim
1221 2911 1430 2942 obversantur.
1457 2910 1532 2942 Hoc
1547 2918 1623 2951 quo-

840 2969 913 3006 Q5
