1926 3224
248 249 310 285 30

741 241 801 286 Τ.
853 238 1229 286 LUCRETII

392 369 554 416 Navita,
577 366 725 413 nudus,
747 364 862 404 humi
875 365 1000 418 jacet,
1020 364 1166 409 infans,
1187 364 1351 420 indigus
1371 368 1484 406 omni

277 446 357 482 225
388 441 513 482 Vitali
533 437 684 480 auxilio
691 455 704 487 ;
737 452 863 493 quom
881 437 1062 492 primum
1082 437 1125 477 in
1142 436 1306 478 luminis
1326 451 1418 478 oras

390 513 566 555 Nixibus
594 526 648 554 ex
668 511 758 554 alvo
777 512 918 554 matris
939 511 1099 554 Natura
1116 511 1329 567 profiiditz'

243 673 264 686 “
281 673 317 698 ut
345 678 440 703 eram,
471 667 565 698 etiam
588 677 674 698 nunc
695 669 784 698 humi
804 668 967 708 projectus,

244 723 264 737 “
280 719 449 754 inanimus,
474 720 588 757 nudus,
614 724 646 748 et
666 718 810 758 frigidm,
840 724 871 748 et
893 718 969 748 lotio

243 774 264 788 “
281 771 429 809 perlutus,
452 772 541 810 quasi
557 781 659 801 recens
680 776 763 800 utero
780 772 890 800 niatrz's
903 769 967 799 edi-

243 824 264 838 “
281 826 342 858 tus,
364 821 428 850 imo
449 830 521 850 vero
542 820 834 850 semimortuus-.‘’
878 819 968 849 Non-

245 872 327 902 nulli
351 872 472 912 legunt,
491 873 639 911 perlitus:
665 877 697 900 et
717 870 845 900 forsitan
871 870 970 901 indoli

245 922 398 952 sermonis
412 926 628 961 congruenter.
672 922 768 952 Favet
780 921 968 961 appositissi-

245 983 317 1002 mus
331 972 418 1002 locus
433 972 631 1009 Tertulliani,
654 972 694 1003 de
712 983 794 1003 carn.
812 973 925 1004 Christ.
941 977 969 1003 4.

242 1027 262 1041 “
281 1022 402 1053 Horres
429 1022 538 1063 utique
563 1030 595 1053 et
615 1023 776 1064 bisantem,
806 1035 879 1055 cum
907 1025 971 1055 suis

242 1077 262 1091 “
279 1073 512 1113 impedimentis
530 1074 691 1116 prqf'usum
707 1075 827 1116 utique,
853 1082 885 1106 et
898 1077 971 1107 oble·-

243 1127 263 1142 “
279 1123 375 1155 tum.”

288 1183 370 1215 Ibid.
395 1184 495 1215 Aliud
516 1186 610 1216 habes
631 1193 866 1228 argumentum:
900 1191 921 1206 “
939 1188 972 1218 Si

242 1239 263 1254 “
279 1234 324 1266 dii
339 1236 497 1267 mundum
517 1237 672 1277 fecissent,
695 1239 808 1270 melior
821 1239 901 1270 foret
914 1241 970 1270 ho·

243 1289 264 1304 “
281 1286 414 1323 minum,
426 1298 522 1328 quam
537 1289 672 1320 aliorum
687 1290 882 1327 animalium,
897 1301 970 1321 con-

244 1341 265 1356 “
281 1338 373 1369 ditio:
400 1346 433 1369 at
446 1340 540 1381 longe
561 1341 711 1379 deterior;
735 1349 776 1378 et,
793 1343 818 1373 si
835 1353 901 1373 rem
924 1344 970 1383 ip-

243 1391 265 1408 “
283 1401 350 1420 sam
365 1391 516 1430 attendas,
531 1393 629 1423 brutis
643 1404 754 1432 parens
768 1394 889 1424 videtur
905 1395 971 1425 Na-

244 1445 265 1460 “
281 1449 360 1479 tura,
377 1443 559 1475 hominibus
572 1442 735 1476 noverca.”
775 1446 949 1476 Creechius.

290 1501 372 1532 Ibid.
393 1513 472 1541 puer
487 1504 608 1544 infans:
634 1504 653 1535 i.
669 1515 695 1534 e.
711 1511 746 1534 ut
761 1505 889 1534 Horatii
903 1514 970 1534 ver·

247 1551 295 1581 bis
309 1557 388 1587 utar,
405 1553 455 1583 od.
470 1553 508 1583 ἰν.
524 1557 553 1584 6.
572 1557 619 1584 18.
633 1555 832 1595 nesciussari
840 1566 929 1595 puer.

289 1609 364 1640 Ver.
385 1613 456 1640 224.
493 1612 629 1642 Navita:
665 1612 760 1643 vind.
792 1615 878 1644 ,Nam
908 1615 951 1644 ita
958 1629 970 1650 ;

247 1661 288 1690 V.
302 1661 351 1692 ed.
367 1667 484 1698 autem,
505 1664 629 1693 Naum.

289 1720 370 1751 Ibid.
392 1725 492 1753 nudus
517 1725 603 1753 humi
615 1723 711 1763 jacet.
757 1722 891 1753 Serenus
914 1723 969 1752 Sa-

247 1771 400 1807 monicus,
427 1772 466 1802 de
492 1772 682 1804 med.1038.
704 1773 808 1804 locum
833 1774 969 1804 Lucretii

248 1823 390 1861 respexit,
416 1829 447 1853 et
461 1823 585 1864 singula
599 1834 679 1864 pene
696 1826 788 1855 verba
810 1832 970 1856 mutuatus

246 1879 304 1902 est:

276 1945 380 1969 Nudum
398 1945 536 1972 hominem
556 1947 668 1979 primum
689 1948 779 1972 mundi
803 1952 897 1973 natura
911 1952 969 1981 pro-

335 1984 442 2015 fundit.-

278 2024 387 2054 Insuper
395 2025 544 2054 excruciat,
554 2025 636 2051 niveis
644 2032 728 2056 quum
737 2027 860 2052 dentibus
871 2031 967 2053 armat.

250 2097 301 2127 Sic
315 2098 398 2137 prior
412 2099 579 2130 versiculus
604 2101 734 2131 omnino
757 2102 970 2133 rescribendus

248 2155 302 2184 est,
319 2150 372 2189 qui
387 2150 464 2180 solet
479 2152 537 2181 hoc
552 2152 647 2182 modo
662 2153 812 2183 exhiberi:

248 2229 355 2254 Nudum
367 2231 505 2257 hominem
518 2233 636 2264 primum
647 2237 726 2258 mater
738 2237 834 2259 natura
841 2234 968 2266 profudit.-

247 2310 381 2340 quarum
403 2303 469 2332 haec
495 2302 586 2333 lectio
610 2305 848 2336 constructionis
872 2305 971 2336 indoli

248 2358 417 2392 repugnat;
438 2353 505 2391 illa,
525 2360 562 2384 ut
576 2353 709 2392 videtur,
732 2356 851 2395 scriptis
865 2366 969 2386 exem·

248 2402 391 2441 plaribus.
438 2405 561 2441 Statius
577 2405 641 2436 silv.
657 2406 677 2436 i.
694 2410 720 2436 2.
742 2410 810 2438 109.

657 2486 745 2511 tenure
755 2487 882 2512 cadentem

283 2523 395 2554 Excepi,
405 2524 516 2557 fovique
526 2526 600 2550 sinu:

250 2606 285 2631 ut
298 2601 416 2633 ibidem
429 2603 493 2640 ille,
511 2615 539 2636 v.
557 2609 588 2637 5.
606 2610 659 2638 69.
683 2612 715 2636 et
728 2606 761 2637 in
777 2607 875 2637 Theb.
891 2606 910 2637 i.
921 2611 972 2638 60.

250 2652 394 2689 Homeri,
413 2665 507 2696 quem
522 2657 696 2688 Lambinus
710 2657 879 2697 adscripsit,
901 2668 972 2697 pro·

251 2702 332 2733 fecto
347 2714 477 2744 memor,
495 2707 534 2738 ad
551 2708 589 2739 11.
608 2715 638 2740 T.
654 2712 726 2739 110.

252 2790 274 2814 Η
288 2797 336 2823 μεν
348 2800 388 2816 τον
399 2800 518 2818 statvs-wei
531 2802 702 2827 περικτιοιεσσι
714 2795 818 2826 annisu,

247 2845 292 2873 '05
302 2854 344 2871 κεν
357 2845 393 2870 κγ’
405 2856 487 2880 numm
501 2847 562 2881 τᾳδι
574 2849 670 2890 ΠΕΣῌ
683 2858 754 2882 μετα
767 2859 839 2876 §rora
854 2859 970 2882 ’γυνωκος

252 2903 308 2928 Tm
322 2902 421 2937 ανδρων,
435 2902 456 2929 oi
467 2912 512 2933 ης
527 2906 549 2935 εξ
560 2904 672 2937 aima-os
686 2914 729 2932 εισι
742 2906 858 2937 γενεθλης.

1011 666 1076 697 Ubi
1090 667 1169 696 bene
1190 665 1306 696 scholia
1328 664 1479 706 vulgaria,
1505 674 1541 695 ac
1556 664 1731 696 Villoisoni.

1013 717 1193 747 Homerum
1207 722 1313 747 autem
1330 716 1494 756 Oppianus
1507 716 1663 755 expressit,
1679 726 1731 756 cy-

1012 778 1082 808 neg.
1098 768 1141 798 iii.
1158 771 1229 799 201.
1253 767 1362 798 Addas
1382 767 1509 798 Anthol.
1532 768 1600 798 Lat.
1622 768 1733 799 Burm.

1012 818 1043 848 ii.
1061 822 1130 849 186.
1145 822 1195 849 20.

1074 899 1190 924 conmle
1199 900 1336 932 Pompeio,
1346 899 1470 924 vitalibus
1481 899 1567 924 editus
1577 900 1657 929 auris,

1074 940 1106 964 Et
1118 940 1221 970 Crasso,
1230 939 1310 972 tetigit
1318 943 1422 964 terram.

1015 1009 1078 1040 Ubi
1093 1015 1182 1040 notes
1196 1009 1291 1040 velim
1312 1009 1586 1040 insolentissimam
1601 1010 1732 1041 locuti0-

1014 1071 1098 1096 nem,
1120 1063 1220 1092 editus
1245 1062 1343 1098 auris,
1371 1060 1420 1091 vel
1445 1061 1614 1099 expositus;
1640 1070 1735 1102 quam

1015 1111 1169 1152 Virgilius
1183 1117 1288 1142 tuetur
1302 1116 1419 1148 tamen,
1437 1110 1477 1141 ad
1491 1121 1559 1151 geo.
1574 1111 1606 1141 ii.
1623 1114 1693 1142 188.

1347 1184 1446 1215 quique
1456 1183 1537 1208 editus
1547 1186 1674 1208 auser0—.

1015 1258 1124 1294 Ροιτο,
1156 1258 1213 1287 hac
1242 1257 1373 1288 demum
1401 1256 1634 1296 comparatione
1662 1266 1737 1287 usus

1015 1314 1071 1345 est,
1094 1318 1152 1338 nec
1174 1308 1284 1338 inscite
1306 1307 1445 1348 quidem,
1473 1307 1616 1346 Orosius,
1642 1307 1674 1338 ii.
1688 1310 1740 1338 11.

1015 1362 1034 1376 “
1053 1358 1266 1394 Mardonium,
1295 1357 1403 1388 deletis
1417 1357 1514 1397 copiis
1528 1358 1637 1397 ipsius,
1661 1359 1741 1389 velut

1014 1413 1034 1428 “
1050 1420 1066 1440 e
1080 1410 1246 1450 naufragio
1260 1412 1388 1445 nudum,
1411 1419 1485 1440 cum
1506 1410 1613 1448 paucis
1629 1409 1741 1450 fugere

1015 1462 1034 1477 “
1050 1459 1303 1498 compulerunt.”

1059 1516 1138 1547 Ibid.
1161 1519 1264 1548 nudus
1269 1517 1366 1557 jacet.
1403 1516 1504 1547 Haud
1518 1517 1607 1548 aliter
1621 1517 1661 1548 de
1676 1517 1738 1548 Pa-

1014 1567 1126 1604 linuro,
1141 1571 1228 1600 soevis
1242 1570 1280 1599 ab
1294 1571 1387 1600 undis
1395 1569 1541 1609 Ρτρὶεειο,
1558 1569 1740 1600 Mincianus

1015 1624 1108 1656 vates,
1126 1620 1200 1649 AEn.
1216 1630 1243 1649 v.
1259 1619 1311 1649 fin.

1075 1690 1166 1715 Nudus
1176 1690 1203 1715 ἰη
1214 1690 1318 1722 ignota,
1329 1691 1460 1721 Palinure,
1469 1691 1566 1723 jacebis
1574 1691 1664 1716 areni.

1057 1762 1139 1793 Ibid.
1162 1762 1283 1804 infans:
1316 1762 1335 1792 i.
1362 1773 1388 1793 e.
1418 1762 1472 1803 qui
1501 1762 1560 1792 sari
1589 1771 1736 1803 nequeat:

1012 1813 1062 1844 adi
1077 1819 1225 1843 annotata
1238 1813 1390 1852 superius,
1404 1813 1445 1843 ad
1459 1813 1497 1842 iv.
1517 1816 1608 1844 1157.

1055 1873 1128 1902 Ver.
1153 1875 1224 1903 225.
1263 1873 1365 1902 Vitali.
1409 1871 1554 1902 Varietas
1582 1871 1678 1902 unius
1706 1877 1738 1902 et

1012 1923 1140 1954 alterius
1157 1923 1312 1959 editionis,
1343 1925 1366 1953 V
1366 1925 1426 1954 ita'i
1448 1933 1571 1962 nempe,
1595 1923 1739 1954 scribitur

1012 1976 1045 2006 in
1061 1974 1203 2016 margine
1219 1980 1254 2005 Δ.
1275 1975 1407 2012 codicis;
1428 1980 1460 2005 et
1484 1975 1641 2005 immerito
1665 1985 1739 2005 sane

1015 2027 1149 2057 Bentleii
1164 2026 1419 2066 approbationem
1434 2032 1526 2056 nacta
1541 2032 1595 2057 est.

1057 2085 1129 2116 Ver.
1145 2089 1215 2117 226.
1237 2087 1319 2116 alvo:
1347 2092 1387 2116 Π.
1401 2084 1674 2125 albo.—prqfudit:
1701 2084 1736 2115 Ρ.

1013 2138 1054 2167 V.
1069 2137 1116 2168 ed.
1134 2137 1182 2167 M.
1202 2137 1383 2178 prcffundit;
1409 2137 1463 2167 sed
1484 2137 1618 2166 rationes
1639 2141 1736 2167 struc-

1013 2195 1092 2219 turae
1106 2196 1229 2228 recepto
1243 2189 1392 2220 vocabulo
1406 2189 1626 2230 suffragantur.

1067 2248 1148 2278 Ibid.
1179 2250 1314 2279 IVt'xibus
1337 2248 1487 2289 prqf'udit.
1533 2248 1639 2286 Elam,
1668 2256 1736 2288 geo.

1013 2300 1051 2330 iv,
1071 2303 1138 2331 199.

1267 2376 1315 2397 aut
1323 2371 1396 2398 fetus
1406 2372 1510 2396 nixibus
1520 2372 1614 2397 edunt.

1016 2435 1108 2466 Idem
1123 2435 1208 2471 alibi,
1224 2436 1300 2466 AEn.
1313 2435 1375 2466 viii.
1394 2439 1462 2467 159.

1029 2515 1108 2539 Vobis
1118 2515 1264 2540 Mercurius
1274 2518 1349 2547 pater
1359 2518 1399 2540 est
1405 2523 1414 2545 ;
1433 2521 1515 2545 quem
1531 2513 1643 2539 candida
1652 2511 1721 2537 Maia

1029 2554 1149 2584 Cyllenae
1161 2554 1249 2586 gelido
1258 2558 1423 2586 conceptum
1434 2554 1537 2579 vertice
1544 2552 1628 2584 sudi!-

1017 2623 1188 2654 Manilium
1200 2629 1346 2663 praeterea
1361 2623 1521 2659 adducam,
1537 2627 1573 2652 ut
1587 2619 1738 2659 explicem

1015 2674 1242 2715 vindicemque,
1258 2675 1297 2705 ad
1311 2675 1342 2705 ii.
1360 2677 1430 2705 875.

1271 2752 1369 2778 merito
1378 2750 1517 2783 Typhonis
1529 2750 1661 2775 habentur

1016 2794 1163 2817 Horrendae
1173 2793 1258 2822 sedes,
1270 2799 1352 2824 quem
1363 2791 1455 2817 Tellus
1464 2797 1538 2815 saeva
1545 2789 1661 2822 prqfudit

1016 2833 1087 2856 Cum
1098 2831 1196 2856 bellum
1209 2831 1280 2856 coelo
1290 2830 1407 2863 peperit;
1426 2836 1476 2854 nec
1487 2833 1574 2854 matre
1584 2828 1700 2853 minores

1016 2871 1185 2896 Exstiterunt
1196 2875 1300 2903 partus:
1318 2871 1364 2895 sed
1373 2869 1488 2894 fulmine
1498 2875 1586 2893 rursus
1596 2868 1624 2892 in
1633 2867 1719 2892 altum

1019 2910 1171 2942 compulsi,
1188 2913 1348 2941 montesque
1356 2914 1435 2942 super
1445 2907 1546 2935 rediere
1556 2907 1691 2933 cadentes.
