1926 3224
271 283 369 325 250

776 278 837 325 T.
876 275 1250 324 LUCRETII

415 407 662 450 Verberibus
680 406 813 446 ventei
833 413 1012 454 vorsant,
1044 405 1325 462 planguntque
1342 419 1418 460 per
1436 420 1568 448 auras.

305 485 383 523 115

473 481 539 521 Fit
558 494 719 535 quoque
737 479 849 520 enim
867 479 1090 529 interdum,
1112 493 1198 519 non
1217 487 1301 520 tam
1321 493 1564 522 concurrere
1581 481 1707 524 nubes

418 553 639 595 Frontibus
657 553 838 594 advorsis
857 553 1028 608 possint,
1054 558 1182 609 ‘quam
1203 553 1255 594 de
1273 553 1398 605 latere
1416 554 1490 604 ire,

412 627 592 668 Divorso
611 635 727 669 motu
747 628 936 669 radentes
958 642 1132 683 corpora
1151 628 1332 678 tractim3

411 700 565 755 Aridus
584 700 695 742 unde
715 702 844 742 aureis
862 709 994 758 terget
1012 716 1134 743 sonus
1153 701 1232 752 ille,
1263 701 1416 758 diuque

412 773 606 824 Ducitur,
638 775 826 816 exierunt
845 774 977 816 donec
996 775 1230 832 regionibus
1251 775 1362 816 artis.

304 850 384 887 120

313 999 396 1031 Ibid.
428 1002 602 1034 Verberibus
624 1004 722 1034 vemet·
745 1004 920 1044 plangunt.-
940 1003 991 1035 adi

267 1057 376 1083 notata
397 1052 430 1083 in
454 1053 472 1083 i.
489 1057 561 1084 275.
583 1063 609 1084 v.
626 1058 696 1085 110.
728 1055 802 1086 Non
824 1055 912 1087 aliter
929 1057 989 1087 Co·

267 1102 410 1142 lamella,
425 1113 455 1134 x.
470 1106 522 1135 75.

314 1183 458 1210 Verberibus
468 1185 570 1218 gelidis,
580 1186 692 1217 iraeque,
702 1187 820 1212 obnoxia
831 1187 905 1213 Cauri
909 1196 918 1212 .-

269 1253 323 1284 ubi
338 1253 519 1285 Lucretium
540 1254 670 1285 laudant
690 1255 878 1295 interpretes.
922 1255 988 1286 Nec

268 1314 335 1339 non
350 1305 496 1337 Valerius
511 1306 650 1344 Flaccus,
671 1306 690 1337 i.
704 1311 776 1338 659.

298 1383 375 1409 Illam
386 1384 439 1409 huc
455 1387 536 1415 atque
555 1384 616 1409 illuc
635 1391 706 1410 nunc
724 1388 851 1416 torquens
867 1384 989 1409 verberat

392 1427 546 1449 Eurus—.

269 1492 312 1523 In
333 1493 497 1524 cumulum
521 1494 622 1524 veniat
644 1494 785 1533 Bo'e'tius,
813 1494 865 1525 lib.
880 1494 900 1525 i.
916 1500 988 1525 met.

269 1547 289 1557 o-

267 1556 301 1575 θ’

297 1616 372 1641 Hanc
383 1616 405 1641 si
414 1617 544 1643 Threicio
555 1619 646 1642 Boreas
656 1619 766 1644 emissus
776 1619 809 1643 ab
819 1622 896 1643 antro

328 1655 451 1687 Verberet,
462 1660 490 1683 et
500 1657 619 1682 clausum
630 1661 728 1684 reseret
738 1658 886 1683 diem—t

267 1731 322 1763 sed
351 1742 459 1764 amove
488 1742 584 1773 ocyus
612 1732 756 1773 putidam
784 1742 902 1771 vocem,
934 1742 989 1772 po-

270 1782 388 1814 nendo:

491 1858 519 1881 et
529 1855 626 1881 clarum
642 1859 739 1882 reseret
749 1856 831 1882 diem.

309 1925 392 1956 Ibid.
424 1928 521 1957 veruci
549 1933 676 1958 vorsant.
720 1927 885 1967 Virgilius,
913 1928 987 1958 AEn.

268 1975 307 2007 vi.
322 1980 395 2007 562.

298 2050 374 2074 Nunc
392 2056 438 2074 me
453 2049 550 2078 stucms
569 2050 660 2080 habet,
681 2054 843 2082 venamque
861 2051 889 2076 in
910 2051 986 2077 litore

390 2089 479 2113 venti:

266 2158 286 2189 i.
302 2168 328 2189 e.
352 2161 375 2177 “
392 2159 450 2189 Me
463 2159 547 2189 venti
562 2160 626 2190 huc
644 2159 720 2191 illuc
733 2160 862 2191 volvunt
882 2161 987 2201 jacen-

267 2213 290 2229 “
307 2216 371 2241 tem
399 2211 434 2241 in
459 2212 601 2252 margine
627 2212 730 2250 maris,
755 2222 840 2243 nunc
863 2213 990 2256 cadaver

267 2264 290 2279 ‘⁴
306 2262 501 2298 resorbenfis,
517 2261 722 2294 nuncautern
740 2264 773 2294 in
789 2263 862 2294 litus
877 2275 987 2304 exspu-

268 2319 290 2334 “
307 2316 418 2346 entis.'’
471 2317 626 2347 Heinsius
662 2318 759 2358 igitur
794 2317 989 2348 inscitissime

266 2366 402 2406 praetulit
430 2369 463 2399 in
495 2369 597 2399 litora.
652 2369 713 2399 Sed
747 2369 832 2399 enim
862 2370 988 2410 Virgilii

267 2425 406 2450 mentem
438 2419 517 2449 nihil
552 2419 655 2459 aptius
690 2420 889 2452 declaraverit
923 2422 990 2453 loco

266 2470 441 2510 Euripidis,
462 2472 542 2503 Hec.
559 2475 608 2502 28.
633 2473 759 2504 Maroni
774 2484 837 2504 non
852 2475 988 2505 inobser-

266 2527 353 2559 vat03
375 2532 469 2562 quem
485 2523 632 2563 Heynius
646 2523 766 2554 erudite
780 2525 921 2556 contulit.

308 2580 386 2611 Ver.
407 2585 475 2613 115.
498 2582 585 2613 Ante
600 2595 671 2622 non,
688 2583 820 2614 editores
835 2585 988 2615 temerarii

266 2636 298 2661 et
310 2630 427 2662 indocti
444 2632 644 2664 vanissimum
660 2635 920 2674 supplementum,
935 2646 988 2666 vo-

265 2682 370 2713 culam
392 2689 438 2722 ut,
462 2684 618 2724 ingerunt,
646 2685 732 2716 libris
753 2688 880 2718 vetustis
894 2687 989 2718 recla-

266 2733 437 2764 mantibus:
468 2734 539 2766 vide
565 2745 632 2775 nos,
661 2735 681 2766 i.
696 2740 746 2768 50.
777 2748 804 2768 ν.
823 2741 895 2769 834.
939 2738 991 2769 Ita

266 2783 432 2821 saepissime
449 2786 615 2825 Apuleius,
640 2794 787 2819 monente
809 2788 841 2819 id
858 2789 990 2820 subinde

268 2832 505 2874 Oudendorpio,
532 2843 625 2878 atque
653 2845 836 2870 correctores
864 2839 989 2871 inscitus

266 2883 445 2924 castigante.

310 2942 383 2975 Ver.
402 2947 473 2977 117.
499 2953 579 2978 motu
602 2951 757 2980 radentes:
786 2949 825 2980 V.
850 2949 898 2982 ed.
922 2961 986 2982 mo·

472 847 572 888 Hoc
592 847 714 888 etiam
735 855 871 903 pacto,
904 848 1059 890 tonitru
1079 863 1273 891 concussa
1291 849 1480 890 videntur

1033 1011 1103 1036 tura
1127 1007 1420 1036 dentes.—tractim:
1450 1005 1493 1034 ita
1521 1004 1609 1036 codd.
1641 1005 1752 1046 optimi

1033 1057 1070 1087 L.
1097 1057 1144 1087 Μ.
1174 1057 1284 1097 quibus
1313 1056 1444 1087 ducibus
1466 1056 1522 1086 viri
1548 1057 1630 1087 docti
1657 1060 1753 1097 probe

1032 1114 1202 1148 posuerunt
1215 1119 1350 1148 corpora,
1380 1107 1444 1138 vice
1458 1110 1590 1147 corporis
1604 1115 1635 1138 et
1649 1120 1751 1149 corpo-

1030 1171 1064 1190 re
1092 1160 1250 1190 librorum.
1296 1159 1414 1199 Vulgo,
1449 1165 1591 1190 tractum.
1636 1160 1752 1199 Locus,

1030 1211 1074 1240 sic
1100 1211 1293 1246 constitutus,
1317 1221 1407 1240 suam
1431 1217 1541 1242 nactus
1563 1218 1609 1242 est
1623 1211 1752 1242 facilita-

1031 1268 1094 1292 tem
1111 1268 1203 1302 atque
1218 1262 1414 1303 elegantiam.

1075 1313 1147 1343 Ver.
1168 1317 1235 1345 118.
1259 1315 1376 1345 Aridus
1398 1326 1506 1346 sonus:
1538 1315 1558 1346 i.
1580 1325 1608 1346 e.
1620 1315 1752 1356 fragile

1032 1375 1134 1402 sonus,
1149 1372 1186 1397 ut
1201 1377 1260 1396 ver.
1280 1370 1348 1397 111.
1364 1367 1412 1397 vel
1423 1367 1550 1408 fragor,
1565 1373 1596 1397 et
1610 1371 1754 1409 crepitus,

1030 1418 1154 1459 qualem
1169 1418 1267 1449 edunt
1280 1420 1379 1449 aridae
1394 1429 1452 1457 τες,
1467 1430 1539 1449 cum
1554 1419 1751 1461 franguntur.

1032 1469 1167 1507 Nonius,
1193 1469 1233 1498 iv.
1245 1472 1297 1500 51.
1318 1469 1534 1508 interpretatus
1556 1476 1602 1501 est
1616 1481 1671 1510 per
1683 1473 1752 1502 hor-

1031 1521 1151 1562 rficum
1165 1525 1194 1548 et
1209 1525 1344 1556 acutum,
1362 1520 1454 1560 louge
1463 1521 1647 1552 crassissime
1660 1528 1752 1562 atque

1032 1573 1230 1613 ineptissime.
1286 1573 1440 1614 Virgilius
1468 1574 1596 1613 pulchre
1625 1575 1753 1607 variavit

1033 1624 1234 1663 locutionem,
1253 1624 1293 1655 ad
1306 1635 1373 1665 geo.
1390 1625 1410 1655 i.
1425 1629 1497 1657 357.

1092 1709 1368 1718 ——-
1377 1701 1405 1723 et
1414 1698 1503 1723 aridus
1513 1698 1573 1724 alt'n

1091 1736 1227 1761 Montibus
1237 1736 1321 1761 audiri
1327 1737 1435 1769 fragor.-

1028 1810 1083 1841 ubi
1101 1811 1223 1841 Servius
1237 1811 1463 1842 accuratissime
1484 1811 1611 1843 functus
1636 1820 1682 1845 est
1701 1815 1750 1846 of-

1029 1865 1111 1902 ficio,
1149 1875 1184 1896 ac
1212 1866 1407 1905 peritissime:
1446 1871 1468 1886 ‘⁶
1486 1870 1617 1905 Sortitus,
1652 1870 1753 1910 qualis

1032 1920 1054 1935 “
1070 1917 1147 1947 solet
1162 1916 1227 1947 fieri
1243 1928 1281 1947 ex
1303 1920 1413 1956 aridis,
1448 1928 1520 1949 cum
1537 1919 1751 1960 franguntur,

1032 1971 1054 1986 “
1070 1968 1259 1999 arboribus.'’
1309 1969 1516 2000 Terentianus
1546 1971 1691 2008 Maurus,
1721 1982 1750 2012 p.

1031 2022 1123 2049 2388.
1139 2019 1178 2049 de
1192 2019 1281 2050 literzi
1298 2023 1345 2052 R:

1060 2101 1151 2125 Vibrat
1163 2102 1282 2126 tremulis
1292 2102 1386 2126 ictibus
1397 2102 1499 2127 aridum
1509 2110 1630 2134 ronorem,

1063 2141 1114 2164 Has
1125 2146 1187 2171 quae
1197 2141 1326 2171 sequitur,
1338 2141 1422 2166 litera.

1077 2215 1157 2245 Ibid.
1180 2217 1282 2247 aureis
1297 2222 1389 2256 terget
1410 2227 1516 2248 sonus:
1540 2216 1681 2258 perlegas
1694 2227 1751 2249 no.

1032 2271 1095 2296 tata
1120 2266 1159 2297 ad
1183 2267 1222 2297 iv.
1237 2270 1308 2298 250.
1331 2268 1350 2297 i.
1367 2278 1392 2298 e.
1404 2268 1483 2308 jerit
1499 2278 1599 2306 aures,
1622 2275 1653 2300 et
1667 2280 1751 2310 prae·

1031 2320 1172 2358 stringit.-
1196 2318 1266 2348 vide
1283 2319 1445 2349 Claudian.
1461 2319 1500 2350 de
1516 2320 1619 2351 laudd.
1639 2321 1704 2352 Stil.
1718 2321 1750 2352 ii.

1032 2372 1104 2401 277.
1128 2369 1247 2409 Lepide
1259 2371 1414 2401 Martialis
1427 2381 1514 2402 more
1528 2373 1648 2412 po'etico
1661 2374 1751 2412 phra-

1032 2421 1080 2451 sin
1104 2420 1238 2458 invertit,
1263 2421 1433 2452 editoribus
1457 2433 1522 2453 non
1543 2425 1637 2463 probe
1658 2423 1748 2455 intel-

1032 2471 1142 2511 lectus,
1157 2472 1196 2503 vi.
1214 2476 1241 2503 l.
1255 2476 1285 2502 3.

1093 2559 1190 2582 Sextus
1199 2557 1318 2582 mittitur
1330 2558 1372 2583 hic
1384 2558 1432 2583 tibi
1441 2558 1554 2589 libeuus,

1094 2598 1123 2621 In
1136 2597 1225 2628 primis
1236 2597 1302 2621 mihi
1313 2605 1373 2623 care
1385 2598 1527 2623 Martialis:

1092 2637 1180 2668 Quem
1191 2637 1212 2661 si
1227 2636 1324 2661 terseris
1334 2644 1397 2661 aure
1407 2636 1539 2669 diligenti,

1092 2676 1219 2705 Audebit,
1230 2676 1318 2700 minus
1328 2676 1425 2701 anxius
1435 2680 1616 2706 tremensque,

1093 2716 1202 2747 Magnas
1211 2715 1322 2741 caesaris
1331 2716 1358 2740 in
1369 2722 1463 2740 manus
1474 2715 1578 2740 venire:

1031 2798 1088 2828 pro
1102 2789 1232 2830 vulgari,
1257 2794 1280 2808 “
1298 2790 1330 2820 Si
1352 2791 1417 2819 haee
1438 2788 1576 2819 carmina
1593 2788 1626 2818 in
1641 2798 1749 2820 aurem

1033 2843 1055 2858 “
1070 2846 1219 2871 attentam
1234 2841 1355 2878 cadant,
1371 2845 1401 2870 et
1414 2844 1607 2879 pertergeant
1621 2839 1729 2870 sono.''

1073 2901 1148 2930 Ver.
1166 2904 1236 2932 119.
1257 2902 1412 2931 exierunt.-
1434 2900 1476 2930 sic
1497 2899 1704 2940 antiquissimi
1719 2905 1750 2930 et

1031 2950 1272 2981 emendatissimi
1287 2949 1414 2987 codices,
1437 2950 1474 2982 L.
1490 2950 1537 2981 M.
1553 2956 1584 2981 et
1597 2950 1750 2982 recentior
