1926 3224
560 240 793 291 LIBER,

857 241 1158 291 SEXTUS

262 373 402 423 Quom
423 388 569 430 supera
589 388 784 432 magnum
805 383 918 418 mare
937 375 1069 416 ventei
1095 372 1234 415 nubila
1252 380 1431 429 portant.

146 450 227 488 505
260 448 472 489 Consimili
492 449 650 490 ratione
669 463 721 490 ex
740 448 931 489 omnibus
950 449 1138 489 amnibus
1158 447 1308 490 humor

261 521 436 564 Tollitur
456 523 497 562 in
519 522 679 563 nubeis:
710 536 793 576 quo
813 534 937 576 quom
959 521 1064 561 bene
1084 522 1238 563 semina
1259 536 1458 578 aquarum

258 595 395 636 Multa
415 595 547 635 modis
566 595 702 635 multis
722 605 964 642 convenere,
999 593 1179 648 undique
1198 595 1386 647 adaucta,

257 668 465 709 Confertae
485 667 612 707 nubes
633 666 811 706 humecti
832 665 995 706 mittere
1015 674 1174 707 certant

253 741 498 795 Dupliciter:
530 753 626 779 nam
646 739 704 778 vis
726 738 835 778 venti
856 738 1082 789 contrudit,
1114 748 1154 781 et
1173 741 1261 795 ipsa

140 818 222 854 510
254 814 386 867 Copia
405 812 656 862 nimborum,
689 812 809 852 turba
830 813 984 867 majore
1004 812 1161 862 coacta,

253 881 447 943 Urguens‘
467 901 519 927 ex
539 900 687 940 supero
706 886 872 940 premit,
895 900 943 926 ac
963 885 1059 926 facit
1078 887 1251 928 ecflucre
1269 888 1448 931 imbreis.

105 1058 254 1091 facientes
267 1064 375 1090 contra
388 1058 603 1090 universorum
618 1065 758 1090 veterum
772 1069 826 1089 ex-

105 1111 292 1151 emplarium
305 1110 502 1151 religionem.

148 1176 222 1206 Ver.
238 1178 310 1206 506.
332 1177 403 1205 bene
416 1178 532 1206 semina
550 1177 669 1206 nlulla:
695 1175 714 1206 i.
731 1186 756 1206 e.
779 1186 825 1206 se-

103 1226 191 1257 mina
205 1227 284 1256 bene
298 1226 405 1256 multa.
450 1227 676 1257 Bru-smnus.

146 1286 222 1316 Ver.
240 1289 311 1317 508.
333 1288 482 1316 humecti:
516 1286 537 1316 i.
564 1297 589 1316 e.
615 1288 746 1324 humidi,
771 1296 827 1326 pro

101 1339 253 1374 humori&
285 1344 321 1368 ut
351 1336 455 1367 Graeci
485 1337 607 1377 passim,
636 1347 692 1367 nec
721 1337 827 1367 minus

101 1389 216 1420 Latini.
264 1387 313 1419 Sic
328 1387 468 1426 Tacitus,
484 1399 557 1420 ann.
577 1390 595 1419 i.
612 1393 824 1428 61.-“'pon-

102 1444 186 1471 “tes
213 1441 336 1470 humido
373 1439 526 1479 paludum
562 1441 824 1480 imponeret—;”

99 1506 156 1536 pro
170 1498 292 1527 humori
304 1496 468 1535 paludum,
492 1497 554 1526 sive
577 1497 714 1527 humidis
736 1497 824 1536 palu-

99 1548 205 1579 dibus:
240 1558 280 1578 ne
302 1548 406 1587 plures
428 1554 518 1578 testes
540 1549 735 1579 advocemus.
779 1549 824 1578 Ε-

97 1605 173 1630 runt
195 1605 301 1630 tamen
316 1599 454 1637 fortasse,
477 1599 530 1639 qui
547 1609 669 1630 versum
691 1599 733 1629 sic
748 1599 823 1630 levi-

99 1656 146 1680 ter
161 1650 313 1680 variatum
329 1649 420 1680 unice
435 1649 659 1689 probavissent:

112 1736 251 1763 consertae
263 1737 346 1762 nubes
355 1736 484 1761 humentia
494 1736 604 1762 mittere
614 1740 791 1762 certant—:

96 1810 117 1841 i.
132 1819 159 1840 e.
181 1809 343 1840 humentia
363 1811 489 1846 semina,
511 1809 545 1839 in
562 1819 622 1840 ver.
639 1813 713 1841 506.
759 1809 821 1841 Vel

97 1871 223 1892 rursum
236 1860 293 1892 sic:

126 1933 265 1959 Consertae
276 1934 359 1959 nubes
370 1936 424 1959 tum
436 1940 459 1958 re
469 1933 593 1959 dimittere
602 1937 778 1960 certant—.

96 2006 166 2037 Aut
179 2005 275 2035 etiam
289 2006 349 2035 hoc
362 2005 457 2035 modo
471 2005 619 2046 denique:

123 2086 264 2112 Confertae
276 2087 359 2112 nubes
368 2090 423 2112 tum
435 2087 550 2112 vemt-im
561 2088 671 2113 mittere
679 2090 800 2114 certant:

93 2165 114 2196 i.
129 2175 157 2196 e.
180 2171 325 2197 tumorem
350 2177 449 2197 suum.
491 2166 586 2196 Lauti
611 2172 703 2208 atque
724 2166 816 2197 intel-

92 2217 226 2257 ligeum
239 2217 375 2254 lectores,
398 2218 511 2258 quibus
532 2218 638 2248 omnia
661 2224 765 2248 nostra
779 2219 818 2248 li-

93 2269 275 2300 hemissime
288 2269 456 2300 deferimus
477 2270 689 2310 dijudicanda,
712 2271 817 2301 electi-

94 2330 190 2351 onem
204 2320 328 2352 faciant.
367 2321 461 2357 Quod
476 2322 704 2360 nobismetipsis
718 2322 817 2352 simil-

94 2371 209 2401 limum
225 2381 298 2402 vero
321 2371 485 2408 videretur,
509 2382 545 2402 ac
571 2373 699 2402 vetustis
713 2383 818 2402 exem.

92 2423 231 2463 pluribus
245 2423 399 2454 minorem
414 2424 477 2454 vim
496 2424 623 2462 inferre,
646 2424 680 2454 id
705 2435 816 2464 reprae-

92 2475 282 2506 sentandum
296 2476 547 2507 existimavimus.
592 2476 743 2517 Evulgari
765 2488 813 2508 so-

92 2526 150 2557 let:

139 2599 278 2625 confertae
290 2601 374 2626 nubes
384 2599 505 2625 viventi
515 2600 624 2626 mittere
632 2605 753 2627 certant:

90 2680 215 2710 prorsus
237 2670 461 2714 απροςδωνυσως,
482 2678 575 2713 atque
597 2673 691 2703 etiam
710 2679 817 2704 contra

91 2722 359 2754 manifestissimas
382 2724 478 2764 ipsius
502 2725 602 2764 po'e'tae
628 2726 763 2756 rationes
785 2731 817 2756 et

92 2773 200 2812 effata3
223 2774 278 2815 qui
293 2776 391 2806 nubes
405 2775 480 2806 facit
502 2778 597 2808 modis
619 2779 723 2808 multis
739 2779 814 2819 (ver.

91 2825 194 2866 507.)‚
211 2826 279 2866 jam
305 2827 459 2867 expositiS‚
485 2828 637 2870 confertas
662 2835 754 2870 atque
778 2841 814 2860 α-

92 2877 238 2914 dauctas‚·
275 2888 340 2909 non
369 2884 475 2910 autem
503 2882 535 2911 υἱ
562 2886 735 2911 ventorum:
775 2891 816 2911 ne

92 2926 194 2960 dicam
218 2939 315 2972 quam
338 2931 496 2974 probabile
523 2931 575 2972 sit,
599 2931 625 2963 si
650 2932 816 2966 stationem

870 1058 1093 1089 vocabulorum
1110 1060 1340 1099 contempleris,
1362 1061 1468 1093 oculos
1483 1063 1600 1094 librarii

870 1112 1061 1142 errabundos
1097 1113 1132 1142 in
1167 1120 1350 1154 sequentem
1375 1125 1498 1145 versum
1520 1125 1599 1154 prae-

871 1171 1070 1202 properanter
1096 1165 1252 1203 conjectos
1275 1165 1383 1204 fuisse,
1407 1172 1439 1196 et
1463 1176 1502 1196 ea
1527 1167 1601 1197 inde

870 1215 1089 1253 importaw'sse.
1137 1215 1306 1254 Caeterum‚
1332 1217 1417 1247 haud
1439 1218 1601 1249 unanimis

870 1265 1029 1296 invenitur
1060 1266 1212 1297 librorum
1241 1267 1443 1308 antiquorum
1473 1279 1595 1299 sensus:

873 1316 912 1347 V.
929 1317 975 1346 ed.
991 1317 1087 1354 enim,
1107 1327 1164 1356 pro
1180 1318 1312 1358 vulgatis
1326 1322 1356 1350 vi
1370 1322 1465 1358 venti,
1484 1319 1601 1359 praebet

870 1371 1016 1403 tumenti;
1043 1368 1125 1408 quod
1149 1370 1188 1399 ab
1210 1372 1322 1400 umecti
1342 1371 1484 1409 proxime
1503 1371 1598 1401 nimi-

869 1430 941 1449 rum
956 1422 1058 1450 abest:
1085 1425 1118 1452 Σ.
1135 1427 1252 1457 autem,
1267 1423 1414 1452 humenti.
1457 1423 1480 1454 J
1482 1433 1533 1452 am
1548 1433 1599 1453 ve-

869 1481 904 1500 ro
918 1472 976 1500 ista
991 1481 1059 1506 vox,
1083 1482 1182 1511 quum
1197 1484 1213 1503 c
1228 1478 1260 1502 et
1280 1484 1309 1510 r,
1334 1484 1351 1502 r
1367 1478 1397 1503 et
1412 1484 1445 1510 n,
1472 1474 1599 1512 saepius-

868 1521 938 1552 cule
975 1530 1222 1561 commutentur,
1260 1531 1373 1554 nostrae
1412 1524 1600 1556 divinationi

868 1575 1058 1614 quantillum
1083 1575 1187 1608 distat!
1213 1576 1352 1616 simplice
1377 1578 1599 1610 tantummodo

868 1624 998 1656 literula.
1060 1633 1104 1657 Ω.
1131 1627 1282 1667 denique,
1310 1630 1368 1659 υἰιη
1398 1630 1488 1659 venti.
1533 1629 1599 1660 His

866 1677 982 1708 addam
998 1678 1080 1715 licet,
1097 1689 1145 1716 ea,
1160 1690 1231 1720 quae
1248 1686 1430 1721 sequuntur,
1450 1684 1495 1712 vis
1516 1684 1600 1714 venti

865 1733 1030 1767 contrudit,
1059 1731 1169 1770 putide
1191 1732 1347 1771 superflua
1375 1733 1532 1772 accedere,
1561 1744 1598 1765 ac

865 1781 997 1811 minime
1022 1782 1161 1821 ferenda,
1192 1783 1217 1813 si
1242 1784 1409 1824 vulgariter
1433 1785 1524 1815 editis
1547 1796 1597 1817 ac-

864 1832 1088 1872 quiescendum
1107 1839 1205 1872 putes,

908 1893 983 1923 Ver.
1000 1897 1071 1924 510.
1094 1895 1284 1924 nimborum:
1318 1894 1358 1925 V.
1381 1894 1428 1925 ed.
1451 1897 1595 1927 membro-

863 1943 1076 1974 rum—imbri¹
1104 1945 1236 1985 majore.-
1272 1944 1370 1976 Vind.
1401 1945 1442 1976 V.
1477 1946 1525 1977 ed.
1556 1951 1595 1979 Δ.

862 1997 980 2026 turbam
997 2007 1096 2027 more:
1122 1997 1142 2027 i.
1158 2007 1186 2028 e.
1210 1996 1309 2027 literis
1332 1997 1423 2027 aliter
1446 1998 1594 2029 distribu-

862 2047 912 2083 tis,
935 2053 968 2078 et
983 2062 1024 2088 erqo
1046 2060 1075 2079 m
1091 2048 1124 2078 in
1140 2050 1281 2079 membra
1303 2051 1317 2079 ι’
1331 2060 1366 2079 ac
1380 2061 1401 2080 η
1417 2049 1593 2089 dispertito,

860 2100 949 2129 turba
979 2102 1115 2134 minore‚·
1150 2100 1283 2140 qualiter
1314 2100 1425 2140 utique
1454 2101 1536 2132 clare
1565 2108 1597 2132 et

860 2149 1005 2180 distincte
1027 2151 1192 2190 postmodo
1224 2157 1386 2181 exaratum
1417 2151 1536 2182 offendi
1558 2153 1593 2183 in

864 2207 907 2231 Ω.
923 2201 1041 2231 codice:
1071 2201 1179 2231 confer
1206 2202 1246 2231 sis
1271 2212 1332 2232 var.
1356 2202 1439 2233 lectt.
1466 2203 1507 2233 ad
1532 2214 1595 2234 ver.

861 2255 933 2283 464.
956 2252 992 2282 L.
1023 2252 1062 2282 O.
1085 2254 1243 2283 turbarum
1274 2265 1372 2290 πων-8,·
1413 2255 1460 2285 M.
1491 2257 1597 2286 turbat*

860 2314 956 2339 more;
982 2308 1016 2334 Σ.
1033 2305 1174 2335 turbatus
1187 2307 1320 2335 humore.
1358 2306 1458 2335 Vides
1473 2306 1595 2337 miseris

862 2355 963 2386 modis
985 2355 1166 2386 divexatum
1195 2367 1330 2386 versum.
1375 2357 1533 2396 Profecto,
1558 2359 1594 2389 in

861 2408 988 2438 vocibus
1009 2410 1099 2439 turba
1122 2409 1248 2449 majore,
1268 2415 1432 2450 postquam
1456 2409 1544 2440 litera
1563 2422 1592 2441 m

861 2459 957 2489 semel
977 2460 1164 2498 praecedenti
1179 2461 1330 2491 vocabulo
1345 2461 1534 2499 adhaesisset,
1555 2472 1593 2492 ex

861 2512 980 2541 turbam
1003 2513 1075 2546 iore,
1098 2521 1161 2541 non
1184 2511 1280 2552 longo
1302 2518 1442 2551 tempore
1462 2512 1594 2551 librarii,

861 2561 996 2592 dictione
1020 2563 1111 2593 nihili
1136 2563 1258 2601 offensi,
1289 2563 1447 2594 efficerent
1472 2566 1594 2595 turbam

859 2625 940 2644 more
945 2629 955 2650 ;
980 2613 1028 2643 vel
1044 2624 1082 2644 ex
1096 2616 1184 2644 turba
1204 2617 1298 2645 miore
1318 2622 1498 2655 exsurgeret
1512 2616 1592 2646 cele-

859 2665 934 2695 riter
962 2667 1051 2696 turha
1085 2677 1179 2704 more,
1203 2666 1223 2696 i.
1239 2676 1265 2697 e.
1294 2668 1414 2697 turbam
1437 2678 1530 2703 more,
1561 2673 1595 2698 et

858 2719 948 2747 turba
971 2719 1263 2749 minora—coacta:
1291 2718 1336 2748 sic
1359 2718 1464 2748 Vossii
1494 2718 1593 2750 MSS.

859 2768 896 2798 P.
912 2769 952 2798 V.
979 2768 1026 2799 ed.
1055 2769 1095 2799 O.
1121 2773 1155 2800 Δ.
1181 2774 1216 2800 Σ.
1238 2769 1342 2810 vulgo,
1373 2776 1490 2806 coorta,·
1527 2768 1594 2808 sed,

858 2819 968 2859 opinor
983 2819 1050 2849 sine
1066 2819 1152 2850 libris
1176 2831 1275 2851 manu
1301 2820 1445 2851 exaratis:
1473 2827 1519 2852 Ω..
1541 2831 1593 2851 co-

859 2878 930 2912 apta
940 2886 952 2907 ,·
977 2882 992 2902 c
1014 2877 1122 2904 tamen
1143 2883 1237 2913 super
1254 2883 1278 2914 p
1297 2873 1336 2905 ab
1362 2872 1474 2906 eodem
1495 2871 1595 2905 scriba

859 2922 997 2962 positum
1012 2927 1066 2954 est.

814 2992 883 3023 ΠΒ
