1926 3224
277 266 303 304 8
749 257 807 307 T.
854 259 1224 307 LUCRETII

479 387 639 428 Caetera
657 386 710 426 de
728 400 878 442 genere
896 386 977 427 hoc
997 401 1090 440 quae
1110 393 1204 426 sunt
1222 391 1413 439 portenta
1430 395 1655 443 perempta,

423 461 467 501 Si
486 475 570 500 non
590 460 696 500 victa
713 459 862 510 forent,
884 459 983 515 quid
1003 459 1168 501 tandem
1188 459 1279 499 viva
1298 459 1514 500 nocerent?

339 539 392 573 40
423 533 552 583 Nihil,
574 541 620 574 ut
640 534 806 588 opinor;
838 534 896 574 ita
915 533 968 574 ad
988 533 1172 574 satiatem
1191 539 1300 572 terra
1318 531 1497 573 ferarum

419 606 543 648 Nunc
562 607 685 648 etiam
705 607 836 657 scatit,
868 614 908 647 et
926 605 1088 660 trepido
1107 613 1263 646 terrore
1282 605 1436 659 repleta
1454 614 1529 654 est,

420 680 501 721 Per
520 694 704 729 nemora,
727 695 774 720 ac
794 681 970 720 monteis
989 693 1175 735 magnos,
1207 678 1415 734 sylvasque
1434 677 1671 733 profimdas:

420 753 528 802 Quae
548 752 637 794 loca
655 751 810 793 vitandi
829 751 1067 806 plerumque
1086 759 1146 792 est
1165 758 1305 792 nostra
1322 758 1511 806 potestas.

273 924 361 954 hibet
379 925 504 954 Oceano.
548 921 665 952 Videas
682 921 830 961 Grangaei
845 926 944 959 notas,
963 927 995 951 et

271 976 415 1009 aliorum,
438 973 478 1003 ad
499 973 613 1004 locum.
659 973 746 1003 Hinc
762 973 938 1002 Varronem
961 973 995 1002 in

274 1025 508 1066 Chorographia
526 1025 711 1062 emendabo,
737 1024 821 1064 apud
841 1025 990 1055 Priscian.

271 1083 436 1118 grammat.
453 1076 505 1106 lib.
521 1076 562 1107 iii.
579 1087 608 1115 p.
624 1080 695 1108 609.

300 1160 370 1191 Ergo
381 1159 450 1184 inter
461 1159 520 1184 solis
530 1159 686 1189 stationem,
700 1162 728 1184 et
738 1159 822 1184 sidera
832 1162 947 1191 septem,

302 1200 468 1230 Exporrecta
475 1200 547 1230 jacet
557 1199 648 1223 tellus:
667 1199 729 1223 huic
740 1199 846 1224 extima
852 1198 936 1229 fluctu

300 1240 398 1262 Oceano
409 1238 518 1263 interior
527 1238 638 1270 Neptuni
648 1238 765 1270 cingitur
774 1245 829 1263 ora.

272 1312 362 1342 Nihil
376 1312 486 1343 verius.
530 1313 627 1349 Libri,
655 1314 768 1344 Oceani
788 1320 819 1343 et
839 1314 993 1353 neptuno.

274 1366 424 1398 Conferas
439 1367 720 1399 animadversiones
733 1369 994 1405 Burmannianas,

270 1417 312 1447 ad
338 1418 468 1449 Anthol.
485 1418 556 1449 Lat.
576 1429 603 1449 v.
621 1422 648 1449 1.
665 1422 692 1450 7.

273 1467 362 1506 tiam,
380 1469 468 1499 Arat.
488 1473 578 1501 1152.

739 1419 788 1450 Sic
806 1419 946 1450 Avienus
960 1430 992 1450 e-

555 1541 652 1567 mediae
665 1546 724 1566 tum
735 1546 804 1567 serta
815 1548 924 1568 coronae

330 1583 449 1612 surgunt
459 1581 555 1605 oceano
563 1582 619 1612 Jam
626 1582 796 1614 gurgite—.

271 1650 333 1681 Sed
355 1651 440 1681 enim
466 1652 692 1692 antiquioribus
719 1654 909 1684 membranis
937 1655 990 1684 ob-

269 1702 508 1741 temperandum
535 1709 591 1740 est,
614 1713 651 1733 ex
674 1713 808 1744 quorum
830 1703 994 1734 ruderibus

267 1753 442 1783 Lambinus
464 1753 692 1794 Turnebusque
720 1761 858 1784 nostram
886 1754 991 1784 lectio-

267 1813 342 1833 nem
366 1810 522 1834 eruerunt.
566 1805 604 1835 L.
631 1805 679 1835 M.
708 1806 834 1842 habent,
864 1808 992 1845 Propter

271 1855 455 1890 Atianeum;
483 1861 514 1885 et
541 1855 598 1890 hic,
621 1866 678 1894 pro
703 1856 822 1886 diversa
848 1856 989 1892 lectione,

266 1907 453 1936 Atianeam:
481 1906 520 1935 O.
545 1908 674 1945 Propter
689 1908 882 1942 Acianeum;
907 1908 990 1937 unde

266 1957 347 1987 illud
373 1959 524 1988 Oceanum
548 1958 635 1988 nullo
658 1959 783 1999 negotio
806 1960 989 1997 efficeretur,

267 2016 299 2039 et
321 2009 423 2039 statim
447 2010 719 2049 transpositionem
735 2011 908 2042 dictionum
923 2022 987 2042 me-

266 2060 305 2090 tn'
321 2060 483 2090 necessitas
501 2061 642 2091 dictaret:
671 2067 704 2091 Δ.
730 2064 859 2102 Propter
873 2064 987 2093 Accia-

265 2122 373 2145 κεκτη,-
414 2118 458 2142 Ω.
491 2114 618 2152 Propter
648 2114 840 2143 Actianeum.
901 2114 988 2143 Huic

265 2168 371 2193 autem
386 2162 455 2193 loco
481 2163 558 2192 nihil
580 2165 683 2202 aptius
707 2165 871 2195 convenire
892 2166 988 2204 scrip-

265 2214 345 2250 tura,
361 2224 454 2254 quam
466 2213 659 2251 admisimus,
676 2215 769 2255 longe
783 2216 988 2246 certissimum

265 2271 318 2295 est.
368 2265 537 2301 Hesiodus,
554 2265 673 2306 Tbeog.
690 2270 760 2297 215.

265 2355 413 2389 Ἐηφιδκς
427 2355 463 2386 θ’,
485 2355 525 2384 «ἇς
544 2360 629 2388 μῆλα,
650 2357 766 2382 ΠΕΡΗΝ
779 2361 862 2382 xlm-u
874 2357 986 2382 ΩΚΕΑ-

341 2405 431 2433 NOIO,

264 2450 367 2482 Χρυσεαι
377 2454 453 2476 zazou
462 2454 564 2484 μελεσι,
579 2457 678 2485 ‹peperi-oz
690 2451 713 2477 δε
725 2451 821 2486 δενδρεα
832 2462 934 2486 καρπον,

264 2530 441 2561 Atlanteum
457 2533 530 2563 litus
549 2532 630 2563 valet
643 2532 748 2573 igitur,
770 2537 792 2551 “
809 2533 982 2564 occidenta-

263 2583 284 2598 “
303 2580 341 2610 lis
359 2583 466 2612 occani
488 2585 724 2615 extremitates.”
771 2585 883 2626 Neque
897 2585 984 2616 aliter

262 2641 335 2662 sane
351 2633 515 2672 Horatius,
531 2635 580 2666 od.
595 2636 617 2666 i.
633 2639 683 2667 54.
703 2638 750 2666 11.

352 2719 412 2748 Quo
425 2720 505 2750 Styx,
516 2723 543 2745 et
553 2721 630 2745 invisi
640 2722 746 2747 horrida
757 2722 868 2747 'raenari

380 2757 468 2787 Sedes,
479 2758 665 2791 Atlanteusque
672 2760 738 2792 finis

408 2796 639 2823 concutitur—.

261 2869 454 2902 Claudianus
467 2873 569 2909 etiam,
585 2874 624 2904 de
637 2882 737 2914 nuptt.
750 2876 837 2906 Hon.
853 2882 883 2906 et
895 2876 977 2906 Mar.

254 2922 325 2950 280.

968 2988 989 3013 5

1068 919 1138 951 Quid
1150 925 1290 945 numerem
1301 923 1403 951 gentes,
1414 919 1597 951 Atlanteosque
1606 926 1713 944 recesms

1067 959 1167 984 Oceani
1173 961 1246 983 ἓ-

1038 1033 1146 1069 Porro,
1157 1035 1262 1073 pelagi
1277 1033 1368 1064 lectio
1383 1038 1429 1064 est
1444 1033 1587 1064 omnium
1602 1032 1757 1073 exempla.

1034 1084 1130 1122 rium,
1156 1090 1267 1123 praeter
1282 1090 1316 1115 Δ.
1335 1091 1377 1114 Π.
1394 1089 1428 1115 Σ.
1455 1084 1682 1121 recentiorum;
1702 1094 1758 1114 ne-

1035 1146 1095 1176 que
1124 1141 1189 1165 erat
1217 1134 1328 1174 lepidis
1355 1135 1524 1165 editoribus
1559 1135 1758 1166 mutandum.

1037 1187 1088 1217 Ita
1103 1187 1216 1217 dicitur
1230 1193 1321 1217 acuta
1336 1187 1417 1223 belli,
1433 1197 1578 1217 curarum
1593 1197 1713 1224 amara,
1728 1190 1760 1215 et

1035 1237 1150 1268 similia
1174 1237 1351 1274 innumera,
1381 1236 1429 1266 vel
1455 1237 1616 1276 tyronibus
1637 1235 1760 1267 notissi-

1035 1299 1102 1319 ma:
1121 1288 1239 1318 nedum
1253 1297 1388 1328 quorum
1402 1287 1515 1317 eruditi
1529 1287 1691 1317 admoneri
1705 1285 1759 1317 de-

1036 1340 1298 1370 beant—severa.-
1324 1338 1362 1368 P.
1378 1337 1474 1368 Vind.
1498 1343 1534 1369 Σ.
1553 1349 1679 1374 εοηονας
1702 1347 1761 1368 nec

1035 1396 1152 1421 temere
1167 1390 1280 1428 dicam,
1303 1396 1372 1419 utra
1386 1389 1483 1420 dictio
1497 1388 1690 1428 praeferenda
1704 1389 1757 1419 sit:

1035 1452 1107 1472 meo
1121 1448 1227 1472 tamen
1242 1441 1358 1481 gustui,
1374 1441 1458 1481 quod
1473 1440 1636 1478 ediderim,
1656 1441 1761 1471 nescio

1035 1492 1112 1533 quid
1126 1491 1248 1522 doctius
1262 1492 1352 1531 sapit,
1379 1499 1410 1521 et
1429 1490 1623 1532 exquisitius:
1651 1497 1692 1522 Π.
1714 1502 1761 1523 so-

1036 1545 1124 1574 roris.

1079 1594 1160 1624 Ibid.
1174 1595 1280 1634 pelagi
1293 1604 1402 1624 severa.
1448 1593 1499 1623 Sic
1515 1593 1656 1630 Plautus,
1673 1593 1759 1624 Trin.

1034 1646 1073 1675 iv.
1098 1649 1121 1675 l.
1148 1649 1177 1676 6.
1202 1646 1381 1684 IVeptunum
1407 1650 1496 1674 vocat
1519 1655 1648 1676 severum
1657 1661 1668 1681 ;
1701 1655 1760 1675 nec

1036 1696 1143 1726 minus
1158 1695 1321 1736 Virgilius,
1337 1705 1404 1735 geo.
1421 1695 1464 1725 iii.
1480 1697 1532 1726 37.

1082 1773 1184 1797 Invidia
1194 1772 1290 1797 infelix
1301 1773 1400 1802 Furias,
1413 1779 1567 1805 amnemque
1576 1780 1698 1798 severum

1081 1813 1188 1844 Cocyti,
1201 1816 1316 1837 metuet.

1575 1845 1758 1875 Lambinus.

1034 1932 1139 1960 Severa
1165 1929 1261 1969 igitur
1282 1935 1382 1968 potest
1402 1931 1588 1968 truculenta,
1610 1929 1760 1960 formido-

1034 1980 1108 2017 losa,
1136 1979 1307 2019 implacata,
1340 1980 1524 2019 procellosa3
1551 1980 1628 2010 adeo
1649 1987 1686 2010 ut
1706 1990 1760 2009 va-

1032 2031 1123 2061 rietas
1138 2031 1190 2060 illa
1205 2031 1371 2069 scripturae‚
1388 2042 1493 2061 sonora
1509 2030 1589 2067 dico,
1605 2040 1661 2069 pro
1675 2029 1756 2070 glos-

1031 2089 1147 2113 semate
1172 2083 1277 2113 haberi
1299 2082 1401 2122 possit.
1446 2082 1574 2112 Adhibe
1601 2083 1756 2121 Nonium,

1032 2135 1069 2164 iv.
1086 2138 1157 2164 418.

1075 2185 1148 2214 Ver.
1163 2189 1213 2215 57.
1235 2195 1308 2215 nec.-
1345 2183 1387 2214 ita
1410 2185 1447 2215 P.
1467 2184 1563 2214 Vind.
1582 2185 1622 2214 V.
1645 2184 1692 2215 ed.
1717 2185 1757 2215 O.

1033 2243 1073 2266 Π.
1091 2242 1126 2267 Σ.
1147 2243 1190 2266 Ω.
1206 2236 1312 2277 vulgo,
1333 2247 1449 2276 neque:
1476 2236 1530 2266 sed
1545 2236 1708 2266 Lucretius
1722 2236 1756 2266 in

1030 2287 1140 2318 codem
1155 2297 1243 2318 versu
1258 2297 1389 2327 semper,
1406 2287 1527 2326 opinor,
1544 2288 1649 2317 variat.
1683 2287 1753 2318 Ali-

1029 2339 1061 2369 bi
1077 2338 1222 2369 diximus.

1074 2390 1152 2420 Ibid.
1177 2392 1296 2420 Audet:
1321 2395 1444 2429 propter
1466 2395 1597 2420 terrores
1618 2389 1678 2420 loci
1693 2388 1752 2419 sci·

1028 2440 1110 2479 licet,
1127 2451 1167 2471 ne

1057 2519 1154 2544 Audiat
1166 2520 1295 2545 Herculeo
1305 2519 1465 2545 stridentem
1477 2519 1583 2552 gurgite
1594 2518 1693 2548 solem;

1027 2590 1062 2614 ut
1077 2586 1238 2616 Juvenalis
1253 2593 1323 2617 utar
1336 2587 1447 2624 verbis,
1465 2592 1518 2616 sat.
1535 2584 1593 2614 xiv·
1611 2587 1681 2614 280.
1703 2589 1750 2613 at-

1027 2646 1087 2676 que
1108 2647 1198 2666 aures
1218 2637 1347 2676 strepitu
1369 2635 1496 2667 terribili
1517 2633 1747 2665 obtundantur:

1026 2687 1073 2717 vel
1088 2689 1234 2726 poeniteat
1249 2699 1332 2725 eum,

1053 2763 1152 2789 Oceani
1164 2768 1294 2794 monstra,
1305 2767 1332 2789 et
1339 2763 1453 2794 juvenes
1464 2762 1560 2787 vidisse
1569 2761 1702 2792 marinos;

1022 2831 1057 2855 ut
1072 2826 1187 2856 ibidem
1202 2826 1264 2856 ille.
1309 2825 1429 2860 Florus,
1456 2824 1486 2854 ii.
1505 2827 1553 2855 17.
1572 2828 1619 2854 12.
1643 2827 1666 2842 “
1683 2823 1750 2854 De-

1022 2880 1044 2895 “
1061 2877 1161 2908 cimus
1176 2878 1294 2908 Brutus
1308 2877 1468 2917 aliquanto
1490 2876 1583 2906 lau‘us
1605 2875 1750 2914 Celticos,

1021 2931 1043 2946 “
1059 2928 1295 2968 Lusitanosque,
1322 2933 1353 2958 et
1377 2937 1487 2958 omnes
1507 2925 1667 2957 Gauaeciae
1691 2934 1746 2965 po-
