1926 3224
325 247 420 290 298

830 243 892 290 Τ.
933 240 1310 307 LUCRETn

465 373 659 421 Decidat,
690 370 921 425 expediam.
983 371 1187 422 Primum,
1211 372 1298 426 jam
1323 373 1478 416 semina
1495 377 1621 431 aquai'

467 445 604 487 Multa
623 444 742 486 simul
761 445 922 487 vincam
942 459 1189 502 consurgere
1208 446 1384 487 nubibus
1403 448 1499 502 ipsis

466 518 672 560 Omnibus
692 533 745 560 ex
765 519 904 569 rebus3
935 520 1170 576 pariterque
1189 520 1248 561 ita
1265 535 1444 562 crescere
1463 531 1696 580 utrumque,

463 591 520 634 Et
539 592 698 643 nubeis,
720 600 761 634 et
779 608 944 649 aquarn,
969 609 1269 650 quaequomque
1288 595 1332 635 in
1353 595 1530 638 nubibus
1549 606 1694 648 exstat,

351 671 434 706 500
466 665 527 708 Ut
546 668 699 722 pariter
718 667 837 708 nobis
857 683 1004 723 corpus
1025 684 1119 710 cum
1140 670 1339 726 sanguine
1358 670 1518 721 crescit,

464 740 602 782 Sudor
615 742 729 791 item,
751 750 874 797 atque
887 743 1038 784 humor
1049 744 1327 800 quiquomque
1340 753 1400 786 est
1413 745 1590 800 denique
1605 744 1809 787 membris.

461 814 716 870 Concipiunt
735 816 858 857 etiam
878 818 1052 859 multum
1073 834 1236 874 quoque
1257 834 1365 874 saepe
1384 818 1590 861 marinum

461 887 715 940 Humorem,
737 890 883 935 velutei
902 893 1125 948 pendentia
1146 893 1292 936 vellera
1311 892 1431 944 lanae,

315 1059 338 1075 “
354 1067 392 1087 ex
416 1058 552 1089 nubibus
576 1059 710 1099 pluvias:
736 1071 774 1092 ex
789 1062 903 1102 quibus
928 1073 1036 1093 amnes

313 1109 337 1126 “
352 1109 538 1149 augentur.”
581 1110 728 1142 Lectores
751 1122 893 1143 caussam
919 1113 1037 1143 meritis

310 1159 497 1198 expendant.

353 1217 429 1248 Ver.
444 1221 516 1250 496.
538 1222 672 1251 semina.-
706 1231 826 1261 nempe,
853 1221 1036 1261 primordia-

309 1267 366 1305 lia;
389 1274 426 1298 ut
439 1272 555 1300 semina
571 1273 678 1309 maris,
695 1272 783 1311 Virg.
799 1271 856 1302 ecl.
873 1271 912 1302 vi.
927 1275 978 1302 52.

351 1327 427 1358 Ver.
443 1331 516 1360 497.
538 1331 677 1360 vincam:
703 1330 800 1361 vind.
817 1333 935 1362 vineam
942 1347 954 1368 ,-
979 1342 1036 1363 nec

308 1383 427 1409 temere
451 1379 592 1417 dixerim,
623 1386 726 1410 utram
756 1392 863 1412 vocem
891 1383 1036 1414 librarius

308 1429 438 1470 scriptor
452 1429 519 1461 cod.
542 1437 586 1462 n..
613 1431 716 1462 vellet:
744 1437 780 1464 Δ.
802 1435 888 1464 nivea
895 1449 906 1471 ,·
932 1438 966 1466 Σ.
989 1437 1034 1466 vi·

307 1482 405 1513 deam.

349 1540 424 1570 Ver.
441 1543 512 1572 498.
535 1547 716 1582 utrumque:
742 1542 762 1572 i.
777 1553 804 1573 e.
826 1545 926 1574 nubes
946 1551 979 1575 et
1000 1556 1033 1576 a·

305 1600 418 1631 quam;
441 1591 532 1631 cujus
553 1592 718 1623 schematis
739 1595 920 1634 exemplum
933 1596 1035 1627 simile

303 1642 474 1672 habuimus
488 1643 678 1683 nuperrime,
694 1650 786 1686 atque
797 1646 919 1678 disertis
934 1649 1034 1679 verbis

303 1692 523 1733 indicavimus,
550 1695 590 1726 ad
605 1705 666 1726 ver.
682 1699 754 1728 490.
799 1697 889 1728 Nihil
914 1704 960 1729 est
981 1709 1032 1729 va-

303 1744 421 1775 rietatis
435 1756 491 1785 pcr
505 1746 599 1777 libros
613 1753 740 1784 veteres,
763 1748 813 1779 vel
827 1750 963 1789 scriptos,
985 1750 1034 1781 vel

302 1795 442 1837 signatos
457 1797 583 1835 formis3
603 1805 639 1829 ut
653 1800 766 1830 merito
787 1800 917 1831 audiant
935 1801 1030 1832 auda—

303 1847 420 1877 cissimi
435 1848 584 1887 bipedum
600 1849 733 1880 editores
747 1852 900 1891 hodierni,
912 1854 1028 1884 Lucre-

303 1898 349 1928 tio
364 1899 562 1930 arbitrarium
585 1908 801 1933 commentum
815 1911 957 1945 uerasque
972 1907 1026 1936 ob-

301 1949 471 1980 trudentes.

344 2000 420 2032 Ver.
435 2005 507 2033 499.
530 2003 646 2041 nubez's,
668 2003 717 2033 vel
738 2006 841 2036 nubis:
871 2005 968 2037 vind.
992 2011 1026 2039 Σ.

302 2052 448 2088 nubibus5
474 2053 513 2083 O.
530 2058 565 2084 Δ.
580 2056 793 2087 m'mbos.—et.·
820 2057 861 2087 V.
876 2059 924 2088 ed.
940 2065 983 2089 ut.

343 2112 418 2142 Ver.
435 2115 508 2144 500.
528 2124 637 2153 corpus
652 2126 720 2147 cum
734 2119 893 2156 sanguine.
924 2117 1025 2157 Malo,

302 2169 325 2185 “
340 2169 468 2206 sanguis
483 2177 557 2198 cum
579 2169 732 2209 corpore.''
778 2171 821 2201 Et
836 2171 880 2201 sic
895 2171 1023 2203 Lambi-

299 2227 368 2248 nus.
413 2219 640 2252 Ben'rmzlus.

301 2277 390 2307 Nihil
405 2288 544 2318 unquam
568 2279 630 2309 vidi
655 2280 857 2319 invenusfius,
884 2289 939 2313 aut
953 2283 1025 2314 doc-

299 2328 338 2358 tis
354 2329 533 2360 hominibus
547 2330 716 2371 indignius
762 2333 825 2363 Vix
844 2334 960 2375 aliquid
975 2335 1024 2364 in-

298 2379 419 2410 ficetius
444 2381 625 2419 speravisses
649 2384 687 2413 ab
710 2383 820 2415 infimo
835 2395 931 2426 grege
946 2387 1024 2417 scio-

297 2429 412 2468 lorum,
429 2432 464 2461 in
480 2431 747 2464 diversicoloribus
761 2437 912 2466 sermonis
925 2438 1023 2476 poeti-

298 2481 327 2513 ci
342 2482 498 2522 leporibus
510 2494 636 2524 prorsus
650 2486 818 2525 hospitum.

340 2543 416 2574 Ver.
431 2547 503 2575 501.
531 2551 574 2576 est
603 2548 750 2587 denique.-
788 2554 832 2579 Ω.
862 2551 1022 2590 denique,-

296 2595 338 2625 ob
359 2595 518 2635 scripturae
539 2598 763 2638 compendium
788 2603 813 2636 ἕ,
842 2607 873 2630 et
897 2601 1024 2632 coalitas

296 2648 456 2680 dictiones.

338 2709 421 2740 Ibid.
452 2713 558 2742 Sudor.
602 2711 700 2753 Lego,
746 2715 1022 2746 Udon—Bexr·

299 2768 416 2791 rmus.

298 2815 386 2851 Quid
401 2816 576 2850 infelicius?
600 2819 746 2861 Perlegas
761 2831 830 2862 quae
844 2820 939 2852 modo
952 2821 1021 2852 dix-

296 2865 382 2896 imus
396 2867 436 2898 ad
450 2878 511 2899 ver.
525 2873 598 2901 495.
620 2878 652 2902 et
673 2878 762 2903 notas
779 2872 968 2912 Gottofredi,
990 2883 1020 2913 p.

298 2919 390 2951 1580.
405 2917 439 2952 in
454 2919 589 2954 Varron.
603 2921 643 2954 de
656 2922 732 2965 ling.
746 2923 814 2955 Lat.
831 2923 870 2955 iv.
888 2927 916 2957 5.

1124 1063 1205 1094 Ibid.
1235 1064 1334 1093 Sudor
1355 1067 1446 1102 atque
1469 1064 1577 1092 humor
1597 1064 1808 1104 quiquumque.

1081 1113 1247 1153 Speciatim
1262 1113 1305 1142 sic
1322 1112 1592 1142 enumerationem
1610 1113 1709 1144 Carus
1723 1114 1809 1153 fecit,

1078 1170 1115 1195 ut
1124 1164 1234 1194 melior
1244 1163 1282 1193 sit
1291 1163 1505 1193 similitudinis
1516 1163 1610 1203 hujus
1621 1164 1808 1195 convenien-

1078 1215 1123 1246 tia
1137 1225 1210 1245 cum
1224 1217 1328 1246 multis
1342 1216 1435 1255 aqua'i
1460 1216 1633 1252 seminibus,
1654 1215 1721 1256 jam
1740 1225 1807 1246 me-

1078 1266 1218 1304 moratis,
1233 1266 1267 1296 in
1282 1276 1357 1296 verr.
1373 1269 1446 1298 496.
1462 1268 1534 1298 497.
1550 1266 1628 1297 adeo
1643 1273 1679 1297 ut
1693 1273 1807 1297 temer-

1078 1317 1146 1354 itas,
1171 1324 1264 1358 atque
1287 1316 1418 1355 inscitia,
1440 1317 1587 1348 Lambini
1604 1318 1807 1358 Creechiique

1079 1370 1171 1410 plane
1186 1370 1225 1400 sit
1246 1379 1310 1400 non
1332 1369 1466 1408 amplius
1480 1369 1660 1408 tolerabilis,
1681 1379 1806 1400 versum

1078 1430 1185 1451 coram
1198 1420 1335 1461 positum
1356 1429 1413 1460 pro
1427 1420 1533 1460 spurio
1546 1420 1672 1461 rejicere
1685 1420 1805 1452 auden-

1077 1471 1167 1502 tium.

1122 1532 1196 1563 Ver.
1213 1534 1285 1563 502.
1310 1533 1509 1572 Concipium:
1533 1531 1663 1572 quidam
1678 1532 1730 1564 Pii
1751 1543 1803 1564 co·

1079 1582 1170 1618 dices,
1198 1585 1389 1622 Consugunt;
1424 1593 1461 1612 ex
1484 1582 1746 1623 interpretatione,
1767 1589 1804 1615 ut

1077 1644 1137 1674 ego
1165 1643 1290 1664 censeo:
1332 1633 1429 1664 Vind.
1461 1636 1647 1670 C'oncidtcn23
1685 1635 1726 1665 V.
1753 1634 1802 1665 ed.

1080 1686 1299 1721 Concuderint‚-
1323 1684 1359 1714 L.
1390 1685 1437 1714 M.
1470 1691 1514 1715 Ω.
1547 1687 1746 1721 θοησίιίἰιιητς
1777 1697 1802 1726 p

1077 1735 1228 1766 nimirum
1243 1742 1275 1766 et
1291 1738 1311 1766 d
1328 1736 1541 1766 commutatis:
1565 1736 1606 1767 de
1619 1735 1682 1778 qua
1697 1737 1801 1768 litera-

1075 1799 1147 1820 rum
1174 1790 1358 1820 confusione
1377 1790 1652 1822 Drakenborchius
1674 1792 1740 1832 egit
1762 1802 1801 1822 u.

1073 1842 1185 1872 bertitn
1212 1847 1244 1872 et
1267 1841 1400 1880 erudite,
1426 1841 1467 1872 ad
1481 1842 1548 1873 Liv.
1564 1842 1639 1872 xliii.
1656 1847 1685 1874 6.
1701 1847 1730 1875 9.
1751 1849 1798 1874 at-

1071 1904 1132 1934 que
1147 1893 1310 1924 adeundus
1324 1899 1384 1924 est:
1411 1899 1446 1925 Σ.
1465 1896 1676 1925 Conciderant.

1115 1953 1195 1983 Ibid.
1220 1954 1403 1993 Concipiunt
1433 1955 1587 1984 marinum
1619 1955 1798 1985 Humorem.

1071 2004 1259 2040 Columella,
1297 2005 1330 2034 in
1367 2005 1446 2035 libro
1482 2005 1521 2035 de
1553 2006 1636 2036 arbb.
1667 2011 1738 2036 sect.
1768 2016 1797 2038 x-

1071 2058 1094 2074 “
1112 2055 1246 2086 Vineam
1271 2055 1427 2086 novellam
1448 2062 1521 2086 ante
1542 2057 1687 2086 brumam
1711 2057 1797 2087 abla-

1071 2110 1094 2126 “
1110 2114 1253 2148 queatam
1281 2108 1402 2145 habeto,
1426 2113 1463 2137 ut
1485 2117 1595 2138 omnes
1615 2109 1736 2147 imbres,
1758 2108 1797 2139 li-

1070 2161 1092 2177 “
1109 2169 1268 2199 mumque,
1305 2158 1491 2198 concipiat.’'
1552 2158 1667 2189 Paullo
1702 2170 1796 2200 supra

1068 2209 1201 2239 dixerat:
1217 2209 1291 2233 —’“
1307 2211 1524 2249 humoremque
1548 2215 1631 2239 recte
1660 2211 1794 2250 capiat.”

1071 2261 1204 2296 Plinius,
1229 2267 1292 2291 nat.
1307 2261 1375 2290 hist.
1392 2261 1463 2291 xvii.
1476 2264 1528 2291 55.
1553 2264 1575 2280 “
1591 2271 1690 2300 prono
1702 2272 1792 2293 cacu-

1071 2317 1093 2332 “
1110 2314 1196 2344 mine
1223 2314 1350 2355 (seritur
1363 2314 1512 2354 arundo,)
1536 2325 1578 2345 ne
1594 2326 1678 2347 rores
1691 2318 1793 2347 conci-

1069 2367 1092 2382 “
1103 2365 1205 2404 1›z'at.’'
1238 2365 1370 2405 Copiose
1385 2371 1477 2406 atque
1491 2365 1657 2408 eleganter,
1673 2372 1710 2397 ut
1723 2376 1792 2398 om·

1067 2419 1122 2449 nia
1137 2425 1168 2449 et
1182 2419 1309 2461 ubique,
1326 2419 1469 2459 Ovidius,
1486 2427 1560 2452 met.
1577 2421 1616 2452 vi.
1631 2424 1706 2453 397.

1082 2499 1185 2524 Fertilis
1195 2500 1348 2529 immaduit,
1359 2500 1577 2532 madefactaque,
1589 2504 1660 2526 terra
1669 2500 1781 2527 caducan

1082 2539 1192 2571 Concepit
1203 2540 1335 2572 lacrymas,
1345 2547 1377 2565 ac
1390 2541 1464 2566 venis
1474 2541 1588 2573 perbibit
1598 2541 1667 2565 imis.

1110 2611 1185 2641 Ver.
1201 2614 1273 2642 505.
1295 2613 1403 2642 vellera
1418 2613 1510 2643 lanae.
1547 2611 1710 2653 VirgiIIus‚
1720 2621 1789 2651 geo.

1067 2662 1086 2692 i.
1101 2666 1175 2694 597.

1095 2743 1201 2769 Tenuia
1212 2751 1261 2770 nec
1272 2744 1340 2769 lane
1351 2752 1397 2777 per
1407 2745 1509 2770 coelum
1520 2743 1619 2768 vellera
1630 2743 1704 2769 ferri.

1106 2822 1181 2854 Ver.
1198 2826 1269 2854 504.
1291 2835 1417 2864 supera:
1437 2824 1477 2854 V.
1494 2823 1541 2854 ed.
1559 2827 1595 2855 Σ.
1612 2834 1718 2862 Μυκη·
1746 2823 1786 2855 Ο.

1065 2880 1111 2905 Ω.
1129 2886 1359 2915 snpra—mare
1369 2877 1482 2906 vernei.-
1501 2874 1576 2905 editi
1591 2876 1787 2914 recentiores,

1062 2927 1144 2958 venti
1171 2937 1271 2963 mare;
1294 2936 1380 2958 sacra
1404 2926 1614 2966 prurientibus
1638 2926 1785 2959 auriculis
