1926 3224
597 216 830 266 LIBER
879 217 1242 274 QUINTUS.

1525 223 1618 264 229

136 351 240 388 1445
272 347 511 403 Propterea,
542 347 643 404 quid
662 349 713 391 sit
731 351 844 405 prius
863 357 1016 400 actum,
1047 349 1246 404 respicere
1265 356 1367 391 aetas

273 421 426 462 Nostra
446 423 602 478 nequit,
633 424 711 465 nisi
732 424 812 479 qua
833 424 938 465 ratio
958 424 1128 480 vestigia
1147 430 1367 465 monstrat..

331 496 522 553 Navigia,
552 504 674 552 atque
694 498 783 553 agri
804 497 996 546 culturas,
1027 498 1195 547 moenia,
1226 498 1350 553 legeS,

274 570 419 618 Arma,
450 570 548 619 vias,
581 569 736 617 vesteis,
769 576 810 608 et
829 576 980 608 caetera
1000 568 1052 608 de
1070 583 1224 624 genere
1244 569 1395 611 horum

274 642 465 691 Praemia,
496 640 658 682 delicias
679 656 840 697 quoque
861 641 955 682 vitae
974 640 1157 683 funditus
1179 643 1351 693 omneis,

131 823 197 851 nos,
222 811 261 842 ad
285 811 304 842 i.
327 814 399 841 854.
422 810 452 841 ii.
483 815 550 842 124.
573 817 604 842 et
625 811 715 850 alibi;
740 812 793 843 Sil.
812 813 852 843 It.

130 864 188 894 xiv.
203 866 274 894 599.
289 862 343 892 ubi
361 862 464 901 lapsus
475 869 521 892 est
532 869 563 893 et
573 863 734 894 Heinsius.
759 863 852 894 Idem

130 915 264 951 Ennius,
280 913 411 944 ibidem:

138 996 229 1027 Quom
242 995 333 1027 procul
345 994 493 1026 adspiciunt
504 994 602 1021 hosteis
615 996 746 1022 ad'cedere
756 995 842 1022 ventis

139 1043 260 1069 Navibus
271 1042 467 1068 velivolis—.

133 1121 362 1161 Reponendum
376 1122 438 1160 aio,
455 1121 623 1153 certissima
637 1123 826 1164 conjectura:

385 1208 482 1233 hosteis
495 1208 636 1239 adcedere,
652 1212 738 1234 vectos

193 1257 307 1282 Navibus
319 1257 514 1282 velivolis—-z

130 1332 270 1362 conferas
284 1332 374 1372 Virg.
389 1342 456 1372 geo.
472 1332 492 1362 i.
511 1336 581 1363 206.
606 1334 679 1363 AEn.
696 1332 714 1363 i.
733 1336 805 1364 121.
821 1316 855 1364 vet

131 1383 213 1414 alibi.
259 1383 402 1422 Ovidius,
422 1383 568 1425 denique,
591 1394 629 1415 ex
650 1385 743 1416 Pont.
766 1385 803 1416 iv.
821 1388 850 1417 5.

134 1439 183 1466 42.

193 1511 225 1535 Et
235 1510 305 1536 freta
315 1510 449 1536 velivolas
459 1516 514 1535 non
525 1511 649 1537 habitura
659 1515 734 1536 rates.

175 1583 255 1614 Ibid.
273 1590 397 1624 propter
428 1586 551 1615 odores:
583 1585 603 1615 i.
628 1595 654 1615 e.
679 1589 701 1604 ‘⁶
717 1586 855 1616 luxurio-

133 1638 155 1654 “
171 1635 307 1665 sissimas
320 1645 438 1665 merces
457 1635 640 1676 quaslibet.”
685 1636 856 1676 Eleganter

131 1686 250 1726 utique,
274 1685 358 1726 quod
383 1688 508 1716 odorum
530 1686 728 1716 orientalium
754 1687 854 1716 maxi·

131 1747 203 1767 mus
214 1742 279 1766 erat
293 1747 380 1774 usus,
393 1743 424 1767 et
437 1736 571 1776 pretium
587 1737 774 1774 maximum,
789 1738 854 1767 Ro-

131 1788 248 1825 manis;
270 1788 315 1818 uti
340 1788 413 1818 satis
426 1787 524 1828 liquet
537 1787 680 1827 plurimis
702 1798 739 1818 ex
759 1788 854 1828 scrip-

132 1839 263 1869 toribus:
288 1839 427 1869 conferas
444 1838 539 1868 modo
557 1838 660 1875 velim,
688 1839 722 1868 in
746 1849 780 1869 re
794 1839 855 1869 mi-

132 1889 218 1919 nime
241 1889 422 1928 dubitanda,
449 1889 563 1920 Horat.
587 1889 636 1920 od.
664 1890 684 1920 i.
706 1893 757 1920 31.
775 1893 858 1921 10-

138 1944 185 1972 16.

176 2000 258 2031 Ibid.
281 2002 510 2042 mareflorcbat.
544 2000 724 2041 AEschyluS,
742 2001 856 2043 Agam.

134 2056 207 2085 670.

150 2138 259 2173 Ὀρωμεν
272 2139 416 2165 ΔΝΘΟΥΝ
437 2139 605 2165 ΠΕΛΑΓΟΣ
619 2139 724 2170 Arsam
738 2147 824 2174 νεκροις

154 2185 250 2220 Δνδρω
262 2187 375 2219 Axonam,
390 2197 508 2213 νωντικων
521 2186 543 2213 τ’
557 2196 662 2222 spamam.

137 2262 220 2293 Vide
233 2263 283 2300 sis,
299 2264 324 2294 si
339 2264 442 2302 libeat,
459 2271 596 2296 nostram
610 2264 682 2295 Silv.
699 2264 775 2296 crit.
790 2264 810 2295 i.
825 2275 855 2304 p.

137 2319 189 2347 99.

178 2374 259 2404 Ver.
271 2376 362 2403 1442.
384 2385 440 2404 ac:
464 2374 508 2404 ita
523 2374 560 2404 L.
578 2374 624 2404 M.
649 2374 689 2404 Ο.
712 2379 747 2405 Δ.
764 2381 805 2405 Π.
822 2379 856 2407 Σ.

139 2431 182 2456 Ω..
201 2431 232 2455 et
246 2424 370 2455 deamat
383 2425 526 2455 voculam
540 2425 630 2464 po‘eta
645 2431 748 2455 noster
753 2436 763 2463 3
786 2425 857 2455 reli-

136 2475 203 2516 qui,
216 2475 422 2516 ee.—foedere:
449 2482 490 2506 Π.
507 2482 646 2515 tempore.

181 2535 262 2565 Ibid.
279 2541 371 2575 pacto
382 2535 511 2575 faedere.
559 2535 722 2576 Virgilius,
737 2545 804 2576 ge0.
820 2535 858 2567 iv.

140 2588 209 2617 158.

546 2670 585 2698 et,
591 2667 693 2699 soedere
700 2671 783 2701 pacto,

196 2707 364 2731 Exercentur
374 2706 514 2739 agris—.

179 2775 252 2808 ver.
269 2780 360 2808 1444.
378 2779 490 2818 prius:
518 2781 554 2809 Δ.
571 2784 659 2819 pons
677 2778 802 2817 rectius,
823 2784 860 2810 ut

133 2827 280 2859 arbitror:
305 2839 380 2859 nam
394 2829 491 2860 solere
505 2829 649 2861 homines
659 2830 796 2861 versibus
809 2840 857 2861 re-

135 2877 267 2910 citandis
280 2879 381 2911 otium
395 2880 482 2920 prius
502 2880 648 2918 mulcere,
675 2891 771 2924 quam
790 2881 858 2913 lite-

896 822 1002 843 rarum
1030 823 1105 843 usus
1129 812 1168 842 sit
1190 818 1338 852 repertus,
1365 819 1396 844 et
1421 824 1475 853 per
1497 826 1529 846 se
1548 827 1629 847 vero*

895 865 996 895 simile
1019 870 1073 900 est,
1098 871 1129 895 et
1154 875 1261 895 verum
1284 866 1435 896 evincitur
1457 867 1504 897 vel
1526 868 1621 899 unius

896 917 1085 947 carminibus
1101 917 1244 947 Homeri.

939 976 1013 1006 Ver.
1033 978 1121 1007 1445.
1144 983 1264 1007 actum:
1291 977 1326 1007 P.
1349 984 1491 1015 auctum
1515 990 1620 1019 recep-

895 1032 961 1056 tam
986 1033 1092 1057 tamen
1117 1027 1283 1057 lectionem
1306 1028 1390 1058 idem
1413 1037 1567 1060 memorat
1587 1031 1621 1061 in

896 1085 985 1108 notis.

938 1137 1122 1168 Ver.1446.
1147 1137 1269 1177 nequit:
1304 1137 1344 1167 V.
1375 1137 1423 1168 cd.
1453 1142 1623 1178 nequid.—

897 1191 993 1220 ratz'o:
1020 1189 1117 1219 Vind.
1134 1189 1174 1219 V.
1194 1188 1242 1219 ed.
1273 1196 1312 1220 Π.
1331 1194 1364 1220 Σ.
1383 1196 1426 1220 Ω.
1451 1193 1624 1222 rationes—-

897 1247 1060 1272 monstrat:
1089 1248 1129 1271 Π.
1145 1247 1323 1272 monstrant.

940 1301 1014 1332 Ver.
1034 1303 1123 1332 1447.
1138 1303 1210 1341 agri
1224 1303 1378 1333 culturas:
1404 1301 1501 1332 Vind.
1518 1302 1557 1332 V.
1574 1301 1622 1334 ed.

900 1352 939 1384 O.
954 1355 1170 1392 agriculturas.

943 1412 1023 1442 Ibid.
1056 1413 1213 1451 Navigia:
1246 1422 1381 1452 quorum
1409 1412 1624 1443 inventionem

900 1462 1015 1503 magnii
1043 1472 1117 1492 cum
1141 1462 1296 1503 elegantia
1319 1463 1439 1503 ingenii
1462 1464 1625 1494 Maximus

900 1515 1014 1554 Tyrius
1030 1514 1221 1553 pedetentim
1235 1520 1414 1553 persecutus
1435 1522 1482 1545 est
1502 1517 1537 1546 in
1552 1516 1624 1547 diss.

899 1566 951 1596 xii.
968 1570 995 1596 2.
1019 1573 1132 1602 necte,
1153 1571 1282 1596 venuste
1303 1565 1414 1598 lector!
1438 1566 1557 1606 pigebit
1575 1567 1623 1597 10-

899 1627 972 1647 cum
987 1616 1109 1647 adiisse.
1231 1616 1236 1620 '

942 1677 1017 1707 Ver.
1034 1680 1124 1707 1448.
1146 1683 1174 1707 et
1191 1676 1341 1707 omissum
1357 1682 1402 1708 est
1417 1677 1451 1707 in
1466 1677 1565 1708 Vind.
1581 1677 1623 1708 V.

899 1730 945 1760 ed.
965 1735 998 1761 Σ.

944 1788 1024 1819 Ibid.
1060 1790 1134 1819 vias.
1173 1788 1328 1819 Convenit
1355 1789 1513 1829 Tibullus,
1550 1791 1570 1822 i.
1593 1794 1624 1822 3.

897 1843 951 1872 55.

915 1921 1003 1953 Quam
1014 1922 1082 1946 bene
1094 1922 1206 1946 saturno
1219 1921 1346 1946 vivebant
1357 1928 1429 1954 rege,
1444 1920 1515 1954 prius
1526 1928 1608 1954 quam

961 1969 1054 1994 Tellus
1063 1969 1090 1994 in
1102 1969 1194 2001 longas
1204 1972 1244 1994 est
1254 1969 1391 2001 patefacta
1402 1969 1464 1994 vias
1472 1973 1483 1995 l

943 2044 1019 2075 Ver.
1038 2047 1130 2076 1449.
1153 2046 1224 2075 υἱέα]
1235 2044 1402 2084 funditus:
1430 2045 1478 2075 M.
1499 2047 1560 2076 vita
1579 2046 1624 2087 ef-

888 2096 1051 2137 funditur.
1097 2096 1232 2134 Nempe,
1245 2094 1334 2125 litera
1348 2107 1364 2126 e
1379 2095 1475 2125 semel
1490 2096 1625 2136 divulsa,

900 2147 954 2177 illa
969 2158 1027 2177 vox
1041 2146 1212 2188 effunditur
1226 2147 1288 2177 cito
1301 2147 1383 2177 facta
1397 2153 1442 2177 est
1461 2157 1499 2178 ex
1515 2147 1625 2187 depra-

900 2198 1023 2228 vatione
1051 2197 1427 2239 fflcnditus.—sundz'cus.·
1464 2203 1500 2230 Δ.
1525 2201 1626 2231 cultus

899 2256 944 2286 e!;
970 2255 1010 2279 n.
1022 2248 1177 2289 fonditus.

944 2307 1024 2338 Ibid.
1042 2310 1174 2348 praemia
1188 2310 1258 2339 vz'tae
1276 2313 1350 2338 sunt
1363 2311 1517 2339 commoda
1533 2314 1625 2350 atque

899 2360 1048 2390 utilitates
1063 2359 1145 2397 vitae,
1170 2359 1237 2389 sine
1250 2358 1363 2400 quibus
1384 2360 1466 2390 beate
1481 2360 1554 2390 duci
1568 2371 1624 2391 ne-

900 2410 983 2451 quit;
1005 2412 1124 2441 deliciae
1149 2417 1256 2441 autem
1280 2417 1353 2441 sunt
1373 2410 1428 2441 ille
1449 2413 1549 2443 cultus
1569 2423 1622 2443 su-

900 2472 1116 2502 pervacaneus
1139 2462 1205 2493 sine
1227 2473 1289 2503 quo
1301 2463 1442 2503 jucunde
1456 2463 1529 2494 duci
1550 2464 1623 2494 nul-

902 2513 933 2544 lo
955 2513 1050 2544 modo
1077 2519 1185 2553 potest.
1242 2513 1293 2543 Sic
1323 2513 1396 2544 alibi
1424 2513 1495 2554 plus
1526 2515 1623 2545 semel

905 2565 1013 2596 Carus.

948 2625 1020 2655 Ver.
1041 2628 1134 2657 1450.
1154 2638 1208 2657 ac:
1233 2626 1277 2656 ita
1291 2626 1375 2658 solus
1390 2634 1435 2658 Ω.
1457 2627 1563 2668 vulgO,
1586 2635 1624 2660 et.

903 2678 1056 2716 —politus
1064 2690 1074 2707 :
1100 2677 1142 2707 sic
1167 2677 1365 2708 scribendum
1392 2688 1456 2708 esse
1470 2679 1548 2709 mihi
1562 2679 1625 2709 lee-

901 2727 996 2758 tionis
1019 2727 1148 2758 varietas
1170 2728 1330 2768 persuasit.
1374 2731 1494 2761 Politus
1519 2735 1626 2761 autem

901 2789 974 2809 usus
988 2778 1016 2808 is
1041 2784 1099 2816 est,
1123 2779 1177 2820 qui
1191 2779 1360 2819 polituram
1382 2780 1431 2811 vel
1445 2780 1556 2820 pariat,
1578 2780 1627 2811 vel

901 2831 1026 2868 habeat,
1048 2836 1140 2871 atque
1161 2831 1202 2861 ad
1223 2831 1444 2871 perfectionem
1458 2832 1626 2873 aliqualem

903 2881 942 2913 sit
956 2880 1105 2913 excultus.
1149 2882 1246 2914 Vind.
1264 2889 1305 2914 Π.
1321 2887 1356 2915 Σ.
1374 2883 1413 2914 Ο.
1435 2884 1550 2914 habent
1568 2894 1626 2923 po-
