1926 3224
298 191 391 232 358

803 184 862 230 T.
916 182 1289 230 LUCRETII

443 315 651 371 Denique,
673 312 753 368 qua
775 313 930 354 circum
949 310 1041 353 colli
1059 311 1187 352 lorica
1205 311 1377 352 co'e‘rcet.

329 393 412 430 955
445 388 643 430 Morbida
661 387 802 442 visque
820 385 954 436 simul,
976 399 1103 441 quom
1122 384 1373 426 extrinsecus
1391 383 1634 427 insinuatur:

444 462 500 504 Et
519 468 816 516 tempestatem,
838 459 946 502 terra
968 460 1152 515 coeloque
1171 466 1372 509 coortam,

445 536 497 578 In
517 534 666 577 coelum
685 543 919 592 terramque
939 543 1095 576 remote
1107 535 1201 589 jure
1220 532 1436 575 facessunt:

448 609 799 666 Quandoquidem
818 609 921 650 nihil
940 618 1014 660 est,
1036 609 1114 649 nisi
1134 623 1228 649 raro
1249 621 1422 662 corpore
1440 620 1608 648 nexum.

504 684 606 726 Huc
625 683 802 735 adcedit,
824 684 908 725 utei
928 698 1014 724 non
1035 683 1188 732 omnia,
1211 696 1305 738 quae
1317 681 1529 736 jaciuntur

335 763 417 800 960
450 758 638 813 Corpora
657 772 865 814 quomque
885 757 937 798 ab
956 757 1096 807 rebus,
1115 757 1261 798 eodem
1280 754 1456 811 praedita
1471 768 1592 796 sensu

447 832 586 888 Atque
608 832 755 873 eodem
774 839 897 887 pacto
916 830 1038 873 rebus
1058 831 1139 872 sint
1157 830 1348 872 omnibus
1367 836 1476 883 apta.

362 987 402 1012 Ac
411 986 529 1018 primum
537 986 614 1011 laxos
623 986 700 1011 tenui
709 986 745 1013 de
755 986 855 1013 vimine
865 986 940 1012 circos

364 1026 470 1053 Cervici
478 1027 678 1052 subnecte——.

303 1106 401 1137 Vind.
423 1108 526 1145 habet,
541 1114 673 1144 certum,·
696 1116 751 1146 per
765 1118 900 1138 errorem
914 1109 963 1138 vel
977 1118 1025 1139 so-

304 1158 369 1189 litae
390 1158 558 1189 mutationi
572 1170 589 1189 c
603 1158 637 1188 in
651 1165 663 1189 t
679 1158 885 1196 reddendum,
910 1159 958 1188 vel
981 1169 1028 1188 re-

306 1209 416 1245 citanti
440 1210 685 1241 scribae.—colli.·
712 1209 807 1239 Vind.
830 1211 889 1239 coli
893 1223 904 1245 ,·
928 1209 965 1238 L.
982 1209 1030 1238 M.

308 1260 348 1292 Ο.
365 1260 404 1297 Q.
420 1265 455 1292 Δ.
473 1263 556 1297 coeli;
582 1267 627 1291 Ω.
642 1262 900 1291 corifi—coercet:
927 1259 964 1290 P.
982 1271 1030 1290 co·

307 1313 410 1342 hoeret.
457 1311 518 1341 Sed
539 1311 636 1347 enirn,
656 1316 691 1339 ut
705 1310 832 1339 Ennius
849 1311 917 1340 caeli
932 1312 1032 1351 clype-

308 1374 359 1393 um
375 1361 464 1399 dixit,
482 1361 565 1402 quod
580 1362 671 1391 obeat
685 1362 780 1391 aether
795 1361 910 1398 omnia,
926 1361 951 1392 si
966 1362 1031 1392 Lu-

308 1412 422 1443 cretius
435 1412 537 1442 dicere
551 1413 677 1442 loricam
692 1414 761 1442 caeli
775 1412 879 1450 vellet,
903 1412 957 1454 (de
971 1423 1034 1454 quo

308 1462 494 1493 Turnebum
505 1462 573 1503 jam
584 1462 686 1502 video,
696 1469 727 1493 et
739 1463 936 1500 Salmasium,
948 1464 1033 1505 cogi-

309 1515 404 1555 tasse)
426 1515 501 1556 quia
515 1522 628 1546 terram
644 1515 784 1558 undique
798 1516 1034 1556 complectatur,

309 1565 353 1596 ita
366 1566 599 1607 quodammodo
622 1567 768 1598 constitui
795 1567 882 1599 locus
904 1567 1035 1598 omniuo

308 1616 412 1648 debet:

339 1715 434 1723 —-
440 1703 486 1735 qui
497 1702 561 1728 ferri
571 1711 679 1736 quoque
687 1704 743 1728 vim
752 1708 892 1736 penetrare
899 1705 1002 1730 su'dvit:

339 1743 474 1775 Denique,
485 1744 538 1776 qui
550 1745 652 1769 circum
664 1745 718 1769 coelx'
730 1745 812 1769 lorica
821 1745 942 1775 co‘e'rcet,

338 1784 460 1809 morbida
468 1785 506 1809 vis
514 1785 593 1809 simul
604 1785 662 1809 inde
670 1785 837 1810 extrinsecus
845 1784 1034 1809 insinuatur—.

307 1867 373 1898 Sed
398 1867 539 1898 faciliora
560 1874 633 1898 sunt
654 1868 792 1908 vulgata,
821 1874 853 1898 et
882 1868 1037 1898 minorem

310 1917 374 1949 vim
388 1918 573 1949 lectionibus
587 1918 706 1958 scriptis
719 1918 868 1948 inferunt.

356 1978 437 2009 Ibid.
452 1980 568 2010 circum
581 1980 651 2009 colli
665 1979 771 2010 lorica.
798 1979 900 2009 Navat
909 1989 1037 2018 operam

312 2030 441 2071 Virgilii
456 2029 553 2068 locus,
569 2030 603 2060 in
619 2030 693 2060 AEn.
708 2031 749 2060 xi.
765 2034 836 2062 69‘2.

474 2115 518 2139 sed
532 2116 618 2140 Buten
630 2121 754 2140 aversum
766 2115 874 2147 cuspide
886 2115 961 2144 fixit,

343 2154 457 2179 Loricam
468 2154 628 2186 galeamque
638 2154 723 2185 inter;
741 2154 794 2186 qua
805 2154 868 2178 colla
878 2154 993 2179 sedentis

345 2195 460 2224 Lucem,
471 2197 499 2219 et
510 2194 581 2219 laevo
592 2194 726 2226 dependet
736 2201 831 2227 parma
841 2194 952 2219 lacerto.

356 2278 431 2308 Ver.
447 2281 519 2310 955.
543 2280 697 2310 Morbida
723 2281 825 2319 visque
844 2280 955 2310 simul:
980 2279 999 2309 i.
1015 2289 1041 2310 e.

305 2337 485 2370 permanat,
505 2340 566 2360 ver.
592 2333 664 2362 952.
686 2330 734 2360 vel
750 2337 913 2370 penetrare
933 2333 1039 2369 ειιὲυἱι,

312 2390 374 2411 ver.
390 2383 461 2412 955.
485 2381 532 2411 vel
542 2388 763 2421 permananter
777 2383 867 2421 valet,
890 2392 950 2412 ver.
967 2385 1038 2414 916.

311 2433 461 2473 quopiam
475 2434 569 2464 verbo
581 2443 619 2464 ex
634 2433 879 2473 praecedentibus
893 2434 1037 2473 repetito:

315 2493 391 2514 nam
405 2486 589 2515 morborum
603 2485 787 2526 contagium
805 2486 874 2526 jam
897 2485 986 2525 ponit
1007 2485 1041 2515 in

314 2535 402 2567 aliud
416 2537 573 2576 specimen
588 2537 811 2577 particularum
827 2537 1042 2568 subtilissima·-

314 2597 399 2626 rum,
426 2594 458 2618 et
479 2589 616 2620 maxime
636 2589 876 2629 penetrabilium
904 2589 1042 2620 effluvio·

314 2649 401 2670 rum:
434 2642 612 2672 committas
633 2642 715 2673 infra
736 2652 797 2673 ver.
823 2645 1042 2674 1091—1101.

316 2691 487 2724 Temerarii
510 2694 644 2726 editores
669 2696 749 2726 nihil
777 2706 841 2726 non
863 2695 922 2726 sibi
950 2695 1043 2725 licere

316 2745 582 2786 existimaverunt,
606 2748 660 2789 qui
682 2759 806 2779 versum
821 2748 865 2778 ita
879 2747 1043 2788 diffingere

317 2796 358 2827 ad
383 2797 518 2837 libitum,
549 2799 677 2831 vetustis
713 2800 800 2831 libris
830 2799 1042 2836 renuentibus,

319 2847 404 2879 haud
419 2851 609 2883 erubuerint:

1097 992 1220 1020 Mon-bida
1229 992 1269 1017 vis
1278 997 1433 1024 quecunque
1444 989 1612 1015 extrinsecus
1621 987 1779 1012 insinuatur.

1111 1076 1187 1105 Ver.
1212 1077 1283 1105 956.
1306 1071 1419 1103 Fidem
1443 1071 1588 1102 codicum
1612 1069 1802 1107 devenerati,

1071 1131 1102 1156 et
1130 1124 1210 1154 nihil
1241 1133 1280 1153 ex
1302 1122 1431 1163 ingenio
1453 1128 1613 1159 novantes,
1647 1121 1804 1152 distichon

1072 1175 1216 1205 videmur
1252 1175 1346 1214 probe
1376 1173 1583 1211 constituisse,
1627 1172 1802 1204 innumeris

1075 1226 1240 1255 doctorum
1269 1224 1513 1255 divinationibus
1544 1224 1726 1261 exercitum,
1747 1223 1804 1254 sed

1075 1275 1298 1307 commentitiis
1320 1286 1456 1315 prorsus,
1483 1275 1703 1317 futilibusque;
1725 1284 1805 1316 qua-

1076 1338 1150 1358 rum
1195 1327 1456 1368 apponendamm
1490 1327 1620 1358 taedium
1656 1327 1806 1359 devorare

1076 1379 1165 1410 nullo
1180 1379 1274 1410 modo
1288 1389 1462 1419 possumus
1508 1379 1576 1410 Nec
1597 1379 1736 1418 profecto
1751 1388 1804 1410 co-

1077 1437 1170 1462 natus
1191 1437 1265 1462 sunt
1285 1430 1417 1467 ferendi,
1439 1430 1626 1470 scriptorum
1647 1429 1807 1470 exempla-

1077 1482 1161 1513 rium
1176 1493 1289 1523 susque
1303 1482 1404 1523 deque
1414 1483 1564 1512 habentes
1578 1481 1808 1513 sanctissimam

1077 1534 1302 1565 auctoritatem.
1348 1534 1522 1572 Nimirum,
1542 1534 1737 1576 prosequitur
1756 1543 1806 1564 ar-

1078 1594 1268 1629 gumentum
1289 1598 1384 1618 suum
1407 1587 1582 1623 Lucretius,
1612 1594 1644 1617 et
1671 1586 1806 1617 alterum

1078 1640 1225 1680 proponit
1240 1639 1421 1679 exemplum
1435 1639 1720 1670 minutissimorum
1739 1647 1808 1668 cor-

1078 1701 1201 1730 porum,
1230 1691 1267 1721 ea
1289 1691 1450 1729 tenuitate,
1480 1701 1575 1731 quam
1597 1690 1706 1732 nequit
1726 1689 1808 1720 acies

1078 1743 1242 1774 oculorum
1257 1753 1422 1783 usurpare:
1448 1741 1534 1784 quod
1556 1742 1640 1782 prius
1661 1742 1808 1783 attigerat

1079 1794 1187 1835 utique
1202 1794 1236 1824 in
1255 1794 1275 1824 i.
1289 1798 1470 1826 272—299.
1491 1794 1547 1834 qui
1561 1804 1667 1824 versus
1681 1803 1809 1834 compa-

1079 1845 1170 1876 randi
1186 1852 1266 1876 sunt.
1314 1845 1387 1876 Hoc
1403 1845 1500 1886 igitur
1513 1845 1605 1884 po'e‘ta
1617 1844 1684 1875 vult
1694 1844 1811 1876 dicere:

1082 1901 1104 1915 “
1122 1897 1305 1937 Philosophi
1327 1897 1439 1927 merito
1460 1897 1626 1928 remittunt
1646 1897 1681 1927 in
1695 1902 1810 1928 terram

1081 1951 1104 1967 “
1120 1948 1296 1989 coelumque
1317 1958 1388 1979 eam
1417 1953 1642 1988 tempestatem,
1671 1958 1742 1988 quae
1771 1947 1811 1979 de

1081 2002 1106 2017 “
1121 1999 1203 2029 terra
1218 1999 1357 2039 coeloque
1372 1999 1510 2038 primum
1525 2004 1572 2029 est
1586 1998 1733 2029 exorta2’'
1747 1998 1769 2029 i.
1783 2009 1811 2031 e.

1080 2050 1160 2082 Jure
1190 2049 1299 2080 dicunt
1329 2055 1549 2089 tempestatum
1579 2059 1660 2080 caeca
1681 2059 1811 2090 corpora

1081 2113 1188 2133 rursus
1200 2102 1233 2132 in
1244 2102 1456 2132 immensitate
1467 2101 1557 2141 spatii
1572 2107 1695 2141 recepta
1707 2102 1811 2139 condi,

1082 2159 1175 2194 atque
1190 2163 1379 2184 evanescere.
1412 2153 1615 2186 Haec.autem
1630 2152 1811 2192 planissima

1082 2204 1239 2242 videntur,
1264 2210 1295 2234 et
1316 2210 1391 2234 sunt
1412 2203 1498 2234 haud
1519 2203 1613 2234 dubie
1635 2203 1695 2234 loci
1719 2214 1813 2244 scopo

1085 2256 1222 2286 maxime
1237 2262 1453 2286 consentanea.
1483 2255 1506 2287 J
1507 2265 1558 2286 am
1569 2265 1641 2286 vero
1655 2255 1812 2287 dissimili-

1086 2307 1211 2338 tudines
1240 2307 1400 2347 scripturae
1423 2312 1512 2337 notas
1534 2307 1813 2339 faciamus—tem-

1079 2366 1243 2400 pestatem:
1269 2359 1313 2390 ita
1324 2358 1426 2390 Vind.
1443 2359 1485 2390 V·
1501 2358 1549 2390 ed.
1575 2359 1622 2390 M.
1648 2359 1688 2390 Ο.
1712 2359 1754 2395 Q.
1777 2364 1815 2393 Δ.

1085 2418 1130 2443 Ω.
1151 2410 1255 2451 vulgo,
1272 2417 1475 2452 tempestates;
1499 2416 1535 2441 ut
1550 2411 1586 2441 P.
1603 2415 1638 2443 Σ.
1653 2410 1811 2441 exhibent:

1085 2463 1122 2493 L.
1144 2468 1317 2504 tempestate
1332 2465 1564 2493 in.—coortam:
1589 2462 1634 2492 sic
1655 2461 1695 2493 Ο.
1711 2466 1747 2493 Δ.
1763 2467 1810 2493 n.

1085 2515 1190 2556 vulgo,
1217 2521 1342 2551 coortae;
1367 2520 1404 2545 ut
1419 2514 1456 2545 P.
1473 2519 1508 2546 Σ.
1532 2513 1668 2555 Reliqui,
1694 2519 1811 2550 coorta,-

1086 2566 1106 2596 i.
1122 2576 1147 2596 e.
1170 2568 1284 2604 εοονιᾶ,
1300 2565 1334 2596 ni
1349 2565 1500 2604 fallimur,
1516 2565 1580 2596 sive
1594 2571 1736 2596 coortam.

1130 2627 1204 2657 Ver.
1222 2630 1292 2659 957.
1315 2633 1441 2657 remote:
1467 2625 1512 2657 sic
1528 2625 1624 2656 Vind.
1652 2625 1691 2656 Ο.
1709 2625 1746 2661 Q.
1763 2635 1812 2656 re-

1086 2678 1175 2719 liqui,
1190 2684 1329 2715 remotoe,·
1354 2677 1408 2708 sed
1423 2678 1455 2708 in
1471 2678 1529 2708 hac
1544 2687 1576 2707 re
1590 2675 1679 2706 valde
1694 2675 1813 2706 lubrica.

1087 2736 1133 2760 est
1149 2730 1389 2770 veritas—jure:
1414 2729 1512 2760 Vind.
1529 2727 1568 2758 V.
1583 2726 1630 2758 ed.
1652 2729 1686 2757 in
1701 2738 1752 2764 re,·
1779 2732 1814 2760 Σ.

1085 2788 1192 2813 mente.
1237 2781 1338 2812 Nobis
1360 2781 1492 2813 editores
1514 2778 1622 2811 belluli
1644 2779 1729 2811 hunc
1743 2788 1812 2810 ver-

1087 2844 1158 2867 sum
1173 2839 1372 2865 recoxerunt:
