1926 3224
576 238 811 289 LIBER
860 236 1163 286 SEXTUS.
1518 242 1607 283 351

269 375 484 424 Conlucet,
515 385 806 429 quoquomque
825 377 971 411 natans
989 368 1197 424 inpellitur
1216 367 1340 409 auris:

267 450 493 499 Nimirum,
525 447 622 503 quia
642 454 736 487 sunt
755 445 799 485 in
829 443 931 499 aqufi
953 443 1156 498 permulta
1174 442 1337 497 vaporis

270 523 455 571 Semina3
488 520 540 561 de
559 519 750 574 terraque
769 531 932 558 necesse
951 524 1011 557 est
1030 515 1214 557 funditus
1235 515 1321 571 ipsz‘i

158 603 238 640 885
271 598 385 655 Ignis
405 608 580 649 corpora
598 606 672 647 per
691 599 826 632 totum
848 604 1097 645 consurgere
1117 589 1291 639 funtem,

270 671 326 713 Et
345 668 463 711 simul
482 667 690 722 exspirare
710 665 833 714 foras,
866 664 1058 719 exireque
1079 664 1122 703 in
1141 678 1281 712 auras3

269 743 370 786 Non
390 750 473 782 tam
490 741 581 781 viva
600 747 753 788 tamen,
786 737 939 779 calidus
960 744 1082 792 queat
1102 744 1148 777 ut
1167 735 1256 777 fieri
1276 736 1382 777 funs.

328 815 549 863 Praeterea,
581 813 765 868 disparsa
784 811 908 862 foras,
941 825 1155 866 erumpere
1176 811 1288 867 cogit

267 889 342 930 Vis
360 902 436 943 per
455 901 605 943 aquam
626 886 777 935 subito,
810 900 1051 940 sursumque
1071 899 1120 925 ea
1141 884 1375 925 conciliare:

156 970 237 1007 890
270 962 397 1012 Quod
416 976 560 1019 geum,
592 959 695 1001 indu
715 959 820 1000 mari
840 967 900 999 est
922 959 1080 999 Aradio
1099 958 1207 1008 funs,
1240 958 1368 1000 dulcis
1388 962 1525 1016 aquai}

270 1037 354 1087 Qui
376 1036 508 1086 scatit,
539 1043 580 1076 et
600 1034 720 1076 salsas
740 1034 895 1076 circum
917 1048 959 1074 se
980 1033 1162 1074 dimovet
1181 1033 1325 1074 undas.

128 1201 164 1227 ut
179 1193 456 1234 arbitror.-7jacit.·
480 1191 577 1223 Vind.
588 1192 693 1232 jaca,-
720 1191 760 1227 Q.
774 1193 858 1223 lacit.

126 1249 341 1288 —flammamx
368 1243 511 1280 editores,
530 1246 683 1285 flammis,
713 1243 861 1273 omnibus

129 1299 216 1330 libris
237 1296 487 1333 adversantibus;
508 1295 582 1325 satis
596 1306 652 1335 pro
673 1295 861 1334 imperio.—

129 1356 290 1390 concepto.-
326 1353 360 1379 Δ.
383 1354 551 1388 conceptus.
597 1346 774 1387 Aliquoties
803 1347 862 1377 du-

128 1402 206 1441 bito,
231 1411 272 1432 an
287 1402 338 1431 hic
359 1409 444 1430 error
461 1398 546 1429 haud
572 1398 753 1439 infrequens
767 1399 863 1440 origi-

131 1463 203 1483 nem
240 1454 353 1483 habeat
388 1451 423 1481 in
459 1449 667 1481 vetustissimo
710 1449 863 1480 scribendi

131 1513 228 1540 more,
252 1508 418 1542 conceptos,
447 1511 504 1541 pro
531 1507 690 1541 conceptus
698 1516 709 1537 ;
735 1500 775 1531 ad
799 1501 862 1531 for.

131 1565 217 1585 mam
232 1553 461 1585 terminationis
479 1553 611 1589 Graecae,
636 1552 758 1583 Latinis
782 1553 863 1582 anti-

131 1607 201 1648 quis
225 1611 425 1637 conservatae:
455 1615 496 1635 an
519 1605 553 1634 in
568 1603 788 1644 compendiosa
802 1604 862 1644 syl-

132 1658 212 1688 labae
236 1668 273 1688 us
297 1655 466 1696 scriptur53
496 1665 594 1696 quum
622 1665 658 1685 ea
688 1666 752 1685 non
782 1665 865 1696 aegre

133 1710 269 1750 migrare
278 1709 414 1749 potuerit
422 1708 582 1738 multoties
595 1708 629 1737 in
641 1708 813 1743 0.-Porro‚
826 1708 865 1739 de

134 1762 193 1791 hoe
224 1760 310 1791 fonte
340 1759 483 1790 consulas
511 1765 669 1798 praeterea,
706 1759 732 1788 si
761 1758 864 1795 libeat,

133 1821 212 1852 quos
236 1810 425 1841 Harduinus
439 1809 545 1840 laudet
560 1809 600 1840 ad
615 1809 700 1840 Plin.
715 1815 779 1840 nat.
793 1810 865 1841 hist.

133 1863 166 1894 ἰί.
185 1866 256 1894 106.
301 1862 370 1893 Nec
392 1868 498 1892 tamen
515 1861 668 1892 Prisciani
689 1872 805 1898 versus,
831 1861 866 1891 in

133 1914 250 1954 perieg.
273 1917 346 1945 590.
368 1923 433 1944 non
458 1913 601 1954 jucunde
624 1913 773 1944 lectorem
798 1913 866 1944 lau-

135 1970 206 1995 tum
221 1965 440 1995 morabuntur:

132 2046 200 2070 Haec
212 2045 285 2077 regio
296 2045 402 2070 sontem
415 2045 548 2069 miranda:
561 2044 679 2076 concipit
690 2046 772 2070 undae
783 2054 791 2076 ς

133 2085 222 2117 Quem
233 2085 332 2109 merito
343 2088 447 2110 veteres
457 2084 587 2109 dixerunt
599 2084 709 2109 nomine
720 2086 830 2109 Sacrum
841 2092 848 2109 z

135 2126 204 2149 Nam
215 2124 317 2157 gelidus
326 2128 432 2156 superat
444 2128 604 2149 cunctarum
616 2123 700 2156 frigus
710 2131 855 2155 aquarum,

134 2166 320 2196 accensasque
331 2165 403 2190 faces
413 2165 433 2189 si
444 2165 501 2196 quis
513 2172 596 2197 prope
606 2165 718 2190 duxerit
729 2166 844 2195 undam,

137 2207 294 2239 Exstinguit
306 2207 444 2237 flammas3
462 2207 540 2238 reficit
550 2207 595 2231 sed
606 2213 694 2230 rursus
705 2207 822 2235 easdem,

136 2247 289 2272 Admoveat
301 2246 399 2272 dextri
408 2253 471 2271 cum
482 2246 647 2271 exstinctam
654 2245 780 2278 lampada
787 2245 867 2270 fonti.

143 2317 194 2347 Sic
209 2317 443 2348 rescribendum
460 2322 549 2356 puto:
573 2315 655 2353 libri,
669 2317 796 2356 recipit,·
816 2315 870 2346 sed

139 2369 224 2399 enim
257 2379 331 2399 cum
359 2368 539 2408 perturbata
562 2379 687 2408 prorsus
711 2373 870 2398 construc-

137 2421 238 2451 tione:
266 2427 298 2451 et
324 2421 358 2450 in
384 2421 485 2451 verbis
508 2423 621 2460 recipio
646 2426 738 2460 atque
765 2421 869 2462 rfficio

140 2472 375 2503 commutandis
400 2471 477 2502 solet
503 2471 631 2512 peccari,
658 2471 705 2502 uti
725 2471 870 2501 Draken-

139 2525 287 2555 borchius
301 2524 427 2555 edocuit
441 2523 480 2555 ad
495 2524 563 2554 Liv.
578 2524 598 2554 i.
615 2527 665 2555 55.
681 2528 711 2554 5.

179 2575 255 2606 Ver.
271 2579 343 2606 882.
372 2576 532 2616 inpellitur
554 2577 650 2606 auris.
696 2575 742 2606 Ut
767 2574 872 2613 Maro,

140 2637 207 2668 geo.
228 2627 267 2657 iv.
283 2630 355 2658 505.

299 2699 418 2732 Zephyris
429 2699 547 2732 primum
559 2698 734 2732 inpellentibus
744 2699 840 2724 undas.

180 2771 255 2802 Ver.
271 2775 344 2802 886.
369 2772 450 2807 Quae
466 2771 559 2812 foros
581 2771 615 2801 in
637 2772 696 2801 hoc
717 2780 819 2809 versu,
841 2776 872 2801 et

128 2821 222 2863 foras
245 2822 279 2852 in
301 2833 362 2853 ver.
379 2826 451 2853 888.
473 2822 666 2862 interjacent,
694 2821 872 2853 desideran-

132 2879 198 2909 ,tur
225 2873 259 2904 in
292 2874 332 2905 Ο.
361 2873 477 2904 librarii
507 2874 605 2905 oculis
630 2873 714 2904 infra
737 2873 874 2904 nimium

132 2926 244 2964 ,subito
257 2927 412 2968 conjectis.

945 1201 1021 1231 Ver.
1038 1203 1111 1231 887.
1134 1207 1196 1231 tam
1226 1201 1315 1231 viva.-
1345 1198 1442 1229 Vind.
1467 1205 1554 1230 tanta
1584 1201 1631 1236 vi,-

905 1252 944 1288 Q„
960 1254 1002 1282 ita
1017 1254 1098 1288 vita;
1123 1258 1157 1283 Δ.
1175 1258 1220 1283 Ω.
1242 1258 1305 1282 tam
1321 1253 1400 1288 vita‚·
1426 1256 1460 1283 Σ.
1475 1253 1519 1282 vis
1534 1258 1632 1282 canta.

906 1303 1069 1342 Reponere
1084 1309 1130 1333 est
1145 1303 1178 1332 in
1194 1309 1355 1342 promptu:

999 1405 1058 1429 Non
1068 1404 1103 1429 vi
1113 1407 1186 1428 tanta
1195 1406 1366 1429 tamen—:

906 1506 963 1526 nec
977 1495 1155 1533 invenuste3
1180 1495 1233 1525 sed
1248 1500 1370 1534 recepta
1384 1494 1559 1534 praeferam.

950 1557 1024 1587 Ver.
1041 1560 1114 1589 889.
1137 1558 1320 1587 conciliare.-
1344 1555 1363 1585 i.
1380 1565 1406 1585 e.
1422 1557 1455 1586 in
1471 1556 1633 1586 concilium

906 1611 1019 1646 venire,
1045 1609 1141 1639 coire:
1166 1618 1226 1638 usu
1241 1607 1447 1645 intransitive,
1468 1613 1504 1637 ut
1519 1607 1636 1646 passim

907 1666 1012 1690 noster
1027 1659 1154 1690 adsolet.
1198 1658 1343 1689 Editores
1358 1664 1474 1695 autem,
1499 1657 1638 1688 audaciae

908 1710 1090 1750 plenissimi,
1114 1716 1144 1740 et
1161 1710 1313 1740 librorum
1335 1709 1429 1740 fidem
1443 1709 1539 1739 libere
1561 1720 1636 1739 con-

908 1762 1074 1798 culcantes,
1104 1761 1143 1792 de
1172 1771 1229 1791 suo
1257 1760 1433 1791 intulerunt
1457 1762 1638 1792 conciliari.-

909 1813 1021 1854 quibus
1036 1819 1143 1843 tamen
1164 1812 1256 1842 video
1271 1810 1524 1841 Vindobonensis
1544 1811 1638 1841 colla-

909 1864 983 1894 toris
998 1864 1200 1903 supinitatem
1221 1862 1417 1902 adstipulari3
1440 1873 1516 1892 nam
1533 1862 1643 1893 nullus

909 1914 1063 1952 dubitem,
1091 1914 1168 1955 quin
1197 1914 1252 1944 ille
1263 1913 1324 1950 *vir
1349 1913 1392 1943 sic
1416 1912 1548 1944 ediderit
1573 1915 1641 1945 sine

907 1965 1098 1995 membranis
1113 1965 1185 1996 suis.
1219 1964 1387 2004 Impendio
1402 1964 1550 2004 appositae
1566 1972 1642 1996 suut

907 2018 1056 2049 Lucretio
1073 2017 1184 2058 glossae
1209 2023 1338 2047 veteres:
1365 2019 1389 2034 “
1408 2019 1554 2055 Concilio,
1577 2031 1639 2049 ow-

909 2073 934 2088 “
951 2069 1077 2112 εδρενω·”
1100 2070 1177 2099 item
1192 2068 1340 2098 absolute.

954 2130 1029 2159 Ver.
1047 2133 1117 2160 890.
1140 2131 1236 2159 indu:
1271 2128 1310 2159 Ο.
1337 2130 1388 2164 2‘n;
1422 2129 1460 2164 Q.
1486 2131 1581 2166 endo;
1604 2136 1641 2161 ut

914 2180 964 2211 edi
990 2179 1081 2210 solet:
1106 2179 1160 2210 sed
1185 2181 1263 2210 indu
1287 2179 1365 2208 mihi
1387 2178 1548 2210 videbatur
1568 2191 1642 2220 pro-

912 2232 982 2272 pius
1004 2234 1109 2262 abesse
1134 2242 1154 2262 a
1176 2231 1370 2271 reliquorum
1403 2231 1554 2262 librorum
1579 2232 1640 2264 lec-

914 2284 1008 2319 tione,
1038 2285 1130 2322 inde‚·
1155 2293 1226 2323 quae
1254 2282 1359 2312 nescio
1387 2293 1429 2312 an
1454 2283 1494 2312 sit
1518 2293 1643 2323 prorsus

913 2333 1254 2365 contemnenda—est
1287 2334 1416 2364 Aradio.
1475 2335 1571 2365 Posui
1599 2342 1643 2366 est

913 2386 952 2417 de
966 2397 1054 2424 meo;
1075 2386 1130 2416 sed
1149 2385 1228 2416 illud
1252 2387 1370 2416 Aradio
1388 2386 1493 2416 Vossii
1514 2386 1646 2427 ingenio

914 2443 944 2468 et
958 2437 1108 2468 doctrinae
1122 2437 1261 2475 debetur,
1295 2437 1339 2467 sic
1361 2438 1541 2468 emendanti
1557 2438 1642 2469 codi-

915 2499 987 2520 cum
1004 2489 1193 2528 corruptelas
1216 2499 1253 2518 ex
1270 2489 1432 2526 Strabone,
1454 2488 1506 2519 lib.
1523 2489 1584 2520 xvi.
1613 2501 1644 2529 p.

916 2543 989 2571 754.
1024 2539 1190 2570 lectoribus
1226 2539 1380 2570 adeundo.
1426 2540 1501 2570 Nou
1537 2541 1647 2578 habui,

915 2591 1000 2632 quod
1029 2591 1184 2629 afferrem,
1215 2591 1345 2628 melius;
1382 2590 1436 2621 sed
1472 2591 1645 2630 depravatae

915 2643 1075 2682 scripturae
1100 2642 1231 2683 vestigia
1255 2643 1307 2672 vix
1333 2643 1406 2672 satis
1427 2643 1646 2681 exprimuntur

916 2695 1006 2726 Hinc
1021 2694 1083 2724 fuit
1096 2694 1182 2735 quod
1196 2700 1322 2734 egomet
1339 2701 1383 2725 est
1404 2693 1583 2734 adjecerim,
1605 2704 1648 2725 ne

913 2750 978 2780 duo
993 2749 1076 2780 vocis
1102 2756 1255 2788 corruptae
1282 2749 1437 2779 elementa
1450 2758 1576 2787 prorsus
1591 2759 1645 2787 pe-

914 2803 1021 2833 rirent.
1065 2802 1101 2833 P.
1119 2802 1157 2838 Q.
1180 2808 1225 2832 Ω.
1247 2801 1325 2832 dant
1346 2802 1429 2831 mari
1449 2802 1567 2840 spirat,·
1590 2811 1645 2839 op-

916 2855 1005 2892 time,
1031 2854 1092 2884 nisi
1113 2855 1214 2884 Faber
1238 2859 1270 2884 et
1292 2853 1529 2892 Havercampus
1551 2854 1646 2891 probe

919 2906 1162 2943 admonuissent,
1185 2906 1259 2937 satis
1275 2905 1424 2937 declarari
1446 2905 1647 2946 sequentibus
