1926 3224
264 203 361 245 206

743 200 804 248 T.
851 198 1226 248 LUCRETII

463 330 594 372 Arma
613 329 796 384 antiqua,
826 343 972 370 manus
990 344 1147 387 ungues
1166 329 1389 385 dentesque
1406 329 1589 381 fuerunt3

405 403 461 445 Et
480 402 646 457 lapides,
678 409 719 443 et
737 401 852 452 item,
883 402 1087 458 sylvarum
1104 402 1322 460 fragmina,
1353 404 1498 454 ramei3

403 477 474 526 Et,
505 476 671 517 flamma
689 485 812 532 atque
830 477 946 533 ignes
966 485 1060 532 post
1079 492 1202 533 quam
1222 485 1316 518 sunt
1336 478 1501 534 cognita
1522 477 1715 533 primum,

267 552 372 590 1285
406 549 614 591 Posterius
632 549 729 591 ferri
748 551 807 591 vis
828 559 903 601 est,
934 552 1121 607 aerisque,
1153 560 1325 607 reperta.

407 623 463 664 Et
481 624 597 678 prior
615 624 708 665 aeris
728 632 829 676 erat,
861 639 984 681 quam
1003 624 1115 675 ferri,
1145 626 1333 682 cognitus
1352 640 1467 675 usus;

404 696 503 746 Quo
520 696 646 738 facilis
664 697 794 754 magis
815 705 875 739 est
893 707 1057 749 natura,
1089 706 1130 739 et
1149 699 1270 754 copia
1287 700 1432 754 major.

257 869 342 897 rum,
365 858 411 888 vir
425 859 641 900 sagacissimus
657 859 856 891 scribendum
869 871 981 901 propo-

257 911 314 947 nit,
339 913 361 928 “
379 912 423 941 At
438 910 608 949 flammae;'’
632 911 717 952 quod
731 912 863 943 minime
878 923 984 943 neces-

257 961 372 991 sarium
389 961 545 991 existimo:
571 963 637 992 imo
651 968 755 993 censet
776 973 902 993 versum
918 974 982 994 esse

255 1013 444 1052 delendum
466 1016 518 1045 cui
546 1025 620 1045 sane
650 1015 721 1046 crisi
750 1016 850 1046 multo
878 1017 984 1047 minus

256 1071 382 1105 egomet
398 1066 589 1096 assenserim.
633 1066 757 1096 Laudat
771 1068 865 1097 etiam
880 1078 984 1098 versus

257 1116 396 1153 Horatii,
413 1127 432 1147 a
447 1127 498 1147 me
512 1118 607 1148 modo
621 1118 738 1149 citatos.

299 1168 381 1199 Ibid.
417 1170 460 1200 Ec
482 1171 618 1210 flamma
648 1176 738 1210 atque
773 1172 863 1210 ignis.
908 1170 982 1199 Non

254 1217 447 1258 dubitabam,
471 1221 548 1262 quin
565 1223 761 1252 Mantuanus
776 1222 888 1252 alicubi
911 1221 981 1261 pul-

255 1272 361 1302 chram
398 1272 577 1303 Lucretiani
619 1273 771 1303 sermonis
809 1274 982 1303 ubertatem

255 1329 456 1363 expresserat,
485 1330 517 1354 et
545 1324 722 1364 conjectura
751 1323 828 1354 mihi
858 1323 983 1354 videbar

254 1385 325 1406 vere
350 1377 520 1406 restituisse
549 1387 671 1406 versum
697 1377 729 1406 in
757 1376 831 1406 AEn.
855 1375 885 1405 ii.
910 1379 982 1406 600.

254 1436 312 1457 nec
339 1432 443 1457 tamen
459 1427 637 1467 quempiam
659 1418 912 1465 exspecta-issem
927 1425 981 1456 ad-

253 1478 474 1518 stipulaturum
496 1477 587 1515 mihi,
615 1477 675 1507 nisi
697 1477 881 1507 divinationi
901 1487 980 1507 meae

253 1528 350 1559 codex
366 1538 448 1558 unus
462 1527 707 1558 luculentissime
723 1528 960 1568 suffragaretur:

345 1635 351 1642 1
494 1615 560 1640 quos
573 1609 661 1633 omnis
671 1609 791 1640 undique
802 1609 890 1633 Graiae

273 1647 384 1672 circum
397 1653 486 1673 errant
497 1648 575 1676 acies;
593 1652 633 1678 et,
649 1649 677 1672 ni
688 1655 748 1674 mea
760 1655 824 1673 cura
835 1648 949 1678 resistat,

267 1688 327 1718 Jam
336 1688 453 1718 flamme
464 1689 586 1718 tulerint,
597 1689 721 1713 inimicus
731 1691 759 1713 et
771 1688 887 1713 hauserit
897 1688 971 1712 ensis.

253 1761 393 1792 Videsne
417 1762 497 1793 illud
510 1765 590 1794 ensis
612 1772 875 1802 supervacaneum
897 1772 982 1792 acce-

252 1812 334 1849 dere,
371 1813 591 1854 frigidumque,
628 1820 752 1853 propter
781 1813 985 1854 praecedentia

257 1866 363 1896 Graiae
377 1866 483 1896 acies?
509 1865 615 1905 Ocyus
629 1866 736 1906 igitur,
759 1867 901 1896 hortante
916 1866 981 1896 Lu-

253 1915 360 1951 cretio,
376 1925 521 1955 reponas:

262 1989 321 2020 Jam
330 1987 446 2018 stamme
456 1988 579 2018 tulerint,
591 1988 713 2013 inimicus
725 1992 752 2014 et
764 1989 879 2014 hauserit
890 1990 962 2022 ignis.

253 2050 405 2081 Conferas
434 2051 507 2082 ibid.
537 2051 598 2081 viii.
629 2054 701 2083 575.
734 2062 802 2092 geo.
839 2052 879 2083 iv,
907 2056 978 2084 530.

253 2101 350 2139 Quid,
381 2102 465 2142 quod
495 2102 536 2132 sit
564 2103 634 2133 luce
658 2102 832 2134 meridiana
858 2104 979 2140 clarius,

257 2152 400 2183 Servium
420 2160 475 2183 aut
499 2154 579 2184 hane
603 2154 782 2184 varietatem
805 2155 980 2194 respexisse,

1026 863 1097 893 “id
1125 863 1367 894 mercimonium
1393 863 1504 901 inerat,
1533 873 1595 904 quo
1613 864 1749 904 flamma

1026 918 1049 933 “
1065 915 1169 954 alitur,
1196 915 1292 945 simul
1321 920 1437 953 coeptus
1459 914 1614 954 ignis—.”
1659 914 1751 952 Mox,

1025 967 1100 998 ibid.
1127 970 1246 999 39.—“
1263 966 1457 996 Nero—non
1486 971 1558 995 ante
1581 965 1615 994 in
1639 966 1750 995 urbem

1026 1022 1049 1037 “
1065 1028 1220 1058 regressus
1234 1023 1290 1053 est,
1319 1026 1414 1056 quam
1429 1015 1539 1046 domui
1560 1015 1751 1055 ejus—ignis

1029 1073 1049 1087 “
1066 1069 1298 1108 propinquaret:
1326 1077 1427 1106 neque
1442 1071 1548 1095 tamen
1563 1065 1627 1095 sisti
1641 1065 1751 1104 potuit,

1027 1124 1048 1138 “
1065 1121 1141 1159 quin
1157 1125 1187 1149 et
1201 1118 1362 1156 palatium,
1386 1124 1417 1147 et
1435 1117 1560 1154 domus,
1584 1122 1616 1147 et
1638 1122 1751 1146 cuncta

1027 1173 1048 1188 “
1064 1171 1183 1199 circum
1205 1168 1438 1200 lzaurz‘reneur.‘’
1485 1168 1523 1204 Q.
1551 1167 1687 1204 Curtius,
1711 1168 1752 1199 iv-

1024 1224 1054 1250 5.
1070 1223 1166 1250 4.—“
1183 1220 1278 1251 etiam
1299 1230 1424 1250 summa
1439 1219 1580 1250 tabulata
1601 1229 1750 1258 concepe-

1027 1274 1049 1290 “
1067 1277 1137 1301 rant
1159 1273 1277 1311 igneum
1300 1281 1399 1311 quum
1424 1271 1458 1307 ii,
1479 1271 1533 1311 qui
1556 1271 1589 1300 in
1616 1270 1752 1301 turribus

1028 1325 1050 1340 “
1065 1328 1162 1358 erant,
1178 1323 1290 1361 partim
1302 1323 1502 1352 haurirentur
1514 1323 1666 1359 incendio,
1679 1331 1750 1360 par·

1024 1377 1047 1392 “
1062 1373 1132 1410 tim,
1154 1373 1248 1402 armis
1272 1373 1406 1410 omissis,
1433 1373 1466 1402 in
1482 1383 1566 1402 mare
1580 1377 1679 1402 semet
1692 1371 1751 1411 ipsi

1028 1427 1052 1442 “
1066 1423 1302 1453 immitterent.”
1347 1423 1412 1453 Alii
1434 1423 1548 1462 pariter
1571 1433 1636 1453 non
1663 1433 1747 1454 raro:

1024 1474 1094 1505 vide
1110 1484 1167 1504 nos
1182 1474 1276 1512 infra,
1291 1474 1330 1504 vi.
1347 1478 1420 1505 660.

1067 1534 1140 1564 Ver.
1174 1536 1264 1564 1285.
1287 1533 1375 1574 ferri
1403 1535 1466 1569 vis;
1500 1537 1548 1569 βιη
1579 1531 1688 1575 σιδηρεκ
1717 1538 1754 1563 ut

1025 1585 1121 1615 modo
1143 1584 1295 1623 superius,
1320 1591 1451 1624 potestas
1467 1586 1598 1624 plumbi,
1627 1585 1667 1615 ad
1690 1594 1752 1615 ver.

1027 1639 1119 1666 1241.
1167 1636 1269 1666 Aliter
1286 1635 1448 1675 Virgilius,
1464 1646 1531 1676 geo.
1547 1636 1566 1666 i.
1584 1639 1653 1666 145.
1664 1636 1753 1677 ferri

1024 1689 1125 1727 rigor;
1149 1692 1180 1716 et
1195 1687 1269 1716 AEn.
1285 1686 1335 1715 vii.
1351 1690 1424 1717 609.
1435 1686 1522 1727 fervi
1536 1688 1658 1723 robora;
1681 1696 1752 1727 quae

1026 1743 1100 1767 sunt
1117 1737 1325 1768 nihilominus
1346 1737 1490 1767 formulae
1513 1737 1699 1775 consimiles,
1721 1743 1753 1768 et

1029 1789 1141 1819 Graeco
1177 1799 1264 1819 more
1301 1788 1602 1826 fabricatae.--Mox,
1631 1789 1672 1818 V.
1703 1789 1753 1820 ed.

1027 1842 1113 1879 quia,
1129 1850 1186 1879 pro
1199 1851 1300 1880 quam.

1068 1900 1143 1930 Ver.
1162 1903 1252 1930 1286.
1278 1899 1329 1929 Sic
1356 1898 1499 1936 Ovidius,
1523 1899 1592 1930 fast.
1617 1901 1656 1930 iv.
1678 1903 1750 1932 405.

1025 1950 1170 1981 laudante
1186 1950 1354 1980 Lambino:

1053 2035 1098 2058 AEs
1108 2038 1165 2058 erat
1177 2034 1203 2057 in
1214 2034 1314 2065 pretio:
1333 2033 1473 2065 chalybeia
1484 2040 1569 2057 massa
1580 2033 1691 2058 latebat.

1068 2105 1140 2135 Ver.
1157 2108 1248 2136 1287.
1268 2105 1397 2146 sacz'lis;
1431 2104 1471 2135 ad
1495 2115 1632 2135 sensum·
1649 2104 1749 2136 maxi-

1022 2167 1075 2187 me
1089 2157 1250 2196 proprium
1264 2167 1300 2187 ac
1311 2157 1507 2196 primarium,
1523 2167 1657 2197 quocum
1673 2157 1751 2198 quid

251 2210 307 2234 aut
336 2204 433 2235 etiam
460 2215 523 2235 non
547 2205 637 2236 aliter
661 2205 790 2246 legisse?
823 2206 888 2237 En!
914 2206 981 2247 ejus
1012 2210 1122 2250 facere
1152 2208 1266 2239 valeas:
1292 2223 1452 2250 τρακτικη,
1485 2223 1608 2251 ευεργης,
1638 2215 1751 2240 tracta.

251 2256 527 2286 commentarium:
573 2260 595 2274 “
623 2258 794 2288 Hauserit:
828 2263 883 2288 aut
911 2268 980 2297 per·

251 2309 274 2324 ‘⁸
290 2307 430 2345 cusserit,
444 2312 481 2337 ut
494 2317 522 2337 x.
538 2310 609 2337 514.
633 2313 687 2338 aut
701 2308 885 2339 voraverit.’'
929 2309 982 2340 De

250 2357 316 2388 luce
332 2357 472 2398 quidem,
496 2363 527 2388 et
542 2360 623 2397 igue,
647 2368 695 2388 res
706 2358 903 2399 ferientibus,
926 2370 984 2390 nos

249 2409 366 2439 centies
380 2409 413 2439 in
429 2409 477 2439 his
494 2409 576 2441 notis
595 2410 731 2450 egimus:
756 2416 788 2441 et
808 2421 890 2441 anne
904 2414 985 2443 ensis

250 2469 370 2490 vome-r
382 2461 557 2499 hominem,
570 2467 626 2491 aut
634 2471 740 2491 rursus
758 2472 853 2493 εοΑκ
872 2463 978 2502 ignis?

249 2509 358 2546 Porro,
381 2518 511 2551 receptae
533 2511 660 2543 lectioni
686 2513 765 2543 nihil
790 2513 872 2543 favet
894 2513 981 2544 locus

249 2559 283 2590 in
303 2561 380 2592 AEn.
401 2573 429 2593 x.
445 2566 518 2593 314.
541 2574 597 2594 nec
619 2573 698 2604 quos
718 2563 822 2604 plures
837 2564 981 2595 Draken-

249 2612 395 2643 borchius
409 2614 563 2655 congessit
577 2614 617 2645 ad
633 2615 687 2646 Sil.
705 2615 744 2646 It.
759 2626 786 2646 v.
803 2619 874 2647 524.
889 2626 976 2654 nam,

249 2665 448 2702 quantumvis
483 2666 608 2706 gladius
640 2667 766 2698 hauriat
796 2669 890 2707 latus,
928 2667 977 2698 vel

244 2720 362 2753 pectus,
391 2717 538 2755 hominis,
571 2717 655 2759 quod
686 2718 760 2749 inde
789 2718 976 2760 sanguinem

250 2767 365 2801 trahat,
382 2772 413 2796 et
428 2775 570 2807 evacuet3
586 2781 734 2810 corpusne
748 2773 900 2810 integrum
912 2770 978 2811 gla-

250 2815 322 2846 dius
350 2818 541 2858 absorpserit,
571 2821 852 2863 insumpseritque?
883 2823 975 2854 Taci-

251 2873 315 2907 ωε,
332 2878 404 2902 ann.
420 2879 467 2901 xv.
482 2874 604 2903 38.—“
620 2884 675 2913 per
694 2876 848 2914 tabernas,
864 2875 977 2917 quibus

1024 2260 1101 2290 bilis.

1068 2320 1142 2349 Ver.
1160 2323 1252 2350 1288.
1277 2319 1423 2350 Imitatus
1446 2325 1491 2349 est
1513 2325 1616 2350 noster
1635 2319 1748 2350 Hesio-
1768 2308 1772 2312 „

1027 2371 1116 2408 dum,
1132 2371 1172 2401 ad
1187 2381 1256 2411 opp.
1272 2377 1304 2402 et
1319 2371 1370 2402 dd.
1391 2375 1459 2402 150.

1023 2463 1084 2489 Τοις
1096 2459 1119 2486 b·
1128 2471 1154 2490 nv
1165 2465 1274 2494 χιλκεσι
1284 2469 1328 2493 μεν
1343 2469 1444 2493 τευχεω,
1458 2465 1566 2494 χαλκίοι
1579 2460 1604 2486 δε
1614 2469 1641 2486 τε
1650 2465 1720 2486 unu'

1023 2519 1127 2551 Χαλκῳ
1138 2516 1161 2542 δ’
1173 2517 1320 2552 αργιζοντο·
1339 2522 1423 2551 ,uvae
1434 2516 1458 2542 δ’
1469 2527 1503 2543 uz
1522 2526 1579 2543 wze
1589 2516 1728 2552 σίδηρος-ι

1566 2567 1747 2600 Lambinus.

1065 2655 1147 2686 Ibid.
1186 2657 1280 2686 solum
1310 2661 1418 2686 terrae:
1451 2660 1488 2685 ut
1524 2655 1638 2691 Caesar,
1675 2651 1747 2684 bell.

1022 2706 1106 2737 Gall.
1124 2707 1144 2737 i.
1162 2710 1210 2737 11.
1232 2709 1303 2747 agri
1328 2707 1439 2741 solum,·
1465 2711 1496 2735 et
1512 2705 1643 2740 Ennius
1660 2702 1746 2743 apud

1021 2758 1168 2789 Festum:
1194 2758 1264 2789 vide
1278 2758 1319 2788 sis
1333 2768 1401 2795 nos,
1417 2757 1456 2787 ad
1472 2757 1490 2786 i.
1507 2759 1576 2786 215.

1071 2823 1151 2854 Ibid.
1182 2824 1373 2854 tractabant:
1410 2821 1429 2850 i.
1459 2830 1485 2850 e.
1519 2819 1743 2852 moliebantur:

1020 2875 1129 2911 redeas
1144 2885 1205 2906 ver.-
1222 2878 1293 2908 932.
1315 2879 1346 2904 et
1359 2871 1402 2905 ibi
1416 2871 1508 2905 dicta.
