1926 3224
619 233 849 283 LIBER
897 232 1252 291 QUINTUS.

1590 238 1673 280 161

338 364 414 406 Vel
432 364 608 406 violenta
626 366 700 406 viri
721 366 793 415 vis,
817 374 937 421 atque
958 365 1127 420 inpensa
1146 363 1307 414 lubido;

336 438 413 479 Vel
432 439 623 494 pretium,
644 439 828 496 glandes,
851 447 972 494 atque
992 439 1151 488 arbuta,
1173 439 1234 479 vel
1254 439 1357 493 pira,
1379 436 1493 479 lecta.

393 510 463 561 Et,
486 526 682 552 manuum
701 511 803 551 mira
823 511 939 551 fretei
960 512 1122 559 virtute,
1149 511 1398 567 pedumque,

224 590 304 625 965
337 584 690 626 Conflictabantur
710 583 917 638 sylvestria
937 582 1040 623 secla
1059 582 1236 623 ferarum

195 739 320 774 Statius,
345 738 379 767 in
402 735 513 767 eodem
539 740 734 775 argumento,
757 734 856 766 Theb.
871 736 909 766 iv.
953 737 1037 766 hunc
1053 746 1178 767 versum
1192 736 1225 766 in
1234 736 1400 767 stationem
1415 747 1515 774 suam,
1532 737 1585 778 qui
1599 737 1682 768 male

193 793 265 820 278.

339 866 460 890 nondum
470 871 547 895 arva,
555 865 715 896 domusque,
733 871 782 890 nec
794 866 882 897 urbes,

207 908 405 939 Connubiisque
415 908 583 933 modus—-.

234 979 309 1009 Ver.
340 982 410 1011 958.
448 981 533 1014 Quod
556 981 701 1019 quoique:
739 979 776 1009 P.
803 978 842 1008 V.
865 978 912 1009 ed.

199 1031 404 1069 Quodcunque
412 1044 423 1064 ;
448 1040 500 1060 me
511 1029 626 1069 judice,
650 1040 714 1060 non
729 1029 873 1060 deterius.

238 1081 310 1110 Ver.
341 1085 412 1112 960.
433 1081 602 1120 jungebat:
637 1081 677 1110 V.
704 1080 751 1111 ed.
776 1082 914 1120 lugebat;

195 1132 334 1171 apposito
353 1131 619 1170 etiamjungebat:
640 1131 686 1160 M.
704 1132 829 1162 lucebat.
867 1131 917 1161 De

194 1181 317 1221 recepta
338 1182 469 1212 lectione
483 1182 563 1211 nihil
578 1181 802 1222 ambigendum
815 1181 918 1211 existi—

196 1244 263 1264 mo:
289 1244 325 1263 ex
341 1233 719 1273 compendiariojfigebat,
743 1235 756 1263 z*
771 1239 802 1263 et
820 1244 841 1272 g
857 1243 920 1262 non

196 1295 278 1325 aegre
293 1285 464 1325 migrarent
478 1286 510 1314 in
532 1287 544 1315 l
566 1291 596 1315 et
617 1296 644 1315 c.
671 1291 712 1315 Π.
731 1285 917 1324 jungebant;

194 1335 280 1366 unde
295 1342 414 1366 tentare
429 1336 526 1375 possis
541 1335 626 1366 haud
642 1335 818 1366 invenuste:

195 1404 228 1428 Et
240 1406 354 1428 Venerem
365 1404 393 1427 in
404 1403 483 1435 sylvis
496 1403 636 1435 jungebant
648 1407 750 1435 corpora
761 1407 915 1429 amantum.

197 1456 248 1486 Sic
263 1457 380 1487 etenim
395 1455 499 1487 cultus
512 1456 636 1487 locutus
652 1463 697 1486 est
712 1456 868 1494 Tibullus,
884 1456 924 1487 ad

197 1507 216 1537 i.
233 1511 260 1539 9.
277 1510 327 1538 77.

605 1581 670 1605 hunc
683 1587 734 1613 ego
746 1581 854 1606 credam

256 1621 326 1645 Cum
337 1621 455 1645 trucibus
467 1623 580 1645 Venerem
585 1622 692 1653 jungere
703 1629 778 1653 posse
789 1621 865 1647 feris:

196 1688 231 1713 ut
246 1683 383 1722 repetitis
398 1682 515 1713 vicibus
530 1684 624 1713 etiam
642 1683 782 1714 Ovidius.

237 1731 313 1764 Ver.
331 1737 401 1765 965.
428 1732 509 1763 Cum
525 1733 573 1763 his
592 1733 765 1772 Bentleius,
782 1740 850 1773 post
866 1734 919 1764 Pi—

196 1795 252 1816 um
269 1792 386 1823 tamen,
408 1787 488 1816 bene
510 1786 685 1824 composuit
707 1786 919 1825 Propertium,

197 1835 240 1865 iii.
259 1839 307 1866 11.
321 1838 350 1866 5.
372 1835 444 1866 mea
461 1835 627 1874 sententia,
652 1836 794 1867 nondum
817 1847 918 1876 persa-

198 1894 322 1919 natum:

229 1962 273 1986 His
284 1965 344 1987 tum
355 1962 489 1987 blanditiis
499 1962 599 1987 furtiva
611 1970 657 1994 per
667 1966 744 1988 antra
754 1963 851 1994 puellae

258 2002 355 2027 Oscula
364 2003 496 2034 sylvicolis
507 2006 600 2035 empta
611 2003 708 2028 dedere
719 2003 789 2027 viris.

239 2076 315 2107 Ver.
340 2080 410 2109 965.
447 2079 715 2119 conflictabantur.
748 2077 815 2108 Nos
839 2078 921 2108 hanc

198 2127 374 2166 lectionem,
397 2128 491 2168 longe
507 2128 700 2166 vividiorem,
723 2133 755 2158 et
769 2128 921 2168 po'e‘ticam

198 2179 309 2219 magis,
332 2179 456 2219 vulgata
484 2180 751 2217 Consectabantur,
782 2189 819 2210 ex
845 2190 919 2210 con-

194 2228 315 2270 jectura
337 2231 554 2261 redonavimus
576 2232 733 2269 Lucretio,
758 2231 919 2261 Veronen-

199 2280 240 2310 sis
251 2280 433 2319 scripturam
444 2292 535 2320 parce
545 2281 773 2321 detorquentes,
788 2283 920 2322 Conflec-

199 2332 353 2362 tabantur.
390 2332 593 2372 Exquisitiori
624 2333 751 2362 forsitan
776 2332 921 2372 regimini

200 2391 271 2412 vere
285 2382 380 2420 possit
392 2382 538 2421 imputari
553 2383 738 2422 depravatio.
772 2382 846 2412 Non
864 2382 919 2412 ali-

200 2437 248 2462 ter
265 2438 370 2462 tamen
387 2432 526 2470 Tacitus,
549 2443 621 2463 ann.
637 2433 675 2463 vi.
692 2436 810 2462 48.—“
825 2432 922 2473 qui—-

201 2487 224 2502 “
239 2483 330 2523 plura
350 2493 404 2522 per
426 2483 540 2514 scelera
561 2486 775 2523 rempublicam
798 2487 921 2526 conflic-

201 2538 225 2554 “
239 2535 388 2566 lavisset?
424 2535 534 2575 Neque
549 2536 583 2565 in
598 2535 694 2566 dubio
709 2542 765 2574 est,
788 2546 829 2566 an
844 2535 922 2566 Tul-

201 2584 264 2616 lius
280 2585 362 2616 idem
379 2586 519 2622 voluerit,
542 2586 581 2616 de
596 2586 679 2626 legg.
698 2586 720 2616 i.
739 2590 854 2617 11.—“
869 2587 923 2628 qui

202 2641 225 2657 “
240 2650 356 2674 canem,
379 2645 410 2668 et
424 2639 533 2679 filem,
557 2645 592 2669 ut
613 2639 698 2677 deos,
720 2639 836 2676 colunt,
860 2651 924 2671 non

202 2692 225 2708 “
240 2688 352 2720 eadem
366 2692 584 2731 superstitione,
610 2690 671 2731 qua
681 2697 798 2721 caeterae
807 2698 924 2732 gentes,

201 2742 224 2759 “
239 2741 487 2782 conflz'ctantur.”
533 2741 649 2771 Dicant
670 2741 772 2782 itaque
793 2742 922 2773 lectores

202 2791 309 2831 lepidi,
325 2803 365 2822 an
380 2793 518 2823 Lucretii
530 2799 704 2824 venustates
715 2804 779 2824 non
793 2793 922 2825 feliciter

204 2842 266 2872 sint
278 2842 371 2882 opera
385 2843 489 2874 nostra
507 2850 702 2884 recuperatae.

248 2893 321 2925 Ver.
338 2898 409 2927 966.
431 2895 576 2927 Editores
592 2896 711 2936 optime
725 2901 927 2936 reposuerunt

953 788 1092 827 sequitur
1114 798 1175 818 ver.
1201 791 1272 819 973.
1298 789 1331 817 in
1356 789 1475 828 scriptis
1498 789 1681 828 exemplari-

955 839 1025 868 bus.
1050 838 1166 868 Omisit
1180 839 1310 869 omnino
1326 839 1412 869 Pius.

1001 888 1081 918 Ibid.
1105 900 1212 928 magno
1224 892 1357 929 pondere
1371 892 1474 921 clavae.
1503 891 1625 926 Nescio,
1641 901 1682 921 an

958 939 1113 979 Virgilius
1127 940 1200 970 hinc
1223 940 1262 970 sit
1276 940 1484 981 castiganduS‚
1507 941 1546 972 ad
1563 943 1635 973 [ΕΠ.
1653 952 1682 972 x.

958 992 1032 1019 518.

1369 1065 1455 1089 Cissea
1467 1065 1565 1089 durum

990 1101 1146 1132 Inmanique
1157 1103 1236 1133 Gyan
1248 1104 1388 1128 sternentis
1399 1104 1506 1135 agmina
1517 1104 1617 1130 clava.-

961 1164 1014 1194 ubi
1030 1164 1125 1205 vulgo
1139 1164 1282 1195 scribitur
1296 1168 1467 1197 Inmanem.

1006 1215 1078 1246 Ver.
1096 1219 1166 1247 967.
1190 1217 1314 1247 Multa:
1332 1216 1423 1247 docto
1437 1217 1590 1257 regimine
1605 1217 1683 1247 refe·

962 1266 1095 1296 rendum
1110 1273 1156 1296 est
1171 1267 1357 1307 adjectivum
1380 1267 1421 1298 ad
1442 1270 1532 1306 secla,
1556 1268 1624 1298 loco
1649 1281 1687 1299 w

951 1317 1108 1357 fier-arum,
1131 1318 1164 1348 in
1179 1328 1240 1348 ver.
1256 1322 1327 1350 965.
1358 1319 1584 1350 Adverbialiter
1598 1320 1686 1360 quasi

963 1369 1082 1400 dictum
1105 1370 1154 1407 sit,
1177 1370 1371 1401 inscitissime
1398 1371 1571 1402 Lambinus
1593 1371 1685 1402 intel-

967 1420 1051 1452 lexit.
1666 1458 1669 1460 ,

1011 1472 1091 1503 Ibid.
1113 1474 1249 1504 vitabant
1269 1485 1392 1514 pauca:
1417 1481 1524 1515 utpote
1546 1475 1625 1506 nihil
1648 1475 1686 1506 ti-

959 1529 1088 1559 mentes,
1105 1530 1230 1563 propter
1244 1525 1496 1565 magnitudinem
1509 1526 1623 1557 virium
1632 1537 1685 1557 su-

961 1583 1062 1609 arum,
1085 1585 1120 1604 ac
1135 1575 1264 1605 rudium
1280 1575 1412 1606 telorum
1429 1576 1560 1615 pondus

1006 1624 1078 1655 Ver.
1094 1630 1165 1657 968.
1187 1628 1295 1658 subus:
1325 1627 1367 1658 sic
1383 1628 1587 1668 antiquissimi
1602 1628 1686 1659 codi-

964 1685 1024 1714 ces,
1052 1683 1144 1717 atque
1173 1678 1428 1716 emendatissimi,
1461 1680 1496 1709 L.
1528 1680 1577 1710 M.
1609 1690 1686 1720 quos

964 1727 1073 1757 malim
1103 1728 1247 1768 equidem
1277 1739 1338 1767 prae
1367 1730 1496 1767 caeteris,
1522 1730 1687 1770 vulgatum

962 1780 1065 1808 suibus
1080 1788 1145 1808 uno
1161 1789 1314 1809 consensu
1329 1780 1553 1815 exhibentibus,
1569 1780 1686 1811 audire.

965 1830 1015 1860 Sic
1030 1830 1122 1860 bubus
1140 1830 1284 1867 Ovidius,
1298 1837 1370 1860 met.
1386 1831 1446 1861 xiv.
1460 1833 1686 1871 5.-—sylvestrz'-

963 1883 1034 1912 bus:
1053 1881 1096 1911 ita
1110 1881 1228 1920 optime
1244 1882 1284 1911 V.
1301 1881 1347 1912 ed.
1363 1892 1425 1922 quo
1441 1884 1535 1920 probe
1551 1882 1687 1912 declara-

964 1938 1015 1962 tur
1029 1932 1146 1962 animal
1161 1932 1194 1962 in
1206 1933 1343 1962 maxime
1358 1933 1491 1963 horridis
1505 1940 1536 1964 et
1551 1934 1686 1964 imman—

964 1985 1068 2015 suetis.
1116 1984 1232 2024 Vulgo,
1247 1986 1417 2024 sylveslria;
1436 1985 1475 2015 ad
1489 1996 1597 2015 meum
1613 1996 1686 2026 gus-

963 2042 1032 2066 tum
1049 2036 1253 2075 ineptissime:
1280 2047 1337 2066 nec
1354 2036 1537 2076 adjunctum
1560 2038 1686 2076 duplex,

963 2097 1026 2127 quo
1053 2096 1179 2117 sensum
1213 2087 1349 2124 praebeat
1376 2087 1589 2124 efficaciorem,
1622 2098 1686 2118 non

964 2137 1089 2168 adamat
1103 2137 1275 2167 Lucretius.
1298 2136 1463 2177 Virgilius,
1480 2147 1548 2177 geo.
1560 2137 1602 2167 iii.
1613 2141 1685 2169 411.

1095 2218 1241 2243 volutabris
1252 2218 1340 2250 pulsos
1350 2217 1516 2250 sylvestribus
1525 2223 1642 2251 apros—.-

963 2275 1017 2305 ubi
1031 2275 1102 2305 vide
1127 2276 1279 2311 Servium,
1302 2282 1332 2306 et
1354 2286 1424 2315 quae
1439 2286 1496 2306 nos
1509 2276 1585 2306 olim
1601 2276 1685 2307 haud

963 2326 1142 2365 poenitenda
1156 2326 1299 2357 dedImus
1314 2326 1388 2356 ibid.
1412 2337 1472 2356 ver.
1489 2331 1559 2357 247.
1598 2327 1686 2357 Hinc

964 2378 1184 2418 intelligendus
1197 2378 1336 2408 Achilles
1345 2377 1466 2416 Tatius,
1477 2378 1508 2408 ii.
1517 2382 1568 2408 54.
1580 2380 1687 2419 Εξαιφ-

1480 2428 1647 2468 Interpres,
1669 2441 1686 2460 e

965 2480 1064 2521 sylvc‘h
1087 2480 1197 2510 malim
1212 2485 1347 2520 egomet,
1373 2483 1395 2497 “
1413 2481 1496 2519 Aper
1510 2481 1613 2520 sylvoe,
1628 2479 1648 2510 i.
1660 2491 1686 2511 e.

967 2534 989 2549 ‘⁶
1005 2533 1165 2572 sylvestris,
1191 2530 1294 2561 statim
1324 2530 1474 2569 prosilit.'’
1511 2530 1586 2561 Jam
1617 2541 1688 2561 vero

967 2585 1121 2623 sylvestria
1138 2584 1267 2613 membra
1281 2582 1361 2611 nihil
1372 2592 1481 2612 sonare
1491 2588 1598 2621 potest,
1609 2592 1688 2621 prae·

968 2640 1107 2673 terquam
1122 2635 1254 2664 lzomz'nes
1268 2635 1382 2673 sylvam
1399 2635 1560 2663 incolentes
1565 2649 1575 2669 ;
1604 2633 1688 2673 quod

968 2684 1115 2713 frivolum
1145 2693 1181 2713 ac
1204 2693 1466 2723 supervacaneum
1494 2684 1528 2713 in
1550 2684 1690 2714 Lucretii

970 2735 1047 2765 loco.

1010 2787 1089 2818 Ibid.
1113 2790 1312 2829 Setigerisque
1334 2789 1432 2819 subus.
1474 2786 1628 2827 Virgilius
1648 2787 1688 2817 si-

969 2839 1095 2875 militer,
1119 2839 1160 2869 ad
1177 2839 1250 2869 AEn.
1267 2839 1316 2869 vii.
1335 2843 1382 2870 17.

966 2444 1009 2463 νης
1026 2428 1051 2460 δε
1067 2442 1115 2464 avg
1133 2443 1184 2463 τῆς
1204 2430 1274 2463 ὕλης
1291 2428 1432 2471 προπηδᾳ.

1002 2906 1151 2939 setigerique
1162 2913 1226 2937 sim,
1237 2909 1320 2937 atque
1329 2906 1355 2931 in
1368 2905 1542 2938 praesaepibus
1552 2904 1680 2931 ursi—2
