1926 3224
546 696 669 751 AD
719 694 1254 751 LECTOREM.

155 1165 449 1231 TANDEM
468 1188 707 1245 aliquando,
729 1188 851 1230 docte
872 1186 1041 1230 Lector!
1066 1201 1114 1229 ac
1133 1186 1342 1238 benevole,
1360 1201 1453 1230 mea
1468 1187 1641 1231 Lucmz-

149 1278 212 1305 ΤΗ
233 1264 359 1306 editio
377 1265 576 1320 perducta
596 1272 656 1306 est
670 1264 724 1305 ad
746 1264 997 1306 umbilicum.
1039 1262 1096 1304 Et
1116 1270 1241 1313 certe,
1263 1263 1307 1303 in
1327 1262 1408 1303 hoc
1427 1278 1551 1319 opere
1570 1265 1642 1306 ab·

149 1337 342 1379 solvendo
362 1353 524 1380 mecum
544 1347 738 1394 reputans
754 1338 854 1395 quid
870 1337 1087 1389 effecerim,
1104 1336 1292 1378 mihimet
1305 1337 1502 1394 gratulari
1518 1338 1642 1389 soleo,

148 1426 225 1453 nec
245 1412 331 1454 sine
350 1413 557 1468 plausibus
577 1413 701 1455 etiam
722 1422 762 1455 et
782 1412 1068 1463 admiratione,
1090 1410 1202 1468 quod
1221 1411 1266 1452 in
1285 1410 1536 1454 alienissimis
1555 1427 1646 1454 om-

148 1485 266 1527 nium
285 1486 553 1541 temporibus,

273 1631 426 1682 Quippe
445 1632 510 1669 ubi
528 1632 584 1669 fas
603 1644 754 1669 versum
773 1639 890 1682 atque
908 1632 1029 1676 nefas,
1049 1639 1108 1670 tot
1127 1632 1228 1670 bella
1245 1645 1314 1683 per
1332 1633 1478 1679 orbem,

273 1695 370 1732 Tam
388 1695 518 1733 multae
536 1695 725 1733 scelerum
743 1694 862 1733 facies
870 1710 935 1739 3—

150 1853 245 1881 cum
264 1838 502 1894 parcissimo
522 1838 696 1880 divitum
716 1837 964 1893 patrocinio,
985 1837 1104 1879 nullis
1123 1837 1341 1880 doctorum
1362 1839 1642 1883 coHationibus

149 1913 326 1968 adjutus,
349 1911 620 1953 hortamentis
640 1911 758 1953 nullis
780 1912 999 1962 animatus,
1021 1910 1084 1952 vel
1103 1911 1419 1954 obtrectantium
1440 1914 1540 1955 meis
1560 1922 1643 1956 stu-

149 1986 242 2037 diis,
273 1985 336 2027 vel
355 2000 441 2027 non
461 1985 685 2028 faventium
705 1993 745 2027 et
765 1986 984 2027 oscitanter
1012 1985 1348 2040 inspectantium3
1380 1987 1436 2029 sic
1466 1988 1638 2043 positus,

149 2060 333 2116 inquam,
355 2068 477 2116 atque
496 2068 559 2101 tot
584 2059 887 2102 difficultatibus
915 2059 1180 2115 praepeditus,
1213 2059 1266 2102 de
1293 2061 1518 2116 pertinacia
1547 2063 1638 2104 mea

147 2133 439 2190 diligentiaque
459 2148 545 2176 non
574 2149 741 2190 possum
770 2149 856 2176 non
885 2133 1297 2178 honorificentissime
1326 2135 1491 2186 sentire,
1524 2137 1638 2191 quod

149 2223 252 2263 opus
272 2208 479 2265 exegerim
498 2209 695 2263 privatus,
727 2208 861 2265 quale,
890 2209 923 2249 si
944 2208 1007 2249 vel
1026 2211 1192 2266 azgassecaev
1212 2223 1431 2264 operarum
1450 2209 1513 2250 vel
1532 2211 1640 2250 nito-

148 2295 237 2322 rem
257 2290 426 2337 spectes,
458 2297 511 2323 ex
531 2282 703 2323 officinis
724 2283 968 2340 Anglicanis
987 2297 1201 2339 nunquam
1219 2283 1437 2339 prodierit;
1470 2297 1556 2324 non
1586 2298 1640 2325 ex

151 2353 376 2397 Academia
397 2355 533 2397 dicam
553 2355 643 2397 mefi
667 2356 1068 2407 CANTABmeNffl,
1100 2357 1171 2398 sed
1200 2371 1253 2398 ne
1284 2372 1336 2398 ex
1355 2357 1640 2413 typographeo

151 2427 317 2483 quidem
336 2429 404 2470 illo
436 2429 766 2471 OonmNsmm
803 2431 1148 2472 Clarendoniano.
1211 2430 1296 2479 Qui
1330 2430 1547 2471 Musarum
1576 2432 1642 2472 in·-

149 2501 265 2558 genti
286 2502 367 2542 sint
386 2517 525 2544 amore
545 2504 776 2545 medullitus
796 2505 990 2559 percussi,
1019 2512 1141 2560 atque
1159 2503 1456 2545 nobilissimum
1475 2506 1640 2559 poetam

151 2590 275 2630 quam
296 2577 516 2617 castissime
536 2577 783 2629 exhibitum,
805 2578 881 2629 vel,
913 2586 960 2620 ut
979 2592 1122 2620 verum
1142 2578 1301 2634 loquar,
1323 2579 1556 2620 restitutum
1576 2594 1639 2620 re-

149 2648 467 2706 formatumque,
489 2650 613 2691 velint
632 2651 781 2708 legere,
802 2651 847 2692 hi
868 2651 1009 2693 saltem
1029 2666 1142 2692 meos
1163 2651 1322 2693 labores
1341 2667 1427 2694 non
1448 2668 1640 2708 asperna-

149 2722 322 2773 buntur3
356 2731 397 2764 et
415 2723 583 2780 hujusce
604 2724 727 2766 seculi
747 2726 1001 2781 experientia
1025 2725 1274 2781 jamdudum
1292 2725 1401 2778 fecit,
1433 2734 1480 2770 ut
1507 2727 1638 2770 nullos

150 2796 248 2838 alios
266 2796 444 2857 fautores
465 2813 639 2854 sperem:

467 2947 608 2997 Αιτιζων
627 2958 764 2992 among,
786 2965 829 2987 sn
847 2965 962 3001 κοξκς,
982 2947 1037 2988 832
1055 2947 1207 2991 λεςητοις.

851 3023 924 3058 a3
