1926 3224
574 248 807 298 LIBER
855 246 1210 305 QUINTUS.

1575 251 1638 293 63

295 383 403 424 Avia
419 395 546 438 quom
568 380 828 422 Phaethonta
847 394 978 436 rapax
998 380 1057 420 vis
1077 378 1170 420 solis
1189 391 1391 434 equorum

295 456 470 498 AEthere
489 456 664 510 raptavit
684 463 788 505 toto,
817 463 1025 509 terrasque
1044 468 1118 508 per
1138 453 1306 494 omneis.

183 535 264 571 400
295 531 353 571 At
372 538 487 585 pater
507 529 782 583 omnipotens,
803 526 863 567 ira
884 541 979 567 cum
998 528 1175 580 percitus
1202 527 1301 576 acri,

298 602 616 659 Magnanimum
639 598 899 640 Pha'e'th'onta
918 599 1076 653 repenti
1096 598 1276 640 fulminis
1295 600 1379 640 ictu

157 758 216 790 Qua
227 756 291 788 jacit
303 753 562 784 oceanumflammas
574 752 601 777 in
610 756 757 784 utrumque
765 756 879 784 rapaces.-

159 814 212 854 qui
227 812 300 843 satis
314 811 440 852 elegans
454 810 630 840 versiculus
664 809 815 840 Conferas
829 819 880 839 ve-

157 866 212 895 lim
230 863 449 899 Claudianum,
473 861 512 892 de
526 867 625 902 quart.
648 871 731 892 cons.
756 861 879 892 Honor.

158 925 217 946 ver.
233 918 282 946 64.

201 965 281 996 Ibid.
294 964 413 996 Caussa
421 963 492 994 ficta
501 963 646 994 incendii.
654 963 702 993 BE
710 973 758 993 ΝΤ
765 972 847 993 mnu
854 973 879 993 s.

160 1017 332 1056 Nimirum,
349 1017 395 1047 vir
409 1016 553 1057 egregius
568 1015 731 1046 insimulat
745 1015 880 1054 poetam,

157 1069 244 1110 quasi
260 1069 436 1110 nugatoria,
460 1079 517 1099 nec
531 1068 715 1108 philosopho
735 1066 836 1097 sobrio
851 1071 882 1096 et

159 1121 311 1161 prudente
333 1121 440 1162 digna,
462 1120 682 1160 proferentem:
715 1117 769 1149 sed
790 1130 884 1158 argu-

159 1180 303 1210 mentum,
338 1172 423 1213 quod
453 1177 575 1210 vocant,
609 1173 650 1202 ad
679 1172 828 1201 hominem
851 1169 885 1199 in

159 1225 307 1255 Lucretio
320 1235 444 1266 quoque
458 1225 525 1254 sine
540 1223 621 1254 fastu
637 1222 813 1258 toleremus,
840 1221 883 1252 rei

156 1275 307 1315 jejuniori
343 1275 474 1305 hilarem
510 1273 668 1315 quandam
705 1273 883 1303 varietatem

160 1336 363 1367 conspergere
379 1325 533 1362 studente,
550 1331 582 1356 et
595 1324 718 1355 fastidia
733 1324 821 1354 nobis
835 1324 888 1355 de-

165 1377 302 1409 fendere.

205 1440 280 1470 Ver.
294 1443 366 1471 599.
382 1440 509 1470 AEelzere
524 1440 659 1478 raptavit
673 1443 731 1468 toto
743 1439 787 1469 vis
798 1439 887 1468 Avia.

166 1490 206 1520 In
222 1491 307 1521 hunc
322 1489 462 1520 Lucretii
476 1489 581 1519 locum
593 1488 776 1519 crediderim
788 1488 887 1518 Naso-

165 1552 238 1572 nem
254 1541 423 1572 intendisse
438 1540 554 1576 oculos,
571 1540 610 1570 ad
626 1545 697 1570 met.
713 1540 743 1569 ii.
761 1542 831 1570 205.

166 1626 356 1658 Exspatiantur
367 1625 429 1657 equi
439 1633 448 1655 ;
472 1625 600 1655 nulloque
610 1624 760 1653 inhibente,
776 1630 823 1654 per
834 1631 890 1648 oras

166 1667 270 1697 ignotae
282 1665 396 1697 regionis
407 1668 473 1690 eunt
483 1673 491 1694 ;
509 1664 616 1694 quaque
626 1663 743 1694 impetus
753 1662 820 1694 egit,

166 1709 232 1737 Hac,
242 1707 298 1732 sine
309 1707 378 1739 lege,
389 1710 486 1731 ruunt:
505 1706 615 1736 altoque
625 1705 673 1729 sub
685 1704 868 1735 aetherefixas

166 1748 306 1772 lncursant
315 1746 409 1777 stellm,
420 1745 578 1778 rapiuntque
587 1751 635 1776 per
645 1744 714 1768 avia
726 1750 846 1768 currum.

172 1822 221 1852 Sic
235 1832 340 1852 versus
364 1820 575 1852 rescribendos
596 1830 663 1850 esse
685 1829 804 1849 censeo.
850 1817 891 1848 In

169 1873 281 1911 primo,
303 1873 374 1903 libri
388 1872 465 1902 dant
479 1882 590 1902 auras:
617 1870 671 1901 sed
684 1876 761 1910 quot
775 1869 892 1900 vicibus

172 1925 227 1954 has
241 1924 391 1954 dictiones
412 1923 518 1953 scribae
540 1921 737 1957 mutaverint,
761 1920 895 1951 vidimus

171 1975 363 2014 saepiuscule,
385 1980 476 2014 atque
491 1973 649 2003 monitum
663 1973 774 2003 iterare
789 1982 894 2011 super-

171 2026 297 2056 vacanei
313 2025 425 2056 laberis
440 2031 494 2055 est.

219 2076 298 2107 Ibid.
321 2083 475 2116 Ierrosqzce
487 2087 544 2115 per
557 2077 687 2106 omneis:
713 2084 805 2114 super
818 2084 896 2115 quas

172 2128 324 2159 nimirum
339 2128 429 2159 devio
444 2138 537 2158 curru
552 2129 728 2158 vehebatur.

217 2180 288 2210 Ver.
316 2183 387 2210 400.
411 2191 477 2210 cum
487 2193 497 2210 :
522 2179 542 2209 i.
570 2189 595 2210 e.
628 2183 650 2198 “
666 2178 801 2218 percitus
826 2189 895 2209 cum

411 2230 455 2261 sic
481 2236 587 2260 autem
612 2230 726 2270 legitur
751 2230 785 2259 in
809 2228 897 2259 libris

176 2281 346 2311 veterrimis
370 2287 401 2312 et
423 2282 703 2321 incorruptissimis,
730 2280 828 2311 Vind.
852 2280 895 2310 V.

176 2333 224 2363 ed.
241 2333 277 2363 Β.
292 2333 328 2363 L.
346 2334 393 2363 Μ.
408 2334 520 2370 caeteri,
536 2340 598 2364 tum
606 2349 616 2369 ‚·
641 2333 695 2363 sed
710 2331 895 2370 formulam,

177 2385 211 2414 in
226 2383 299 2424 quii,
315 2394 352 2413 ex
361 2385 552 2423 optimorum
568 2385 751 2423 scriptorum
768 2393 898 2413 consue-

177 2437 296 2472 tudine,
328 2438 503 2477 praepositio
531 2438 574 2468 sic
596 2436 826 2478 elegantissime
849 2446 898 2466 re-

179 2488 308 2524 dundet,
323 2498 388 2519 non
403 2499 497 2520 ausus
511 2499 582 2520 sum
596 2495 712 2519 temere
726 2487 898 2528 repudiare.

179 2541 346 2582 Virgilius,
356 2546 392 2571 ut
406 2541 584 2581 exemplum
596 2541 760 2581 proferam,
774 2540 849 2571 AEn.
863 2540 902 2572 vi.

179 2596 251 2623 561.

266 2230 382 2243 .....

241 2675 460 2704 Prensantemque
477 2673 552 2698 uncis
570 2674 692 2699 manibus
708 2672 796 2706 capita
811 2679 902 2705 aspera

333 2713 433 2736 montis

243 2753 316 2776 Ferro
327 2750 542 2776 invasisset—.-

184 2836 216 2861 at
238 2831 360 2870 Cicero,
388 2842 445 2871 pro
475 2833 516 2864 A.
543 2832 678 2869 Caecina,
711 2839 784 2864 sect.
818 2837 907 2864 10..-

185 2884 208 2900 “
223 2882 262 2912 de
286 2893 319 2926 se
341 2888 448 2914 autem
471 2885 529 2914 hoc
552 2884 707 2924 praedicat,
740 2884 906 2920 Antiocho,

187 2936 210 2952 “
230 2933 350 2964 AEbutii
371 2945 466 2972 servo,
489 2936 666 2976 imperasse,
689 2943 725 2968 ut
750 2939 783 2967 z'n
809 2937 907 2968 Caeci-

927 756 949 772 “
966 763 1040 783 nam
1056 755 1262 785 advenientem
1278 752 1441 793 cumfhrro
1457 754 1643 784 invaderet.‘’

926 806 1033 841 Porro,
1050 804 1203 835 nonnulla
1217 815 1254 835 ex
1270 804 1377 834 multis
1392 804 1542 844 exemplis
1557 806 1648 844 phra-

924 867 991 887 seos
1013 856 1062 887 ἰνᾶ
1081 859 1220 897 percitus
1244 856 1422 887 convocavit
1446 857 1648 888 Drakenbor-

923 908 1020 944 chius,
1045 907 1083 937 ad
1099 908 1166 938 Liv.
1182 909 1220 938 vi.
1236 911 1286 938 58.
1304 911 1332 938 8.
1369 907 1521 938 conferas
1544 914 1650 938 autem

925 958 1015 998 Virg.
1034 958 1108 988 AEn.
1123 958 1161 988 vi.
1176 961 1246 989 407.
1263 968 1336 988 cum
1352 958 1443 989 Ovid.
1459 965 1514 989 art.
1531 970 1591 990 am.
1607 959 1649 989 iii.

925 1012 998 1041 503.
1043 1009 1119 1040 Jam
1133 1019 1205 1038 vero
1227 1019 1331 1039 versus
1353 1011 1444 1040 hosce
1468 1010 1652 1050 magnificos

925 1060 993 1090 aliis
1019 1070 1083 1090 non
1107 1060 1213 1090 minus
1239 1059 1414 1100 magnificis
1441 1061 1652 1099 Mantuanus,

925 1111 1072 1143 Lucretio
1087 1121 1207 1150 semper
1221 1110 1359 1148 inhians,
1388 1110 1598 1149 adumbravit3
1622 1117 1653 1141 et

927 1174 1124 1194 summorum
1154 1163 1317 1202 poetarum
1346 1168 1477 1192 conatus
1505 1163 1654 1203 quicquid

929 1222 975 1246 est
997 1216 1164 1246 hominum
1193 1215 1407 1245 venustiorum
1427 1214 1655 1254 jucundissime

926 1267 1040 1297 videbit
1055 1272 1255 1305 comparatos.
1299 1266 1468 1306 Leguntur
1493 1271 1601 1296 autem
1622 1266 1654 1295 in

934 1318 1009 1349 AEn.
1024 1318 1076 1348 vii.
1095 1321 1166 1349 770.

960 1419 1036 1443 Tum
1052 1421 1127 1450 pater
1143 1418 1306 1451 omnipotens,
1322 1419 1439 1450 aliquem
1458 1419 1605 1451 indignatus
1623 1418 1656 1443 ab

1053 1458 1154 1482 umbris

961 1496 1103 1521 Mortalem
1114 1496 1223 1521 infernis
1232 1498 1266 1521 ad
1277 1496 1379 1521 lumina
1389 1504 1496 1529 surgere
1506 1497 1584 1527 vitaz,

965 1538 1022 1568 Ipse
1034 1540 1198 1568 repertorem
1210 1537 1355 1562 medicinae
1367 1538 1436 1567 talis,
1447 1541 1474 1562 et
1485 1537 1559 1567 artis,

963 1575 1074 1599 fulmine
1086 1575 1260 1608 Phoebigenam
1272 1577 1375 1609 Stygias
1385 1577 1498 1601 detrusit
1508 1576 1543 1601 ad
1554 1577 1646 1601 undas.

934 1667 999 1697 Ubi
1013 1667 1093 1697 illud
1114 1669 1193 1698 Tum.
1208 1667 1306 1698 videri
1327 1673 1429 1707 potest
1447 1668 1582 1709 vulgatae
1597 1667 1658 1698 lec-

934 1717 1026 1755 tioni,
1050 1727 1145 1758 quam
1167 1719 1341 1748 emovimus
1368 1720 1525 1755 Lucretio,
1549 1719 1659 1750 suffra-

934 1769 1016 1808 gari;
1041 1769 1096 1799 sed
1111 1770 1151 1799 ob
1166 1769 1370 1809 incipientem
1386 1772 1429 1801 Ac
1444 1771 1572 1801 diversae
1586 1776 1660 1801 sunt

935 1820 1074 1851 locorum
1090 1821 1232 1852 rationes.
1276 1822 1321 1852 Et
1335 1822 1410 1852 editi
1433 1825 1455 1840 “
1472 1825 1504 1852 in
1521 1823 1621 1853 undas
1629 1823 1660 1860 ;”

937 1872 976 1903 de
991 1872 1053 1913 qua
1068 1883 1101 1903 re
1115 1872 1185 1903 vide
1201 1883 1267 1909 nos,
1291 1873 1330 1904 ad
1346 1874 1387 1904 iii.
1402 1877 1477 1904 565.
1500 1874 1566 1904 Nec
1584 1874 1661 1904 Ovi-

938 1924 1019 1961 dius,
1035 1925 1068 1954 in
1084 1926 1143 1954 hoc
1154 1931 1346 1965 argumento,
1354 1932 1503 1964 versatus,
1519 1932 1661 1956 nostrum

938 1976 1087 2015 praeteriit
1100 1976 1342 2015 inobservatum,
1366 1982 1439 2007 met.
1455 1977 1486 2006 ii.
1500 1980 1572 2007 504.

940 2062 974 2085 At
980 2064 1055 2093 pater
1066 2061 1226 2093 omnipotem‚
1242 2068 1349 2093 superos
1360 2064 1483 2091 testatu3‚
1495 2065 1524 2086 et
1533 2062 1632 2093 ipsum,

938 2099 991 2131 Qui
1003 2100 1112 2125 dederat
1123 2107 1296 2131 currus—5

939 2142 1063 2164 Intonat:
1082 2143 1110 2165 et
1121 2141 1220 2165 dextra
1232 2140 1357 2165 libratum
1368 2140 1473 2165 fulmen
1484 2140 1517 2164 ab
1528 2146 1592 2165 aure

938 2180 1009 2205 Misit
1019 2180 1046 2204 in
1057 2181 1177 2213 aurigam
1184 2190 1192 2212 3
1211 2181 1364 2213 pariterque
1375 2180 1529 2212 animaque,
1540 2180 1663 2211 rotisque,

939 2220 1121 2252 Expulit—-

983 2295 1058 2325 Ver.
1074 2298 1145 2326 401.
1163 2297 1370 2326 Plza'e'tlzonta:
1390 2294 1486 2325 Vind.
1497 2297 1641 2335 plzetoma
1649 2309 1661 2331 ,-

941 2346 983 2377 V.
998 2345 1048 2377 ed.
1066 2348 1411 2386 plzaetonta.—-repewzti.·
1439 2352 1484 2376 Ω.
1498 2353 1628 2386 repente.

985 2406 1066 2437 Ibid.
1077 2407 1315 2447 M'agnam'mum
1329 2408 1518 2438 Phaethonta
1526 2420 1536 2437 :
1549 2406 1593 2437 ita
1601 2406 1665 2437 dic-

944 2462 1014 2487 tum
1029 2457 1155 2496 scilicet,
1179 2458 1252 2499 quia
1265 2458 1436 2498 patriorum
1451 2468 1603 2498 equorum
1618 2468 1666 2488 re-

945 2509 1054 2549 gimen
1069 2509 1126 2539 sibi
1144 2519 1269 2548 poscere
1283 2519 1348 2539 non
1362 2509 1555 2539 dubitaverit.
1578 2509 1667 2539 Hinc

948 2559 1090 2596 Ovidius,
1117 2566 1190 2590 met.
1205 2560 1237 2590 ii.
1255 2564 1325 2590 111.
1352 2560 1385 2590 in
1410 2559 1480 2590 loco
1504 2559 1668 2590 laetissimis

943 2611 1043 2641 verbis
1057 2611 1166 2642 florido
1171 2624 1181 2650 3
1196 2622 1290 2653 quem
1306 2612 1393 2642 nefas
1407 2619 1487 2642 esset
1500 2611 1663 2642 mutilare:

960 2697 1087 2728 Dumque
1095 2702 1126 2722 ea
1131 2696 1310 2729 magnanimus
1319 2696 1448 2722 Phaethon
1457 2697 1581 2727 miratur,
1591 2702 1668 2729 opus-

1073 2743 1108 2761 ue

961 2743 1098 2808 Perspigit,
1108 2782 1170 2802 ecee
1182 2776 1189 2801 !
1209 2776 1273 2809 vigil
1283 2776 1363 2802 rutilo
1374 2776 1503 2809 patefecit
1512 2776 1546 2800 ab
1557 2778 1619 2801 ortu

963 2818 1109 2848 Purpureas
1118 2817 1222 2842 Aurora
1231 2817 1312 2847 fores,
1322 2820 1350 2842 et
1361 2815 1440 2849 plena
1452 2822 1573 2841 rosarum

965 2859 1109 2885 Atria-—.

996 2934 1075 2966 ibid.
1097 2936 1215 2975 repenti
1227 2934 1377 2975 fialminis
1392 2935 1472 2966 ictu:
1498 2934 1519 2963 i.
1535 2943 1563 2964 e.
1588 2931 1670 2962 subi-
