1926 3224
281 283 343 320 34·

767 275 826 321 T.
869 273 1246 321 LUCRETII

305 407 388 444 240
417 404 555 446 Debet
575 402 717 443 eadem
737 401 871 441 omnis
890 400 1035 441 mundi
1055 408 1203 441 natura
1221 401 1369 455 putari.

419 478 585 531 Quippe
605 482 645 515 et
664 474 790 525 enim,
820 488 996 530 quorum
1014 474 1165 529 parteis
1185 481 1225 515 et
1245 473 1431 515 membra
1448 475 1646 529 videmus,

420 550 606 604 Corpore
625 549 779 598 nativo,
801 549 845 589 in
864 547 1102 590 mortalibus
1123 563 1207 590 esse
1227 547 1383 605 figuris,

418 623 529 665 Haec
549 622 691 664 eadem
709 622 836 663 ferme
855 622 1042 664 mortalia
1061 621 1264 663 cernimus
1285 637 1384 672 esse,

419 697 475 738 Et
494 697 633 738 nativa
652 696 785 737 simul:
819 704 1068 751 quapropter
1087 711 1282 738 maxuma
1300 696 1445 738 mundi

303 776 385 811 245
418 771 559 820 Quom
579 771 738 811 videam
758 770 958 820 membra,
980 785 1027 810 ac
1046 771 1212 824 parteis,
1234 778 1489 825 consumpta,
1510 770 1690 829 regigni;

419 845 534 886 Scire
551 844 659 893 lieet,
681 843 771 883 coeli
791 857 954 898 quoque
972 843 1070 884 item
1091 851 1291 898 terraeque
1310 843 1431 884 fuisse

417 916 662 971 Principiale
681 915 847 972 aliquod
867 925 1042 971 tempus,
1065 917 1300 973 clademque
1319 917 1510 959 futuram.

272 1079 394 1120 Vulgo,
422 1081 603 1110 animorum.
647 1079 762 1110 Noster
793 1080 892 1110 Carus
920 1082 992 1111 vitio

271 1130 371 1161 utitur
385 1129 424 1160 de
438 1129 529 1160 malis
542 1132 699 1170 corporeis,
715 1130 755 1160 ad
764 1130 808 1161 iii.
821 1134 891 1161 755.
909 1131 993 1173 (vide

275 1180 425 1216 Gellium,
440 1181 480 1211 iv.
495 1180 540 1220 2.)
556 1186 592 1211 ut
608 1180 760 1222 Virgilius
775 1183 906 1221 culpam,
922 1192 989 1222 geo.

272 1231 316 1261 iii.
334 1234 406 1262 468.
428 1241 486 1261 nec
500 1241 564 1261 non
586 1231 639 1261 alii
654 1232 825 1273 utrobique.
872 1233 904 1262 Si
920 1243 993 1263 vero

274 1292 386 1322 pergas
413 1281 563 1321 diffidere,
594 1283 686 1313 adeas
716 1289 858 1314 nostrum
888 1283 927 1314 ad
953 1284 992 1314 vi.

275 1335 367 1364 1096.
386 1336 475 1364 1097.
497 1333 551 1374 qui
572 1333 629 1364 tibi
651 1333 778 1364 tandem
799 1334 904 1365 demet
924 1345 992 1365 om-

272 1393 346 1413 nem
362 1382 595 1414 dubitationem.

271 1436 381 1472 Porro,
397 1437 453 1467 has
463 1447 567 1467 rerum
578 1439 720 1468 materies
736 1439 854 1469 Lucius
871 1440 990 1478 Ampe-

269 1488 331 1518 lius
341 1488 384 1518 sic
395 1489 557 1525 enarravit,
574 1500 638 1528 cap.
649 1491 668 1519 i.
688 1494 709 1508 “
723 1490 889 1520 Elementa
900 1500 992 1520 mun-

270 1539 343 1569 “di
358 1546 503 1579 quatuor:
534 1542 625 1579 ignis,
649 1550 686 1570 ex
710 1551 772 1581 quo
793 1547 839 1570 est
862 1541 992 1578 coelum3

270 1593 294 1608 “
309 1600 403 1629 aqua,
425 1600 462 1619 ex
484 1590 546 1630 qua
568 1601 655 1621 mare
675 1601 844 1629 oceanum;
867 1595 930 1630 αὲν,
953 1601 991 1622 ex

270 1645 293 1660 “
310 1653 372 1684 quo
402 1643 496 1679 venti,
525 1648 738 1682 tempestates:
771 1650 866 1681 terra,
894 1653 991 1683 quam

270 1698 293 1713 “
309 1701 432 1734 propter
457 1694 591 1724 formam
617 1694 684 1734 ejus
708 1695 815 1724 orbem
837 1700 990 1724 terrarum

270 1750 294 1765 “
310 1745 536 1786 appellamus.”

312 1798 385 1828 Ver.
402 1801 474 1827 240.
498 1795 618 1827 effidem:
644 1796 663 1825 i.
680 1807 705 1826 e.
728 1799 752 1815 “
769 1796 883 1827 Omnis
898 1803 988 1827 natu-

267 1852 290 1867 “
306 1858 341 1878 ra
355 1847 468 1878 mundi
482 1846 573 1877 debet
595 1846 702 1877 eidem
722 1846 771 1878 υἰᾶ
788 1848 890 1886 putari
905 1850 987 1878 naei-

271 1902 294 1918 “
309 1910 344 1930 υα
360 1905 388 1929 et
410 1898 588 1929 mortalis:”
611 1898 723 1938 quibus
745 1898 824 1928 nihil
846 1898 987 1929 luculen-

269 1951 339 1986 tius,
355 1956 409 1980 aut
419 1949 503 1990 quod
514 1949 686 1979 orationem
698 1950 919 1980 Lucretianam
934 1961 986 1989 pe-

268 2002 364 2032 nitius
379 2001 519 2040 resipiat;
541 2000 648 2031 redeas
669 2000 709 2031 ad
731 2001 762 2031 ii.
784 2005 856 2033 853.
872 2008 903 2032 et
918 2001 989 2032 vide

268 2055 398 2086 Pacuvii
425 2055 637 2095 fragmentum
665 2066 738 2086 mox
765 2056 804 2086 ad
826 2066 886 2086 ver.
915 2060 987 2087 321.

269 2107 320 2136 Sic
334 2112 440 2136 autem
455 2106 603 2145 scriptum
618 2113 664 2136 est
678 2107 711 2136 in
721 2107 871 2137 universis
882 2117 987 2137 exem-

265 2156 411 2196 plaribus,
436 2163 562 2196 excepto
589 2157 636 2187 M.
654 2157 738 2197 quod
759 2157 799 2188 ad
821 2159 905 2188 hunc
920 2167 988 2188 mo-

266 2207 343 2238 dum
357 2208 466 2238 variat:

358 2288 444 2312 Debet
455 2287 533 2311 omnis
544 2286 608 2311 idem
619 2287 784 2312 mundi—.

262 2364 340 2396 Jam
353 2374 426 2394 vero
451 2364 572 2394 mireris
593 2363 755 2395 audaciam
778 2370 810 2395 et
830 2365 985 2396 inscitiam

263 2415 428 2452 editorum,
452 2425 574 2446 versum
596 2425 634 2445 ex
655 2415 712 2446 sua
734 2416 857 2447 officina
871 2417 914 2447 sic
935 2427 982 2447 re-

262 2477 372 2498 cusum
386 2467 601 2498 referentium:

324 2547 409 2571 Debet
421 2550 472 2571 tota
483 2545 568 2570 eadem
579 2546 674 2571 mundi
684 2550 779 2571 natura
789 2547 887 2578 putari.

263 2615 338 2645 Non
353 2614 442 2645 aliter
456 2616 580 2646 exhibet
594 2626 677 2652 sane,
700 2615 725 2646 si
740 2615 878 2647 collatori
894 2615 980 2655 fides,

262 2668 514 2699 Vindobonensis
538 2669 650 2700 codex:
683 2668 735 2700 sed
755 2669 810 2699 illa
833 2669 909 2700 fides
930 2669 981 2700 isti

261 2718 397 2750 collatori
413 2720 543 2751 minime
566 2719 742 2751 adhibenda
763 2725 809 2750 est
829 2721 888 2751 hoc
903 2726 982 2751 tem-

260 2778 343 2808 pore.

301 2818 377 2849 ver.
400 2823 471 2850 242.
494 2821 631 2851 Versum
656 2823 741 2852 hunc
766 2823 810 2853 ita
833 2823 982 2864 scriptum

259 2869 406 2901 exhibent
420 2879 602 2902 communes
617 2872 779 2904 editiones:

305 2958 423 2990 Corpore
434 2961 526 2985 nativo
538 2962 561 2984 et
573 2960 730 2986 mortalibus
740 2967 794 2986 esse
804 2960 910 2993 figuris:

1035 1090 1134 1121 quum
1149 1090 1220 1110 vero
1232 1079 1312 1110 illud
1331 1086 1359 1111 et
1381 1079 1579 1110 arbitrarium
1593 1079 1640 1116 sit,
1665 1085 1757 1122 atque

1036 1131 1162 1162 vetustis
1187 1131 1414 1171 exemplaribus
1436 1131 1593 1172 ignotum,
1622 1141 1681 1162 nos
1702 1141 1757 1172 ag-

1035 1182 1130 1223 gressi
1146 1193 1254 1212 sumus
1271 1181 1332 1212 alia
1347 1181 1396 1212 via
1411 1192 1476 1213 rem
1486 1194 1496 1220 ;
1508 1192 1566 1212 nec
1577 1181 1759 1213 violentiam

1036 1233 1201 1264 minimam
1221 1233 1347 1274 quidem
1363 1233 1553 1263 membranis
1568 1232 1709 1269 fecimus,
1732 1232 1758 1263 si

1036 1285 1188 1315 rationem
1224 1284 1382 1324 scripturae
1414 1284 1596 1325 antiquioris
1624 1285 1751 1315 habeas:

1036 1346 1110 1365 nam
1126 1335 1163 1366 P.
1178 1337 1279 1366 nativo
1295 1337 1516 1366 immortalibus
1520 1349 1531 1370 ,·
1549 1335 1638 1365 nobis
1651 1333 1757 1365 revera

1036 1386 1114 1416 nihil
1129 1386 1326 1416 dissentiens:
1353 1385 1453 1416 vind.
1472 1386 1513 1416 V.
1529 1385 1576 1416 ed.
1599 1385 1637 1416 B.
1661 1390 1696 1415 Δ.
1714 1391 1754 1416 Π.

1037 1442 1071 1468 Σ.
1090 1444 1134 1468 Ω.
1149 1441 1287 1470 nativum
1303 1440 1480 1469 mortalibus
1486 1454 1497 1475 ;
1513 1437 1532 1468 i.
1549 1447 1574 1467 e.
1589 1439 1692 1468 nativo
1708 1438 1753 1473 in,-

1037 1487 1121 1517 unde
1136 1490 1268 1518 ηαιιύοηι
1292 1487 1410 1517 factum
1426 1492 1484 1523 est,
1505 1491 1536 1516 et
1558 1495 1650 1525 porro
1671 1488 1756 1516 nati·

1035 1542 1077 1574 υό,
1094 1541 1211 1575 nativo‚·
1236 1541 1269 1569 in
1290 1548 1416 1577 prorsus
1438 1537 1615 1568 obliterato:
1645 1537 1681 1567 L.
1696 1548 1754 1568 mz-

1035 1591 1124 1620 tivom
1141 1591 1337 1625 mortalibus‚·
1361 1589 1408 1618 M.
1424 1590 1561 1620 nativum
1577 1589 1753 1624 molamus,-

1036 1640 1075 1670 Ο.
1091 1643 1192 1671 nativo
1208 1641 1393 1671 mortalibus.

1078 1698 1150 1729 Ver.
1165 1703 1234 1730 245.
1250 1701 1371 1730 eadem:
1393 1699 1479 1728 abest
1493 1698 1537 1728 V.
1553 1697 1644 1728 ed.—
1657 1710 1752 1729 erme:

1035 1755 1069 1780 A.
1085 1750 1191 1791 forma
1200 1766 1211 1786 ,-
1243 1760 1306 1780 non
1332 1750 1463 1779 omnino
1486 1749 1570 1779 mala
1593 1750 1754 1781 varietate:

1033 1812 1126 1842 quam
1143 1808 1247 1832 tamen
1263 1801 1389 1831 librario
1411 1800 1633 1840 adscripserim,
1655 1807 1756 1840 potes-

1033 1859 1127 1882 tatem
1144 1851 1285 1882 vocabuli
1297 1852 1400 1893 firme
1425 1852 1459 1882 in
1481 1853 1540 1882 hoc
1561 1851 1630 1882 loco
1651 1853 1756 1884 minus

1032 1914 1223 1944 concoquere
1251 1903 1374 1935 valenti.
1420 1906 1529 1936 Ferme
1559 1913 1642 1942 vero,
1672 1904 1756 1945 quod

1033 1954 1178 1994 exprimit
1192 1954 1361 1985 formulam
1373 1955 1558 1985 Graecorum
1567 1954 1679 1995 σχεδον,
1690 1955 1755 1986 vim

1032 2007 1123 2036 habet
1142 2007 1181 2037 ab
1204 2007 1370 2037 universali
1390 2005 1599 2045 propositione
1620 2006 1754 2046 quadam

1029 2060 1197 2098 generalem
1224 2057 1445 2089 tantummodo
1469 2057 1696 2098 distinguendi:
1722 2064 1753 2089 et

1031 2110 1158 2140 arbitrer
1185 2110 1310 2149 po'e'tam
1337 2110 1381 2140 sic
1409 2115 1498 2140 caute
1520 2109 1616 2150 loqui,
1647 2120 1683 2140 ac
1705 2120 1751 2141 re-

1030 2161 1144 2198 stricte,
1167 2162 1240 2202 quia
1262 2168 1335 2192 sunt
1356 2171 1492 2201 corpora,
1516 2171 1586 2202 quae
1607 2160 1691 2192 nasci
1707 2162 1751 2192 vi·
1768 2193 1771 2196 ,

1031 2212 1142 2244 demus
1156 2213 1234 2243 etin
1249 2213 1353 2244 lucem
1372 2212 1521 2252 protrahi,
1544 2222 1680 2252 quorum
1700 2212 1750 2243 in·

1029 2265 1139 2296 teritus
1154 2275 1211 2295 nos
1225 2265 1320 2295 lateat
1325 2277 1335 2303 ;
1359 2271 1389 2296 et
1403 2264 1464 2295 alia
1477 2264 1611 2295 vicissim
1625 2264 1751 2295 interire

1029 2316 1183 2352 novimus,
1220 2326 1356 2358 quorum
1384 2315 1509 2347 exortus
1550 2324 1615 2345 non
1651 2315 1750 2346 simus

1028 2377 1151 2398 consen.

1070 2426 1143 2458 Ver.
1160 2430 1230 2457 244.
1251 2429 1374 2458 nativa:
1400 2427 1442 2457 V.
1457 2426 1505 2457 ed.
1525 2431 1639 2457 natura
1645 2441 1657 2463 ‚·
1679 2425 1747 2456 lite-

1026 2477 1066 2507 ris
1081 2489 1119 2508 ur
1135 2484 1166 2508 et
1180 2481 1209 2509 iv
1220 2477 1409 2518 permutatis.
1454 2477 1506 2508 De
1520 2476 1587 2516 pari
1600 2482 1632 2507 et
1645 2475 1747 2507 omni-

1024 2539 1067 2559 no
1088 2529 1223 2570 gemella
1247 2529 1487 2569 permutatione,
1513 2528 1664 2559 nimirum
1691 2540 1746 2558 των

1024 2591 1062 2610 ur
1077 2587 1108 2611 et
1123 2583 1167 2619 in,
1189 2581 1259 2612 vide
1282 2579 1590 2617 Drakenborchium,
1619 2577 1660 2608 ad
1678 2577 1745 2608 Liv.

1025 2631 1089 2661 viii.
1107 2635 1156 2662 20.
1173 2635 1201 2662 7.

1069 2682 1141 2713 Ver.
1158 2685 1229 2715 245.
1251 2695 1306 2715 ac:
1334 2690 1376 2714 Π.
1396 2681 1616 2720 et.—regigni:
1644 2686 1686 2711 Π.
1709 2683 1743 2711 Σ.

1025 2735 1136 2773 regini.

1069 2784 1142 2814 Ver.
1162 2788 1235 2815 246.
1253 2784 1352 2825 Lego,
1367 2784 1446 2814 icem.
1472 2781 1522 2812 Sic
1536 2786 1641 2812 noster
1655 2780 1689 2811 in
1704 2780 1742 2811 vi.

1027 2837 1097 2866 756.

1056 2914 1087 2938 ln
1101 2913 1175 2944 syria
1186 2919 1280 2946 quoque
1290 2912 1377 2938 fertur
1388 2911 1445 2937 item
1453 2911 1528 2937 locus
1538 2916 1663 2936 esse-—.

1520 2951 1711 2982 Beuumu
1718 2959 1742 2980 s.
