1926 3224
52 2970 75 3001 Ι

605 277 838 328 LIBER
885 244 1250 335 QUINTUS.
1598 280 1624 321 7

283 413 502 470 Aureaque
524 412 805 468 Hesperidum
825 424 988 452 servans
1006 408 1202 466 fulgentia
1219 406 1340 457 mala,

282 488 433 543 Asper,
455 488 602 529 acerba
620 495 753 536 tuens,
775 485 932 525 inmani
952 498 1142 538 corpore,
1164 495 1345 537 ser-pem,

199 566 251 604 35
284 563 457 603 Arboris
476 561 686 614 amplexus
706 559 890 612 stirpem,
917 557 1018 611 quid
1038 556 1214 611 denique
1233 556 1407 603 obesset,

283 636 459 689 Propter
479 632 719 674 Atlanteum
737 631 846 680 litus,
868 628 1083 685 pelagique
1103 643 1256 676 severa,

282 708 381 757 Quo
399 722 533 763 neque
551 714 690 747 noster
710 705 796 746 adit
815 704 1045 760 quisquam,
1066 717 1143 743 nec
1161 701 1360 742 barbarus
1381 698 1523 742 audet?

138 885 338 912 evanesceret.
378 880 447 910 Nec
461 879 567 910 minus
580 879 712 910 breviter
728 877 859 908 Martia-

136 931 174 962 lis
187 942 254 963 rem
269 931 410 967 confecit,
424 931 459 961 in
472 931 513 962 ix.
533 934 600 961 104.
618 933 646 961 7.

163 1014 317 1047 AEripedem
327 1014 407 1047 sylvis
417 1021 540 1044 cervum,
552 1014 735 1047 Stymphalidas
742 1014 831 1045 undis,

198 1054 329 1080 Abstulit:
347 1061 363 1079 a
374 1053 466 1086 Stygii
476 1061 540 1078 cum
551 1060 617 1079 cane
628 1053 704 1079 venit
719 1053 800 1084 aqua.

140 1129 310 1168 Caeterum,
335 1131 391 1160 has
412 1140 483 1160 aves
503 1129 613 1169 pennis
630 1129 863 1171 jaculatficibus

138 1180 350 1212 formidabiles
364 1181 459 1212 fuisse
481 1181 552 1211 satis
573 1181 684 1222 liquet,
707 1181 761 1211 sed
775 1183 863 1212 uncis

136 1234 291 1273 unguibus
313 1235 463 1264 timendas
485 1243 640 1273 nusquam
653 1232 728 1273 legi,
753 1243 863 1273 quam-

139 1283 185 1313 vis
198 1283 354 1324 inquirere
375 1294 440 1314 non
462 1283 646 1314 distulerim.
691 1283 751 1314 Ille
768 1283 865 1324 igitur

140 1335 316 1372 versiculus,
332 1346 426 1376 quem
441 1346 498 1366 nos
512 1335 635 1365 uncinis
652 1335 800 1366 duximus
815 1336 863 1365 in-

139 1387 344 1427 cludendum,
366 1388 498 1419 omnino
517 1394 563 1419 est
576 1394 682 1419 nostro
697 1388 795 1428 po'e'tae
809 1389 863 1419 ab·

139 1439 338 1480 judicandus.

186 1499 260 1530 Ver.
275 1503 326 1530 53.
347 1510 485 1531 servans:
512 1499 552 1530 V.
567 1500 614 1530 ed.
637 1506 768 1531 ειν-τιστις.
805 1500 865 1530 Ni-

142 1549 276 1588 mirum,
297 1560 377 1589 saepe
399 1550 577 1580 consimiles
592 1557 674 1587 sunt,
697 1551 731 1580 in
745 1551 865 1581 minus-

142 1601 213 1632 cula
229 1601 389 1640 scriptura,
411 1601 509 1630 literae
522 1613 538 1632 e
561 1608 592 1631 et
605 1602 752 1632 t.-N10x
769 1608 813 1633 Ω.
833 1603 866 1632 in

146 1663 248 1688 manu,
264 1652 331 1681 vice
345 1654 475 1682 inmani.

186 1712 260 1742 Ver.
276 1715 326 1742 54.
350 1712 459 1752 Asper,
485 1711 594 1742 acerba
619 1717 716 1742 tuens.
760 1711 867 1752 Virgi-

142 1764 215 1802 lius,
231 1774 305 1795 cum
318 1762 451 1794 minima
465 1762 646 1802 variatione,
661 1763 820 1794 transtulit
833 1765 867 1794 in

144 1826 210 1858 geo.
226 1816 268 1847 iii.
288 1819 357 1848 149.

237 1893 327 1924 Asper,
337 1891 426 1917 acerba
435 1897 604 1917 sonans—:

145 1977 240 2008 quem
265 1966 372 1997 locum
397 1967 571 1998 Lambinus
600 1966 694 1998 etiam
717 1968 868 2007 apposuit.

147 2020 230 2050 Cum
269 2018 358 2049 nulla
393 2025 499 2050 autem
534 2019 800 2059 dissimilitudine,
836 2021 870 2050 in

149 2070 224 2101 AEn.
239 2070 280 2100 ix.
296 2072 367 2102 794.

237 2163 545 2170 —-—-———
556 2154 585 2176 at
595 2152 703 2177 territus
712 2152 766 2183 ille,

240 2191 329 2222 Asper,
339 2189 427 2214 acerba
442 2191 525 2221 luens,
536 2195 608 2216 retro
618 2192 758 2217 redit—-

150 2265 295 2297 Valerius
308 2266 448 2303 Flaccus
464 2265 508 2297 iii.
524 2269 596 2298 229.

274 2353 369 2384 Saevit‚
384 2353 473 2378 acerba
481 2354 666 2386 fremens—.

194 2425 275 2458 Ibid.
306 2428 406 2466 Asper
442 2429 565 2458 inmani
593 2438 715 2467 corpore
746 2438 875 2467 serpens.

153 2479 246 2511 Idem
262 2479 469 2518 Mantuanus,
486 2480 563 2511 AEn.
577 2480 639 2511 viii.
653 2483 725 2511 550.

152 2564 228 2589 Tum
239 2569 324 2595 reges,
334 2566 460 2596 asperque
469 2563 568 2589 inmani
577 2567 675 2596 corpore
685 2564 873 2596 Thybris—.

192 2637 269 2668 Ver.
285 2640 337 2669 55.
360 2639 505 2669 Arboris:
531 2638 573 2669 V.
588 2638 636 2670 ed.
655 2640 877 2671 Arboribus.—

151 2691 292 2729 stirpe‘m:
325 2689 362 2719 P.
387 2691 519 2729 stipite&
545 2689 642 2720 vind.
668 2692 811 2731 stirpem,-
835 2691 877 2721 V.

153 2740 201 2771 ed.
228 2747 269 2771 n.
292 2745 329 2772 Σ.
353 2751 490 2781 sewen&
516 2745 550 2771 Δ.
575 2747 620 2771 Ω.
646 2743 761 2782 stirpes.
806 2741 879 2773 Vox

154 2791 243 2822 deest
272 2791 312 2822 Ο.
339 2791 544 2822 Recitationis
569 2797 676 2823 autem
699 2802 818 2823 errores
846 2793 880 2823 hi

154 2842 309 2873 videntur.

197 2902 280 2934 Ibid.
295 2906 421 2944 Serpens
436 2905 563 2937 Arboris
577 2907 732 2947 amplexus
746 2907 879 2947 stirpem.

159 2953 336 2993 Euripides,
351 2955 448 2988 Herc.
462 2955 523 2988 fur.
538 2960 611 2989 598.

202 3011 291 3043 Vox..
310 3013 377 3044 ΙΙΙ.

983 879 1123 912 Δρακοντοι
1135 886 1290 912 πυρσονωτον,
1311 876 1334 903 ὃς

986 926 1109 950 lla->mov
1123 928 1277 958 αμφελικτος
1291 921 1352 949 ἕλικ’
1366 929 1452 957 εφρερει

985 975 1139 998 Ram—2

906 1051 960 1082 ubi
975 1061 1033 1081 nos
1051 1050 1186 1081 videndi.
1231 1050 1398 1080 Lucanum
1423 1057 1518 1078 nemo
1541 1044 1633 1076 imel-

905 1103 992 1140 lexit‚
1007 1102 1047 1132 ad
1063 1103 1171 1133 Phars.
1186 1101 1230 1131 iii.
1247 1104 1321 1131 421.

1223 1187 1283 1217 Jam
1293 1185 1367 1209 fama
1377 1183 1491 1212 ferebat,

938 1230 1014 1259 Saepe
1024 1233 1102 1251 cavas
1112 1229 1192 1250 motu
1202 1228 1283 1250 terrae
1295 1223 1402 1254 mugire
1412 1227 1549 1250 cavernas,

938 1269 971 1291 Et
982 1267 1190 1298 procumbentes
1202 1265 1301 1290 iterum
1313 1268 1474 1294 consurgere
1484 1265 1575 1290 taxos,

938 1308 970 1330 Et
982 1312 1036 1330 non
1048 1304 1164 1330 ardentis
1173 1304 1278 1336 fulgere
1289 1302 1412 1327 incendia
1421 1302 1518 1333 sylvae,

937 1344 1088 1376 Roboraque
1099 1343 1228 1376 ampleon
1238 1341 1431 1373 circumflexisse
1441 1340 1571 1365 dracones.

909 1430 960 1460 De
982 1428 1131 1469 prodigiis
1153 1427 1270 1458 scilicet
1298 1435 1421 1457 summe
1449 1422 1636 1464 portentosis

908 1481 999 1519 po'e'ta
1012 1480 1169 1521 loquitur3
1189 1485 1221 1509 et
1236 1479 1290 1517 ait,
1309 1482 1331 1497 “
1350 1479 1486 1508 Arbores
1500 1486 1532 1506 se
1548 1474 1635 1505 vicis-

911 1535 932 1549 “
948 1531 1008 1560 sim
1039 1531 1120 1561 circa
1141 1530 1290 1561 dracones
1312 1529 1382 1559 illos
1413 1528 1548 1565 flexisse,
1584 1525 1637 1566 qui

913 1585 935 1620 ‘5
951 1582 1119 1622 cingebant
1139 1581 1255 1621 ipsas.'‘
1303 1581 1436 1620 Legitur
1459 1579 1554 1608 etiam
1574 1580 1636 1608 cir-

911 1634 1108 1675 cumfulsisse,
1153 1638 1245 1673 atque
1281 1632 1539 1672 circungfluxz'ssffl
1586 1628 1641 1658 sed

911 1684 1096 1723 scripturam
1117 1688 1255 1713 nostram
1279 1681 1400 1712 codices
1422 1680 1527 1721 plures
1552 1678 1639 1709 exhi—

911 1738 996 1772 bent,
1028 1742 1059 1765 et
1087 1746 1170 1765 unus
1195 1734 1321 1774 optimae
1343 1740 1426 1763 notae
1447 1738 1585 1762 vetustus
1606 1731 1641 1761 in

911 1786 1094 1819 Academiae
1139 1783 1406 1827 Cantabrigiensis
1452 1781 1640 1812 bibliotheca

911 1838 1044 1879 publica,
1063 1838 1152 1868 nobis
1167 1836 1305 1867 collatus.
1350 1834 1442 1865 Nihil
1456 1840 1562 1864 autem
1577 1832 1640 1863 ele-

912 1892 1048 1932 gantius,
1063 1896 1118 1921 aut
1132 1889 1259 1929 optimis
1272 1887 1373 1927 po'etis
1387 1886 1554 1926 acceptius,
1574 1895 1641 1915 ver-

912 1944 959 1975 bis
972 1941 1191 1984 hujuscemodi
1204 1941 1239 1971 in
1261 1939 1402 1970 absoluto
1417 1949 1509 1969 sensu
1524 1937 1642 1977 positis.

915 1995 1047 2026 Utinam
1061 1993 1117 2028 illi,
1140 1992 1195 2033 qui
1211 1992 1451 2032 circumfluxisse
1466 1989 1641 2027 ediderunt,

914 2047 1004 2078 nobis
1025 2046 1185 2082 dixissent,
1209 2044 1360 2086 quidnam
1382 2044 1422 2073 sit
1442 2041 1640 2073 miraculum.

916 2100 1008 2130 Idem
1023 2099 1172 2130 Lucanus
1186 2097 1225 2128 de
1238 2098 1298 2127 hoc
1316 2101 1458 2136 serpente,
1477 2094 1517 2124 ad
1533 2094 1643 2124 Phai-s.

915 2151 956 2181 ix.
985 2154 1058 2182 364.
1090 2149 1218 2180 solitum
1243 2146 1367 2177 vivendi
1395 2155 1518 2175 morem
1546 2153 1643 2175 asscr-

917 2208 1025 2233 vante:

917 2299 979 2307 —
988 2292 1128 2316 nunquam
1139 2290 1234 2309 somno
1246 2283 1390 2307 damnatus
1402 2279 1503 2305 lumina
1514 2282 1623 2311 serpens,

918 2326 1013 2351 Robora
1023 2325 1177 2357 complexus,
1189 2323 1270 2348 rutilo
1281 2325 1394 2347 curvata
1403 2319 1554 2345 metall0—.

963 2405 1039 2436 Ver.
1053 2408 1105 2435 56.
1129 2405 1259 2442 Propter
1275 2401 1452 2432 Atlanteum
1460 2411 1470 2428 .·
1496 2397 1533 2427 P.
1547 2395 1646 2427 vind.

920 2457 960 2488 V.
982 2457 1030 2488 ed.
1046 2457 1084 2487 B.
1109 2462 1152 2486 11.
1177 2459 1213 2486 Σ.
1239 2454 1391 2485 Oceanum
1410 2455 1551 2490 propter:
1575 2457 1646 2488 quae

918 2508 1052 2549 vulgatis
1073 2504 1228 2547 elegantia
1250 2503 1330 2533 nihil
1352 2501 1478 2539 cedunt,
1502 2505 1533 2530 et
1549 2499 1649 2531 Juve-

918 2560 1025 2591 nalem
1037 2558 1182 2590 videntur
1195 2557 1309 2586 habere
1323 2552 1571 2594 suffragatorem,
1591 2556 1647 2583 sat.

919 2612 960 2642 xi.
979 2615 1046 2642 115.

920 2699 1100 2730 Templorum
1110 2702 1219 2729 quoque
1227 2696 1351 2727 majestas
1360 2692 1536 2726 praesenston
1553 2692 1581 2716 et
1592 2696 1650 2715 vox

922 2739 1007 2763 Nocte
1016 2737 1073 2763 fere
1084 2736 1187 2766 medii,
1202 2735 1374 2765 mediamque
1385 2732 1477 2758 audita
1486 2738 1535 2764 per
1544 2731 1653 2761 urbem.

921 2777 1006 2802 Litore
1017 2777 1050 2802 ab
1061 2778 1158 2802 Oceano
1169 2775 1252 2801 Gallis
1262 2773 1502 2800 venientibus—a

923 2851 1076 2893 Evulgari
1090 2851 1174 2882 male
1189 2850 1274 2887 solet,
1301 2850 1416 2881 Oceani
1421 2863 1432 2886 ,·
1455 2846 1510 2878 sed
1524 2845 1654 2888 quidam

923 2904 1054 2941 codices,
1076 2909 1108 2934 et
1128 2904 1163 2934 in
1182 2902 1246 2934 illis
1260 2902 1398 2942 optimus
1414 2898 1652 2939 Cantabrigieno

925 2957 976 2994 sis,
992 2955 1067 2989 alibi
1081 2955 1171 2988 nobis
1191 2961 1391 2991 memoratus
1411 2951 1586 2984 luculenter
1598 2959 1653 2980 ex-

915 3017 944 3047 B
