1926 3224
581 216 815 267 LIBER
863 211 1222 272 QUINTUS.

1556 211 1644 252 149

304 352 475 402 Obficit‚
496 359 537 393 et
556 351 668 392 molli
688 349 807 392 vestit
825 348 1019 404 lanugine
1038 344 1180 386 malas:

303 427 369 469 Ne
389 427 493 468 forte
513 441 565 467 ex
584 425 768 474 homine,
787 431 827 464 et
846 421 1028 463 veterino
1049 419 1203 461 semine
1222 428 1438 472 equorum,

306 501 492 543 Confieri
511 500 652 542 credas
675 499 904 539 Centauros
924 507 1057 548 posse,
1079 506 1212 546 neque
1233 505 1331 531 esse:

193 581 275 618 890
306 577 409 626 Aut,
431 575 583 617 rabidis
603 572 771 614 canibus
791 568 1036 615 subcinctas,
1059 564 1328 606 semimarinis

308 647 562 704 Corporibus
584 644 756 700 Scyllas3
789 650 830 684 et
848 648 997 683 caetera
1016 639 1068 680 de
1086 651 1238 695 genere
1256 636 1423 685 horum,

163 805 341 841 rectoribus,
357 802 434 843 quin
449 801 536 832 omni
551 800 646 832 modo
659 799 888 830 Lucretianum

162 866 287 887 carmen
303 853 484 885 facinorosis
493 853 558 883 suis
570 852 804 892 impuritatibus
814 861 888 881 con.

161 907 358 938 taminarent.
406 903 481 936 Ulla
502 904 543 934 de
565 910 652 943 parte
673 903 700 933 si
722 902 826 941 scripti
842 902 887 932 fa-

161 959 284 1000 yisaent,
306 957 518 998 conjecturam
533 955 666 986 fuissem
687 954 888 994 periclitatus,

161 1019 258 1051 quam
268 1020 309 1040 ne
324 1008 469 1039 malevoli
479 1007 609 1048 quidem
621 1006 890 1047 elegantissimum

161 1071 228 1092 esse
244 1066 392 1091 conatum
409 1059 624 1100 denegabunt:

193 1136 270 1159 'rum
281 1134 405 1163 demum,
416 1132 512 1164 puerili
522 1138 583 1157 aevo
595 1131 718 1162 florente,
727 1131 852 1162 juventas

193 1173 315 1206 obfuscat
327 1173 404 1198 molli
415 1172 496 1196 vestis
506 1172 633 1204 lanugine
645 1171 726 1196 mala.

164 1245 283 1276 Notata
297 1243 418 1285 relegas
432 1243 472 1274 ad
488 1253 547 1274 ver.
564 1246 635 1274 672.
681 1242 840 1278 Lucanus,
860 1251 890 1272 x.

164 1299 236 1329 135.

456 1377 514 1400 Stat
525 1378 621 1400 contra
629 1374 724 1400 fortior
735 1377 818 1405 aetas3

227 1417 282 1443 Vix
293 1417 346 1442 una
350 1417 474 1449 fuscante
485 1419 579 1441 tamen
589 1415 710 1448 lanugine
721 1414 812 1439 malas.

167 1488 291 1520 Verum
306 1488 393 1519 enim
415 1501 480 1530 προς
497 1500 599 1529 κεντριι
615 1487 764 1527 λακτιζειν
785 1485 893 1521 nolim,

166 1551 225 1572 nec
248 1541 371 1572 idoneis
395 1540 462 1571 sine
486 1540 602 1571 caussis
616 1539 805 1578 exemplaria
825 1548 899 1569 con-

166 1593 333 1624 sentientia
347 1592 434 1632 parvi
447 1592 566 1629 facere;
588 1591 731 1632 quamvis
754 1601 828 1620 sane
850 1590 897 1620 di-

167 1644 319 1675 vinationi
334 1653 413 1673 meae
425 1642 582 1682 Virgilius
590 1642 656 1680 ipse
667 1641 899 1682 aliquantulum

168 1696 333 1737 suffragari
348 1695 498 1733 videatur,
514 1695 555 1725 ad
572 1695 647 1725 AEn.
663 1705 690 1725 x.
708 1698 781 1724 524.

384 1770 533 1801 flaventem
544 1770 632 1802 prima
643 1769 765 1802 lanugine
775 1768 869 1794 malas:

169 1844 244 1885 quia
257 1842 374 1874 scilicet
384 1844 555 1884 flavescens
571 1841 656 1872 color
670 1841 838 1872 candidam
854 1841 900 1872 fa-

171 1895 252 1927 ciem
266 1894 431 1935 incepisset
445 1900 514 1924 tum
529 1895 671 1934 primum
685 1894 852 1935 olfiaescare.

215 1945 298 1977 Ibid.
321 1947 407 1977 vestit
429 1947 578 1985 lanugine
604 1947 711 1976 malas.
757 1936 903 1975 Ammia-

172 2007 235 2027 nus
266 1996 483 2032 Marcellinus,
514 2007 583 2026 xxv.
615 2000 645 2026 4.
691 1999 713 2014 “
728 2013 772 2020 —
785 1994 904 2026 hirsuta

172 2051 194 2067 “
211 2046 316 2083 barba,
332 2047 365 2077 in
381 2053 511 2078 acutum
526 2046 699 2085 desinente,
706 2046 900 2078 vestitus—,¹³

175 2098 279 2129 Aliter
295 2097 462 2138 Apuleius,
481 2103 556 2128 met.
571 2108 599 2128 v.
614 2108 644 2138 p.
659 2101 800 2129 555.-“
816 2107 902 2128 com-

174 2153 198 2170 “
212 2150 346 2181 modum
360 2152 463 2182 lanoso
480 2152 513 2182 in
529 2150 662 2181 barbitio
677 2160 775 2191 genas
796 2150 903 2181 inum-

176 2203 200 2220 “
214 2201 391 2232 brantem.”
438 2202 572 2241 Nempe,
595 2203 630 2232 in
644 2208 745 2242 potest
759 2213 846 2239 cum‚-
869 2208 906 2233 ut

175 2251 368 2292 saepiuscule.
425 2253 476 2284 Sic
511 2253 747 2285 rescribendum
784 2254 903 2292 dicam3

175 2303 313 2344 pressius
332 2304 428 2335 MSS.
453 2305 663 2342 lineamentis,
679 2308 841 2342 lanostum,
856 2308 904 2336 la-

175 2357 299 2394 nostz‘m,
313 2358 464 2393 lanosum,
480 2357 635 2388 insistens.
681 2357 815 2398 Vulgari
830 2358 909 2388 solet

178 2407 246 2437 sine
261 2409 304 2438 z'n.
350 2407 416 2438 Adi
434 2407 517 2438 Plin.
534 2414 596 2439 nat.
612 2409 682 2439 hist.
698 2409 738 2439 ix.
756 2412 805 2440 15.

221 2467 297 2498 Ver.
312 2470 385 2498 888.
409 2467 545 2504 Nonius,
572 2468 612 2498 ad
627 2468 646 2499 i.
663 2472 715 2499 44.
740 2470 826 2499 hunc
840 2479 907 2499 ver-

179 2528 252 2549 sum
265 2517 409 2556 laudans,
432 2529 498 2548 non
520 2519 645 2549 exhibet
668 2533 701 2550 το
723 2527 770 2556 ει,·
794 2520 879 2561 quod
892 2524 910 2551 ἒ

179 2569 332 2608 scriptum
353 2569 441 2600 finali
469 2569 560 2600 litera
590 2583 628 2601 ere
648 2572 768 2601 homine
798 2571 912 2602 elisum

181 2626 241 2651 est:
266 2632 302 2652 ac
324 2623 440 2661 praebet
462 2621 590 2661 insuper
619 2629 708 2660 torto,
741 2633 798 2662 pro
815 2623 911 2664 flav-te.

182 2672 299 2703 Dicam
318 2673 481 2704 veritatem
503 2674 568 2704 tibi.
613 2674 819 2705 Elementum
841 2686 858 2706 c
871 2675 912 2706 de

184 2734 272 2755 more
287 2725 322 2755 in
337 2732 349 2756 t
364 2726 491 2762 abierat,
507 2731 600 2767 atque
616 2737 654 2757 ex
669 2726 807 2757 dictione
821 2727 913 2757 nihili

185 2775 279 2807 lectio
293 2777 403 2808 effecta
418 2784 464 2808 est
478 2778 626 2819 vulgaris,
649 2779 802 2809 sinceram
823 2789 912 2809 men-

186 2827 243 2858 tita
257 2829 396 2860 Lucretii
410 2831 612 2871 scripturam:

189 2903 228 2928 Ne
240 2907 309 2930 curto
320 2912 357 2932 cx
365 2907 476 2934 homine
487 2912 515 2934 et
526 2908 647 2935 veterino
659 2908 760 2935 semine
771 2914 912 2939 equorum.

933 794 1022 831 Quid
1050 793 1176 825 autem?
1202 791 1411 823 Meministin'
1442 789 1522 821 illud
1550 790 1654 831 cujus-

932 847 1017 886 piam
1032 846 1141 876 veteris
1152 843 1361 886 jocularium?
1382 844 1576 874 Centaurum
1593 853 1658 873 esse

932 898 1057 933 scilicet,
1074 897 1123 927 vel
1138 907 1257 937 equum
1272 902 1468 926 evomentem
1483 895 1657 932 hominem,

932 949 980 979 vel
995 949 1158 978 hominem
1172 957 1253 988 equo
1267 947 1518 977 cacaturientem.

977 1008 1052 1038 Ver.
1076 1012 1149 1039 889.
1177 1018 1273 1047 neque
1295 1018 1372 1038 esse:
1409 1007 1428 1036 i.
1451 1017 1477 1036 e.
1500 1008 1606 1042 vivere,
1630 1011 1661 1036 et

932 1069 1104 1101 propagare
1115 1059 1211 1089 vitam
1218 1070 1227 1095 ;
1242 1058 1337 1088 etiam
1349 1058 1374 1087 si
1386 1064 1511 1096 possent
1522 1058 1564 1087 sic
1575 1067 1660 1087 com-

933 1113 1025 1153 positi
1048 1113 1212 1142 exsistere:
1237 1120 1399 1149 compares
1410 1119 1470 1139 ver.
1486 1112 1662 1138 844-347.

934 1163 989 1194 Ad
1001 1165 1086 1194 hunc
1098 1168 1204 1193 autem
1220 1161 1352 1192 modum
1368 1160 1496 1190 mollius
1512 1160 1663 1194 scribitur,

935 1215 1190 1255 concinniusque‚
1216 1215 1250 1244 in
1268 1214 1306 1244 P.
1323 1212 1419 1243 vind.
1436 1212 1477 1242 V.
1500 1211 1548 1242 ed.
1570 1211 1609 1242 Ο.
1629 1216 1662 1242 Δ.

936 1273 977 1297 Π.
994 1272 1028 1298 Σ.
1047 1273 1091 1298 Ω.
1107 1266 1229 1306 Vulgo,
1243 1276 1298 1296 nec
1313 1275 1384 1295 esse.

978 1327 1057 1358 Ver.
1081 1330 1152 1358 890.
1175 1327 1301 1356 rabidis.
1348 1324 1399 1354 Ita
1420 1323 1506 1362 prius
1528 1332 1565 1352 ex
1589 1331 1665 1352 con-

933 1377 1055 1418 jectura
1084 1387 1149 1407 non
1182 1378 1369 1407 erubueram
1396 1374 1582 1405 substituere
1611 1383 1667 1412 pro

938 1430 1069 1468 rapidis,
1085 1438 1187 1468 quum
1200 1428 1234 1457 in
1249 1427 1299 1457 his
1320 1426 1510 1457 dictionibus
1531 1424 1668 1455 confun-

938 1479 1048 1510 dendis
1057 1479 1226 1510 sexcenties
1236 1478 1352 1509 librarii
1361 1477 1562 1517 peccaverint,
1573 1486 1669 1517 quam

944 1530 1152 1561 intellexerim
1175 1530 1260 1560 idem
1286 1529 1423 1559 Heinsio
1449 1528 1669 1568 excogitatum.

945 1582 1076 1613 Poteras
1091 1591 1166 1612 sane
1181 1581 1346 1621 vulgatum
1359 1590 1414 1619 per
1428 1581 1599 1619 rapacibus,
1622 1579 1671 1610 vel

942 1637 1042 1665 avidis
1073 1634 1280 1673 interpretari,
1310 1640 1435 1672 propter
1463 1635 1671 1671 voracitatem,

943 1687 982 1717 de
1005 1686 1068 1727 qua
1093 1687 1267 1721 Homerus,
1296 1685 1358 1716 Od.
1387 1692 1424 1715 M.
1449 1688 1519 1715 ⁶246.
1547 1688 1617 1716 256.
1640 1690 1672 1714 et

944 1737 1088 1767 consulas
1112 1737 1215 1767 Sabin.
1238 1737 1324 1775 epist.
1347 1736 1366 1765 i.
1390 1739 1440 1766 53.
1463 1746 1536 1766 cum
1559 1736 1672 1766 nostris

944 1788 983 1819 ad
1005 1789 1044 1818 ἰν.
1062 1791 1133 1819 716.
1155 1787 1209 1817 sed
1232 1787 1327 1827 longe
1351 1787 1549 1817 verissimum
1571 1794 1616 1817 est
1639 1787 1673 1817 in

943 1841 1003 1870 hoc
1018 1839 1087 1870 loco
1100 1840 1235 1869 rabidis:
1261 1838 1281 1869 i.
1298 1848 1323 1868 e.
1344 1837 1461 1868 latratu
1476 1837 1673 1867 saevientibus

945 1903 981 1924 ac
999 1892 1186 1923 tabentibus.
1234 1891 1384 1921 Similiter
1405 1896 1530 1921 tantum
1553 1901 1616 1921 non
1639 1891 1674 1921 in

945 1944 1104 1986 quibusvis
1113 1943 1237 1984 paginis
1246 1943 1344 1982 po‘e'tae
1354 1942 1393 1973 de
1402 1943 1529 1973 canibus
1539 1942 1674 1983 loquun-

946 2001 1005 2027 tur.
1053 1995 1170 2026 Confer
1186 1995 1365 2029 Maronem,
1390 1994 1464 2024 AEn.
1482 2004 1509 2023 v.
1527 1996 1598 2024 257.
1620 1993 1676 2034 qui

944 2047 980 2077 in
994 2046 1050 2077 ecl.
1064 2046 1104 2078 vi.
1120 2049 1170 2078 74.
1215 2045 1405 2076 Lucretiana
1419 2045 1528 2075 omnia
1542 2045 1586 2074 sic
1606 2054 1676 2075 ora-

946 2099 1034 2129 tione
1049 2098 1158 2128 leviter
1172 2095 1340 2127 immutata
1355 2096 1564 2126 adumbravit:

980 2193 1052 2224 Quid
1069 2192 1164 2223 loquar
1185 2194 1233 2215 aut
1250 2190 1357 2223 Scyllam
1369 2190 1436 2215 Nisi?
1455 2196 1537 2221 quam
1548 2189 1622 2214 fama
1638 2196 1677 2215 se-

1072 2236 1136 2256 cuta
1146 2234 1196 2261 est,

979 2272 1101 2297 Candida
1120 2271 1273 2295 succinctam
1290 2269 1443 2294 latrantibus
1464 2268 1574 2300 inguina
1599 2274 1677 2293 mon-

1071 2311 1173 2340 stris,—

981 2352 1036 2378 Ah!
1057 2351 1166 2376 timidos
1176 2353 1271 2375 nautas
1281 2349 1385 2375 canibus
1395 2349 1521 2373 lacerasse
1531 2347 1648 2372 marinis.

954 2436 1046 2467 Idem
1060 2446 1126 2466 non
1141 2435 1230 2465 aliter
1243 2435 1278 2464 in
1295 2434 1369 2464 AEn.
1386 2433 1406 2464 i.
1422 2437 1493 2464 200.

1045 2514 1097 2538 Vos
1107 2516 1135 2538 et
1146 2512 1276 2544 Scyllaeam
1286 2511 1421 2535 rabiem—.

955 2588 1078 2618 Auctor
1103 2586 1194 2622 Ciris,
1217 2595 1281 2616 ver.
1300 2588 1349 2617 79.
1373 2584 1412 2615 de
1434 2582 1536 2625 Scylla*
1558 2584 1680 2624 apposi-

955 2638 1088 2668 tissime:

1017 2711 1133 2736 Piscibus
1143 2713 1171 2736 et
1184 2709 1288 2735 canibus
1297 2708 1393 2734 rabidis
1403 2708 1542 2733 vallata—.

958 2783 1016 2813 Me
1032 2782 1137 2813 videas
1151 2780 1192 2811 ad
1217 2780 1308 2821 Virg.
1332 2789 1400 2820 geo.
1415 2779 1453 2809 iv.
1469 2780 1540 2810 425.
1585 2777 1682 2808 Tem·

957 2835 1093 2874 pestivus
1108 2833 1269 2865 accesserit
1289 2831 1435 2870 Ovidius,
1458 2840 1553 2862 amor.
1569 2829 1615 2862 iii.
1634 2833 1683 2860 12.

960 2891 1001 2909 ΘΓ)

961 2910 1009 2918 κ--
