1926 3224
262 244 350 284 152

731 235 793 282 Τ.
836 230 1214 281 LUCRETII

400 366 518 409 Talia
537 364 607 420 qui
626 363 746 419 fingit
764 362 943 416 potuisse
963 361 1151 403 animalia
1170 361 1300 418 gigni,

400 440 533 480 Nixus
553 438 596 477 in
615 436 697 477 hoc
716 449 816 485 uno,
847 435 1037 476 novitatis
1057 435 1225 476 nomine
1245 434 1375 483 inani3

402 511 539 552 Multa
557 511 663 560 licet,
696 509 815 550 simili
836 510 1011 559 ratione,
1043 509 1208 550 ecfutiat
1227 523 1310 549 ore.

401 584 540 626 Aurea
559 593 648 625 tum
667 583 777 625 dicat
795 598 869 638 per
888 591 1015 625 terras
1034 583 1205 624 flumina
1223 582 1344 638 volgo

286 663 370 700 910
401 658 598 707 Fluxisse,
633 667 673 698 et
692 657 864 714 gemmis
883 657 1029 697 florere
1048 656 1214 698 arbusta
1233 657 1379 696 sue'sse:

402 731 489 773 Aut
507 730 716 771 hominem
737 736 852 770 tanto
871 729 1150 770 membrorum
1171 743 1255 769 esse
1274 728 1411 783 inpete
1430 735 1587 778 natum,

256 885 340 926 quod
362 891 524 924 peccatum
545 885 617 916 alibi
635 885 769 916 vidimus
782 885 853 924 plus
869 885 977 916 semel:

256 947 272 966 c
288 936 440 966 nimirum
460 946 533 966 cum
555 942 567 966 t
594 936 627 966 in
650 937 760 966 formis
783 937 981 976 compendia-

257 986 310 1016 riis
332 987 462 1025 mutata,
484 990 534 1026 1ρέ
556 993 588 1017 et
600 990 756 1027 epa—ut:
783 987 819 1018 P.
841 988 880 1018 O.
902 994 982 1018 et.—

255 1035 338 1067 umi:
365 1036 462 1067 Vind.
480 1037 519 1067 V.
535 1037 582 1068 ed.
600 1044 639 1068 Π.
657 1042 694 1069 Σ.
710 1049 813 1069 unam.

300 1096 372 1126 Ver.
387 1100 456 1127 905.
478 1099 591 1127 medio:
610 1097 654 1127 sic
669 1097 780 1128 diserte
794 1097 869 1128 dant
885 1097 980 1128 Vind.

257 1151 290 1177 Δ.
310 1153 354 1178 Ω..
379 1152 410 1176 et
437 1146 521 1177 ulnis
543 1147 726 1178 avidissimis
749 1149 978 1188 amplectimur,

256 1202 293 1227 ut
308 1196 520 1236 illepidissima
538 1199 682 1229 omnium
707 1199 894 1240 ambiguitas
917 1198 979 1228 evi-

254 1252 348 1285 tetur,
374 1248 508 1288 vulgatae
522 1248 664 1279 lectionis
678 1259 789 1285 comes,
816 1251 914 1280 media
931 1249 978 1278 ni-

255 1298 385 1328 mirum:
413 1305 504 1338 atque
521 1309 591 1329 vero
613 1305 660 1329 est
681 1300 877 1330 simillimum
894 1299 980 1329 haud

254 1344 348 1379 aliam
363 1351 403 1380 ob
414 1360 553 1380 caussam
568 1351 834 1390 elegantissimum
846 1351 981 1389 poetam,

255 1411 291 1431 ac
309 1401 421 1441 judicii
445 1402 618 1439 rectissimi,
645 1413 663 1431 a
692 1402 810 1432 Graecis
839 1401 981 1431 recedere

254 1451 402 1488 voluisse;
424 1461 494 1491 quae
516 1451 664 1490 leguntur
685 1451 718 1480 in
740 1451 876 1481 Homeri
894 1451 932 1481 11.
950 1457 981 1481 Z.

258 1506 327 1533 181.
351 1509 382 1532 et
398 1502 531 1532 Hesiodi
547 1503 665 1542 Theog.
681 1505 753 1532 523.

273 1586 365 1621 Προσθε
377 1591 443 1617 λεων,
456 1586 518 1613 oei-102
532 1587 557 1612 δε
571 1587 678 1621 Eponam„
693 1596 778 1620 μεσση
791 1588 816 1613 δε
827 1597 950 1622 χιμωρα,

275 1633 354 1659 Aaron
367 1642 524 1659 αποπνειυσα
538 1644 607 1668 πυρος
620 1643 690 1667 μενος
704 1634 843 1667 veosatum.

256 1711 366 1742 Dixin'
384 1718 490 1742 autem
517 1717 658 1742 nostrum
686 1711 828 1742 recedere
855 1721 874 1741 a
891 1712 980 1742 Grae-

255 1762 317 1793 cis?
344 1762 427 1800 Imo,
441 1762 538 1792 falsus
553 1771 639 1798 sum;
661 1771 726 1792 non
741 1761 879 1791 recessit:
905 1772 979 1792 nam

256 1813 363 1843 hero'es
378 1813 428 1842 isti
444 1813 486 1843 sic
503 1812 671 1842 certissime
688 1812 813 1852 legendi
827 1818 912 1843 sunt:

256 1895 362 1929 upon&
373 1899 439 1924 λεων,
454 1893 516 1920 οπιθε
528 1895 552 1920 δε
564 1895 669 1929 δρακων,
683 1895 808 1934 ΜΕΣΣῌ
821 1895 846 1920 δε
858 1905 980 1931 χιμαιρα.

259 1973 411 2003 Conferas
435 1973 652 2011 praecedentia,
682 1979 713 2003 et
738 1973 835 2003 Hom.
861 1973 921 2003 Od.
946 1980 980 2004 Δ.

258 2028 329 2054 844.
351 2031 443 2065 atque
458 2035 645 2055 consensum
661 2025 740 2055 mihi
759 2035 823 2055 non
845 2025 979 2065 denega·

257 2075 315 2113 bis,
346 2075 390 2105 sic
419 2075 482 2105 unzi
506 2075 609 2105 fidelia
639 2082 699 2105 tres
724 2076 819 2106 etiam
841 2077 980 2116 parietes,

257 2126 341 2167 quod
356 2126 454 2162 aiunt,
469 2126 633 2157 dealbanti.
668 2127 831 2168 Virgilius,
847 2129 922 2159 AEn.
938 2128 981 2159 iii.

259 2180 331 2208 417.

482 2251 556 2276 venit
570 2251 648 2276 medio
661 2252 688 2276 vi
699 2255 867 2284 pontus—.

262 2321 375 2358 Aliter,
404 2321 511 2352 caussa
540 2322 607 2362 jam
637 2322 718 2353 dicta
742 2333 806 2354 uon
832 2325 982 2361 obstante,

258 2373 386 2403 minime
422 2372 584 2414 vulgatum
632 2377 732 2405 media
769 2375 984 2412 solicitassem;

259 2435 358 2464 quum
380 2424 522 2455 similiter
546 2425 669 2456 locutus
698 2426 737 2455 sit
765 2426 849 2456 idem
879 2427 984 2465 Maro,

260 2486 327 2516 geo.
343 2476 372 2505 ii.
390 2480 460 2507 297.

378 2556 459 2582 media
470 2558 535 2589 ipsa,
545 2557 684 2590 ingentem
695 2558 806 2583 sustinet
817 2559 951 2584 umbram.

304 2630 383 2661 Ibid.
400 2633 465 2670 ipsa
482 2634 643 2663 clzimoera:
668 2633 687 2663 i.
704 2643 730 2663 e.
750 2637 772 2651 ‘⁴
788 2633 868 2664 illud
883 2636 980 2674 ipsum

262 2685 283 2699 “
300 2681 428 2718 animal,
455 2692 474 2712 a
499 2693 562 2722 quo
583 2694 700 2713 nomen
716 2684 874 2723 tricorpori
890 2691 980 2714 natu-

261 2736 284 2752 “
301 2744 342 2763 rae
358 2735 540 2767 derivatur.”
577 2738 657 2768 Haec
673 2744 717 2768 est
731 2738 776 2768 vis
790 2738 983 2778 pronominis

260 2783 295 2812 in
311 2784 369 2814 hoc
384 2785 459 2816 loco.

306 2842 378 2873 Ver.
396 2848 465 2875 904.
477 2845 584 2885 ferox.-
610 2847 629 2876 i.
649 2858 675 2878 e.
699 2848 779 2886 δεινκ,
800 2854 835 2879 ut
852 2847 980 2878 Hesiod.

263 2892 291 2922 T
295 2893 381 2934 heog.
396 2897 467 2925 520.
491 2896 539 2926 vel
560 2901 724 2934 tremenda,
748 2906 783 2929 ut
799 2900 908 2930 Horat.
931 2898 979 2930 od.

1000 2960 1021 2986 3

1024 886 1063 916 iv.
1080 890 1108 916 2.
1127 888 1175 917 15.
1222 885 1271 916 Sic
1285 890 1391 915 autem
1405 884 1521 923 optime
1536 884 1685 922 scriptum
1698 889 1745 915 est

1024 937 1058 967 in
1084 944 1119 968 Δ.
1141 937 1259 977 Vulgo,
1273 938 1381 978 finus,-
1408 936 1472 973 sed,
1500 936 1642 976 quamvis
1663 935 1745 966 nihil

1024 988 1157 1019 relatum
1186 989 1224 1018 sit
1253 988 1292 1018 de
1318 989 1354 1018 B.
1380 988 1427 1017 M.
1459 987 1535 1017 mihi
1559 997 1623 1017 non
1649 986 1747 1028 liquet

1024 1040 1104 1069 hanc
1119 1039 1284 1069 lectionem
1301 1038 1334 1067 in
1356 1037 1422 1067 ullo
1437 1037 1542 1067 codice
1557 1047 1747 1076 comparere,

1024 1096 1133 1128 praeter
1151 1093 1188 1120 Σ.
1212 1093 1382 1124 recentem;
1407 1087 1446 1117 P.
1460 1086 1559 1116 Vind.
1577 1087 1616 1116 V.
1640 1086 1688 1116 ed.
1709 1086 1748 1117 L.

1025 1139 1186 1179 n.ferc1s;
1224 1139 1263 1168 Ο.
1275 1138 1400 1178 ferens,·
1425 1142 1463 1172 et,
1487 1136 1553 1166 vice
1574 1137 1631 1167 Ore
1645 1136 1748 1177 feras,

1025 1197 1065 1220 Π.
1085 1189 1426 1230 Horrfferas.—flaret.·
1452 1187 1495 1217 sic
1521 1187 1557 1218 P.
1575 1188 1614 1218 V.
1640 1187 1688 1218 ed.
1711 1187 1748 1218 L.

1024 1241 1063 1271 O.
1081 1246 1117 1270 Δ.
1134 1246 1178 1270 n..
1190 1238 1294 1279 vulgo,
1309 1239 1442 1279 ‹gfflareoe
1467 1237 1531 1275 sed,
1547 1238 1668 1277 opinor,
1682 1238 1749 1269 sine

1023 1291 1157 1330 scriptis:
1185 1300 1242 1320 nec
1264 1291 1346 1319 favet
1362 1289 1489 1329 Virgilii
1512 1289 1676 1328 parallelus
1698 1290 1745 1320 lo-

1023 1353 1088 1379 0115,
1104 1352 1201 1381 quum
1218 1341 1284 1371 sine
1301 1340 1518 1380 praepositione
1532 1339 1688 1378 efferatur,
1708 1340 1748 1371 ad

1026 1393 1100 1422 AEn.
1115 1392 1166 1421 vii.
1182 1395 1253 1422 786.

1051 1471 1112 1501 Cui,
1123 1470 1220 1502 triplici
1231 1470 1328 1495 crinita
1335 1471 1411 1502 juba,
1422 1471 1497 1502 galea
1507 1471 1561 1496 alta
1571 1471 1719 1496 Chimaeram

1050 1510 1177 1540 sustinet,
1188 1511 1309 1535 AEtnaeos
1319 1509 1442 1541 ffantenz
1452 1510 1572 1535 faucibus
1582 1511 1660 1542 ignis:

1024 1585 1045 1614 i.
1067 1595 1092 1614 e.
1104 1586 1238 1625 flantem
1260 1586 1306 1615 de.
1351 1584 1448 1615 Vind.
1470 1590 1587 1622 autem,
1610 1594 1684 1615 cum
1707 1591 1747 1616 Π.

1027 1640 1061 1666 Σ.
1073 1636 1390 1675 stara—flammam:
1418 1641 1458 1665 n.
1469 1637 1639 1676 flammas.-

1070 1692 1150 1722 Ibid.
1173 1703 1272 1723 acrem
1283 1694 1458 1733 flammam.
1505 1693 1665 1734 Virgilius,
1679 1703 1748 1735 geo.

1023 1743 1062 1773 iv.
1079 1747 1150 1775 409.

1085 1819 1140 1842 Aut
1150 1824 1231 1842 acrem
1240 1817 1356 1848 flammae
1366 1817 1484 1843 sonitum
1496 1818 1641 1844 dabit—-

1068 1891 1148 1921 Ibid.
1159 1893 1258 1931 flaret
1269 1893 1452 1932 flammam:
1478 1891 1498 1921 i.
1513 1901 1539 1921 e.
1563 1891 1653 1932 cujus
1675 1895 1748 1924 «mi-

1024 1953 1084 1977 ma,
1115 1942 1162 1972 vel
1192 1941 1324 1981 spirituS‚
1355 1947 1442 1972 erant
1472 1941 1615 1972 flammae.
1659 1942 1748 1973 Hinc

1024 1993 1255 2023 emendandum
1272 1993 1406 2023 dixerim
1423 1993 1601 2031 Maronem,
1618 1993 1693 2024 AEn.
1708 1993 1747 2024 vi.

1025 2048 1095 2075 288.

1055 2132 1423 2142 -—-—————
1431 2126 1463 2144 ac
1475 2119 1552 2145 belua
1562 2120 1670 2150 Lernae,

1055 2159 1224 2184 Horrendum
1235 2160 1362 2190 stridens;
1380 2158 1549 2190 flammisque
1558 2158 1674 2183 animala
1685 2158 1748 2184 Chi-

1147 2204 1246 2223 maera:

1026 2273 1045 2302 i.
1062 2282 1087 2302 e.
1121 2272 1239 2311 spirans
1261 2272 1411 2303 flammas.
1457 2271 1577 2312 Vulgo,
1606 2277 1744 2307 armata,-

1026 2324 1119 2364 longe
1143 2323 1343 2364 frigidissime
1365 2332 1395 2354 et
1417 2323 1630 2353 insulsissime.
1675 2323 1749 2353 Hac

1027 2381 1091 2405 erat
1106 2375 1155 2404 vix
1171 2374 1236 2405 ulla
1251 2374 1412 2414 proclivior
1427 2374 1585 2405 aberratio.

1070 2434 1150 2464 Ibid.
1173 2445 1302 2474 corpore.
1348 2434 1421 2464 Hoc
1451 2434 1554 2474 friget,
1584 2439 1615 2464 et
1639 2432 1749 2464 eadem

1024 2495 1083 2515 vox
1106 2485 1209 2515 statim
1231 2485 1392 2524 praecessit.
1438 2485 1558 2516 Debuit
1572 2484 1686 2522 dicere,
1709 2483 1748 2513 de

1024 2538 1195 2572 visceribus,
1208 2537 1366 2578 faucibus,
1398 2537 1445 2567 vel
1466 2543 1599 2577 gutture.
1643 2534 1746 2565 Resti-

1025 2589 1142 2619 tuenda
1171 2595 1216 2619 est
1244 2589 1340 2629 igitur
1369 2589 1470 2624 dictio,
1507 2597 1601 2629 quam
1631 2585 1747 2616 librarii

1026 2650 1099 2670 cum
1125 2640 1247 2680 recepta
1272 2651 1352 2680 saepe
1375 2639 1598 2675 confuderunt3
1620 2636 1659 2667 de
1683 2635 1747 2677 qua

1025 2691 1248 2731 disputavimus
1276 2692 1316 2723 ad
1344 2692 1363 2722 i.
1389 2695 1439 2723 39.
1484 2690 1617 2727 Nempe,
1647 2687 1746 2718 Carus

1025 2751 1128 2774 noster
1143 2751 1228 2775 extra
1243 2743 1481 2775 controversiam
1496 2740 1612 2780 posuit:

1186 2833 1275 2852 acrem
1287 2826 1362 2850 flaret
1382 2824 1416 2848 de
1429 2826 1523 2856 pectore
1534 2822 1682 2847 flammam.

1026 2899 1108 2930 Diva
1125 2900 1238 2931 Critice
1253 2908 1415 2939 nunquam
1429 2896 1530 2929 verius
1544 2895 1660 2936 aliquid
1674 2903 1745 2934 pro-
