1926 3224
286 201 378 243 194

775 197 835 243 T.
888 196 1262 246 LUCRETII

420 324 508 366 Nec
526 331 715 379 poterant
734 324 881 378 quibus
900 324 943 365 id
961 324 1077 366 fieret
1096 340 1341 382 cognoscere
1359 328 1518 369 caussis.

284 402 390 439 1185
423 397 536 454 Ergo
556 396 785 453 perfugium
806 398 882 439 sibi
900 398 1108 440 habebant
1127 400 1266 440 omnia
1284 399 1386 441 divis

420 470 618 519 Tradere,
639 478 680 511 et
699 469 859 512 illorum
885 480 990 513 nutu
1006 471 1137 514 facere
1156 473 1294 514 omnia
1312 473 1432 515 flecti.

476 543 526 584 In
547 543 729 598 coeloque
747 543 870 585 deum
890 545 1003 586 sedes
1022 553 1063 587 et
1081 547 1231 600 templa
1250 546 1450 596 locarunt,

419 617 500 658 Per
519 617 667 658 coelum
686 617 790 658 volvi
810 618 905 673 quia
924 633 1024 668 nox,
1046 626 1086 659 et
1104 619 1215 669 luna,
1237 619 1416 669 videtur,

420 690 557 741 Luna,
579 691 679 740 dies,
701 698 742 731 et
761 705 862 740 nOX,
884 699 925 732 et
944 692 1075 732 noctis
1095 692 1211 749 signa
1231 707 1382 743 severa,

281 769 387 806 1190
418 763 737 820 Noctivagaeque
756 763 861 805 faces
880 765 985 815 coeli,
1006 765 1261 822 flammaeque
1280 766 1474 816 volantes,

419 837 585 888 Nubila,
608 836 682 887 sol,
703 837 871 888 imbres,
893 838 983 889 nix,
1005 840 1153 890 ventei,
1174 838 1358 890 fulmina,
1379 839 1552 896 grando,

277 1013 391 1046 noster,
420 1007 444 1038 si
469 1008 509 1038 de
530 1011 624 1040 ventis
645 1009 736 1040 vellet
766 1010 824 1040 hoc
853 1009 994 1052 intelligi.

277 1058 441 1099 Virgilius,
458 1059 532 1089 AEn.
547 1059 566 1090 i.
583 1062 632 1091 59.
655 1060 694 1091 de
708 1060 825 1091 eisdem
838 1063 944 1092 ventis.-

307 1147 413 1178 Quippe
431 1145 520 1171 serant
540 1147 622 1179 rapidi
643 1154 745 1178 secum,
766 1151 927 1180 verrantque
946 1155 993 1180 per

401 1192 492 1210 auras:

277 1270 309 1295 et
326 1264 454 1304 ibidem,
469 1276 528 1296 ver.
545 1270 595 1297 56.
612 1267 763 1305 superius:

309 1353 360 1382 Illi,
370 1353 536 1385 indignantes
548 1359 646 1384 magno
656 1360 719 1377 curn
730 1360 880 1384 murmure,
894 1353 994 1378 montis

308 1392 418 1416 Circum
430 1392 541 1416 claustra
545 1392 732 1422 sremun1—.

280 1474 336 1505 Sin
351 1481 455 1504 autem
480 1474 590 1512 Carus,
611 1475 658 1504 uti
681 1475 830 1514 suspicor,
851 1476 993 1516 fulmina

277 1526 455 1565 respexerit,
472 1526 627 1567 (conferas
642 1527 680 1557 vi.
701 1528 784 1568 100.)
801 1528 930 1558 omnino
944 1538 992 1558 re·

276 1576 457 1616 ponendum
472 1577 534 1607 aio:

338 1658 371 1682 Et
382 1657 475 1683 rabidei
485 1657 621 1689 fremitus,
632 1662 660 1684 et
670 1665 803 1685 murmura
810 1667 977 1692 magna—-

277 1729 353 1760 Hoc
378 1741 499 1761 verum:
529 1731 594 1761 redi
617 1738 764 1762 annotata
785 1732 825 1763 ad
847 1742 906 1762 ver.
923 1736 994 1763 890.

276 1780 336 1810 hoc
358 1779 450 1818 libro;
472 1787 502 1810 et
527 1781 666 1812 conferas
693 1782 798 1813 Valer.
831 1783 931 1813 Flacc.
958 1782 995 1814 iv.

279 1834 350 1862 239.
375 1831 536 1862 Claudian.
560 1832 594 1861 in
618 1832 725 1863 Rufin.
749 1833 770 1863 i.
795 1836 844 1864 75.
867 1844 902 1864 ac
926 1845 994 1864 sen-

277 1882 406 1912 tentiam
431 1882 480 1912 vix
503 1889 624 1913 mutem
639 1894 722 1922 sane,
746 1884 794 1914 vel
808 1885 833 1915 si
848 1885 886 1915 de
900 1889 994 1917 ventis

276 1933 368 1962 verba
389 1933 487 1972 posita
510 1933 673 1974 intelligas
723 1935 845 1973 Statius,
868 1936 931 1968 silv.
950 1937 993 1968 iii.

277 1989 306 2016 2.
324 1988 373 2016 72.
394 1985 596 2017 adscribatur:

306 2075 372 2100 Inde
374 2075 454 2106 saror
464 2077 562 2107 ventis,
572 2077 772 2110 indignataeque
782 2080 918 2111 procellae‚

307 2115 340 2138 Et
351 2114 404 2138 coeIi
406 2115 540 2146 fremitus,
551 2119 578 2141 et
581 2116 698 2147 fulmina
709 2118 784 2149 plura
794 2120 924 2144 Tonanti.

277 2188 386 2224 Porro,
402 2199 471 2220 vere
486 2190 661 2221 emendavit
673 2192 718 2221 vir
728 2192 836 2223 doctus
849 2193 993 2224 Petroni-

275 2251 344 2279 um,
365 2241 435 2272 bell.
457 2242 512 2272 civ.
531 2246 598 2274 122.
621 2243 684 2274 alio
699 2244 827 2275 demum
842 2255 942 2276 errore
957 2246 993 2275 li-

276 2292 462 2323 herandum:

583 2369 692 2401 fulgure
702 2375 779 2402 rupta
789 2377 910 2401 corusco,

339 2408 473 2440 'nfremuir
483 2410 574 2440 nubes,
587 2410 714 2443 elisosque
725 2412 817 2437 obdidit
828 2413 916 2444 ignes:

275 2490 295 2520 i.
320 2501 346 2521 e.
381 2493 458 2522 “ob
487 2493 593 2523 oculos
621 2493 681 2524 illis
702 2494 816 2525 dedit?
874 2494 991 2536 Vulgo,

275 2544 446 2579 Intremuit,
475 2550 507 2574 et
529 2546 663 2582 abdidic‚-
688 2546 776 2576 nullo
805 2557 905 2577 sensu.
951 2547 991 2576 In

274 2600 453 2625 contextum
468 2596 590 2627 admitti
605 2597 752 2628 debuerat
768 2604 872 2628 nostra
886 2608 992 2628 emen-

274 2643 577 2683 dati0.-Caeterum,
603 2654 642 2679 Π.
665 2649 757 2679 habet
771 2651 913 2687 numina,
937 2658 992 2688 pro

275 2706 441 2728 murmura.

317 2757 391 2787 Ver.
406 2762 496 2790 1194.
512 2762 669 2800 adjunxit:
690 2768 729 2792 Π.
745 2763 915 2803 conjunxi&
933 2772 990 2792 un-

275 2805 314 2835 de
328 2806 500 2848 elegantem
522 2812 618 2848 possis
639 2813 847 2852 conjecturam
870 2811 991 2851 pericli·

274 2856 345 2887 tari:

1067 1011 1157 1042 Quom
1179 1010 1273 1035 tribuit
1298 1010 1380 1040 facta,
1401 1012 1483 1041 atque
1504 1009 1554 1034 iras
1573 1015 1646 1042 quom
1660 1010 1755 1042 junxit

1157 1052 1271 1077 acerbas.

1039 1124 1162 1159 Quibus
1175 1123 1351 1154 committas
1364 1122 1458 1153 velim
1473 1122 1515 1153 iii.
1530 1126 1601 1154 681.
1617 1128 1649 1154 et
1661 1122 1712 1154 adi
1722 1123 1756 1155 ii.

1037 1178 1110 1206 652.

1079 1237 1153 1266 Ver.
1171 1239 1262 1268 1195.
1283 1243 1347 1268 tum
1364 1238 1454 1277 ipsei:
1475 1241 1509 1268 Δ.
1524 1244 1598 1269 tunc
1612 1239 1753 1270 homines.

1081 1287 1160 1318 Ibid.
1188 1290 1321 1322 Quantos
1331 1290 1473 1328 gemitus,
1495 1299 1570 1329 quas
1589 1291 1752 1321 lacrumas.

1037 1338 1196 1368 Versuum
1211 1339 1360 1369 horumce
1377 1339 1656 1378 pulcherrimorum
1669 1340 1754 1371 haud

1036 1387 1204 1418 immemor
1225 1394 1291 1418 erat
1314 1389 1518 1425 Mantuanus,
1545 1389 1585 1420 ad
1613 1390 1688 1420 AEn.
1714 1390 1754 1421 vi.

1037 1441 1109 1469 873.

1054 1525 1167 1556 Quantos
1177 1524 1220 1550 ille
1226 1524 1327 1555 virum,
1335 1531 1462 1557 magnam
1471 1525 1598 1551 Mavortis
1607 1526 1640 1552 ad
1649 1527 1754 1559 urbem,

1051 1566 1168 1596 Campus
1175 1569 1236 1596 aget
1241 1565 1347 1597 gemitus
1349 1573 1360 1593 ;
1371 1565 1413 1590 vel
1421 1573 1488 1597 quae,
1496 1567 1644 1597 Tyberine!
1655 1567 1754 1592 videbis

1052 1605 1159 1632 Funera,
1171 1610 1254 1634 quum
1265 1603 1401 1628 tumulum
1410 1605 1598 1635 praeterlabere
1603 1606 1750 1631 recentem!

1039 1677 1119 1713 Quae
1141 1677 1279 1707 carmina
1304 1677 1454 1708 nimirum
1480 1678 1661 1719 dignissima
1681 1685 1756 1711 sunt

1037 1727 1189 1766 discipulo
1202 1733 1288 1758 tanto
1303 1729 1381 1759 tanti
1391 1729 1591 1768 praeceptoris.

1081 1787 1154 1818 Ver.
1173 1790 1262 1820 1197.
1284 1791 1347 1819 ulla
1371 1795 1413 1820 est
1435 1790 1577 1820 velatum.-
1601 1789 1646 1820 sic
1670 1789 1755 1822 solus

1040 1838 1076 1869 P.
1092 1839 1145 1869 sed
1160 1840 1266 1878 procul
1281 1840 1376 1871 dubio
1397 1851 1435 1870 ex
1457 1841 1665 1872 recentiorum
1686 1851 1754 1872 cor·

1039 1891 1186 1929 rectione;
1203 1891 1313 1933 reliqui
1329 1892 1475 1930 universi,
1491 1894 1554 1923 ulla
1563 1894 1690 1925 velatum
1701 1900 1753 1926 est.

1038 1943 1147 1978 Quum
1161 1953 1232 1974 vero
1247 1954 1310 1973 non
1333 1943 1478 1974 credibile
1499 1944 1547 1979 sit,
1571 1944 1753 1975 Lucretium

1037 1992 1079 2023 ita
1094 1992 1211 2023 caesura
1224 1999 1339 2024 temere
1354 1994 1439 2024 abuti
1454 1993 1598 2032 voluisse,
1621 1994 1699 2025 dum
1719 2005 1753 2025 se

1037 2050 1103 2074 tam
1131 2050 1305 2083 opportuna
1328 2044 1502 2075 ostenderet
1530 2044 1628 2081 elisio,
1658 2045 1752 2085 scrip.

1036 2095 1108 2125 sisse
1123 2095 1265 2125 arbitror:

1098 2173 1151 2197 Nec
1162 2172 1243 2203 pietas
1248 2171 1297 2196 alli
1307 2172 1427 2197 velatum
1438 2177 1477 2198 oet
1487 2178 1560 2205 saepe
1569 2172 1662 2198 videri.

1038 2244 1088 2274 De
1117 2254 1180 2284 quo
1207 2244 1290 2274 docti
1319 2245 1617 2283 pronuncient—P.
1644 2246 1752 2276 videre.

1036 2294 1176 2335 Vulgata
1211 2294 1443 2335 suffragatorem
1479 2296 1595 2326 habent
1620 2295 1752 2326 Lactan-

1036 2346 1128 2384 tium,
1145 2346 1205 2376 div.
1223 2347 1305 2376 instt.
1320 2347 1352 2377 ii.
1366 2350 1396 2377 3.
1421 2347 1586 2383 Caeterum,
1602 2346 1754 2378 vitavisset

1037 2398 1220 2438 ambiguum
1242 2399 1392 2429 sermonis
1416 2404 1528 2435 noster,
1554 2399 1581 2430 si
1602 2399 1644 2430 sic
1659 2398 1752 2439 scrip-

1036 2451 1134 2481 sisset:

1097 2526 1150 2549 Nec
1161 2524 1244 2556 pietas
1255 2524 1301 2550 ulli
1312 2526 1399 2550 velato
1409 2528 1448 2550 est
1458 2531 1531 2557 saepe
1541 2524 1634 2550 videri.

1035 2595 1078 2624 Et
1100 2595 1189 2626 facile
1218 2596 1356 2635 profecto
1378 2595 1455 2626 illud
1477 2598 1570 2627 velato
1592 2594 1689 2625 abiret
1716 2592 1750 2623 in

1034 2648 1136 2683 velam,
1157 2647 1206 2677 vel
1221 2649 1361 2684 matam,-
1386 2647 1405 2677 i.
1421 2658 1445 2677 e.
1468 2648 1604 2678 velatum.
1649 2644 1696 2674 Ut
1717 2654 1749 2674 se

1035 2709 1082 2729 res
1098 2709 1182 2730 nunc
1197 2700 1300 2737 habet,
1325 2699 1358 2729 in
1385 2698 1479 2728 dubio
1504 2696 1687 2736 relinquitur
1708 2706 1748 2725 an

1035 2750 1230 2789 participium
1259 2752 1317 2780 hoc
1346 2749 1485 2788 respiciat
1513 2750 1673 2784 hominem,
1701 2747 1750 2776 vel

1034 2804 1175 2841 lapidem.
1215 2802 1282 2832 Nos
1297 2802 1468 2831 Lambinus
1483 2799 1578 2829 mittit
1592 2799 1631 2830 ad
1647 2799 1748 2829 Plaut.

1039 2853 1152 2890 Amph.
1168 2863 1195 2882 v.
1212 2855 1238 2882 1.
1255 2855 1303 2881 42.
1328 2851 1392 2881 Liv.
1408 2851 1427 2880 i.
1443 2854 1494 2881 59..
1512 2854 1541 2880 6.
1562 2856 1593 2881 et
1607 2849 1748 2881 commit-
