1926 3224
296 229 390 270 352
757 224 817 270 T.
871 220 1254 268 LUCRETII

435 355 492 398 Et
511 355 646 396 multis
665 353 751 394 aliis
770 351 929 407 praebet
947 350 1184 407 regionibus
1203 364 1348 406 aequor

437 429 668 471 Utilitatem
689 426 965 481 obportunam
986 424 1214 466 sitientibus
1233 424 1384 474 nautis,

436 502 561 551 Quod
582 500 748 550 dulceis‚
779 500 886 541 inter
905 499 1040 548 salsas,
1071 497 1307 540 intervomit
1325 496 1470 538 undas.

322 580 403 617 895
437 575 505 617 Sic
525 575 650 632 igitur
670 589 746 630 per
764 588 858 615 eum
877 580 1048 628 possunt
1068 585 1284 626 erumpere
1303 570 1477 620 fantem,

439 649 496 690 Et
515 657 683 698 scatere,
715 648 782 689 illa
800 647 908 688 foras
928 647 970 687 in
992 655 1182 701 stuppam
1201 645 1372 686 semina:
1405 659 1500 700 quae
1520 659 1646 701 quom

439 722 718 771 Conveniunt,
750 730 821 762 aut
840 721 883 761 in
903 720 1016 761 teda'l'
1034 734 1206 774 empore
1228 718 1458 769 adhaerent,

435 796 670 838 Ardescunt
689 793 803 835 facile
823 808 875 834 ex
894 792 1066 847 templo;
1098 791 1210 847 quod
1231 792 1358 833 multa
1378 807 1540 848 quoque
1569 793 1612 834 in
1632 807 1675 834 se

437 870 605 912 Semina
622 868 776 908 habent
795 867 901 923 ignis
921 875 1095 921 stuppae,
1127 865 1329 920 tedaeque‚
1361 873 1555 907 tenentes.

322 949 406 986 900
493 943 646 984 Nonne
664 941 776 983 vides
795 941 933 992 etiam,
964 948 1168 982 nocturna
1187 939 1240 982 ad
1259 938 1415 980 lumina
1434 939 1566 980 linum

295 1117 459 1157 specialem
484 1115 641 1158 quendam
666 1115 786 1147 fontem
814 1117 865 1147 hic
890 1115 1020 1146 nomine

293 1178 359 1199 esse
373 1168 584 1209 designatum.
633 1167 759 1206 Statius,
774 1167 838 1198 silv.
854 1167 884 1197 ii.
900 1171 931 1196 5.
949 1171 999 1197 56.

520 1241 568 1266 sed
577 1246 703 1272 aquarum
713 1239 816 1271 spiritus
825 1241 970 1263 arcet—-.

294 1313 364 1344 Nec
378 1313 499 1343 alienus
514 1310 674 1351 Vegetius
696 1310 736 1340 de
757 1320 790 1339 re
806 1308 897 1340 milit.
916 1309 954 1339 iv.
971 1312 1021 1340 42.

294 1368 319 1383 “
336 1364 540 1394 Elementum
558 1361 756 1401 pelagi—suo
778 1370 902 1400 quoque
922 1362 1022 1400 spira.

293 1419 317 1434 “
332 1417 425 1451 mine,
440 1420 603 1453 motuque,
615 1409 806 1453 vegetatur.'¹
838 1411 939 1448 Unde,
956 1412 1024 1442 aliis

293 1476 359 1496 non
374 1464 577 1499 obstantibus.
595 1477 628 1495 vo
642 1466 739 1503 spirat
754 1463 920 1494 stationem
935 1474 1025 1494 suam

294 1516 482 1547 validissime
510 1515 591 1546 tueri
627 1521 758 1555 poterat,
783 1521 814 1545 et
842 1515 947 1545 locum
990 1515 1024 1545 in

294 1568 544 1611 exquisitioribus
577 1569 740 1610 elegantiis
773 1569 831 1599 sibi
860 1569 1023 1600 vindicare.

294 1621 393 1653 Vind.
410 1627 445 1653 Δ.
472 1626 507 1653 Σ.
533 1623 629 1652 maris
650 1628 763 1661 parat;
789 1621 827 1651 V.
843 1621 890 1652 ed.
910 1621 947 1652 L.
975 1621 1023 1652 M.

293 1675 377 1704 nturi
390 1680 511 1713 φανοὶ,-
535 1672 569 1702 in
583 1672 698 1713 quibus
717 1672 827 1712 primae
849 1672 946 1702 literae
961 1671 1023 1702 lec-

295 1724 389 1754 tionis
403 1729 528 1761 nostrae,
552 1726 661 1754 marist
679 1725 771 1761 arad,
796 1723 880 1754 haud
895 1724 1024 1754 obscure

293 1776 504 1808 continentur.
549 1775 609 1807 Sed
633 1776 718 1806 enim
734 1775 854 1816 lampas
874 1776 1020 1806 acutiori-

293 1829 354 1858 bus
367 1826 517 1857 tradenda
531 1832 585 1857 est.

339 1886 420 1917 Ibid.
444 1887 573 1916 Λναάιό.
618 1886 731 1915 BIonet
747 1885 925 1925 Preigerus,
940 1886 1021 1916 Vos-

294 1937 377 1968 sium
392 1937 451 1967 hoc
466 1936 607 1967 debuisse
621 1935 763 1966 lemmati
785 1936 907 1972 codicis,
934 1940 956 1954 “
971 1938 1023 1966 De

295 1991 318 2007 ‘⁶
333 1988 422 2018 sonte
444 1989 548 2017 Aradi
569 1987 603 2016 in
623 1987 739 2018 mare.'’
784 1988 828 2018 Et
844 1990 962 2018 Aradio
978 1994 1024 2018 est

294 2044 331 2068 ut
345 2045 496 2078 Aayuormn
513 2038 660 2076 Homeri,
686 2043 718 2068 et
731 2038 819 2077 paria
843 2038 877 2068 in
893 2039 1024 2079 propriis

294 2089 482 2120 nominibus.
528 2089 616 2128 Saepe
630 2087 776 2119 diximus.

336 2141 411 2171 Ver.
427 2144 499 2173 892.
516 2142 648 2180 proebet:
685 2141 720 2171 P.
740 2142 863 2180 pariter
868 2157 880 2177 ;
913 2141 965 2171 sed
991 2152 1023 2171 e-

294 2192 437 2231 mendat,
473 2203 511 2223 ex
547 2191 675 2233 antiquii
710 2192 859 2230 lectione,
887 2195 1021 2233 praebee:

296 2243 392 2274 Vind.
407 2244 449 2274 V.
472 2243 520 2274 ed.
536 2244 572 2274 L.
590 2244 636 2273 M.
654 2244 693 2279 Q.
710 2249 745 2274 Δ.
762 2249 795 2275 Σ.
807 2250 938 2284 praeter:
965 2254 1023 2274 un-

293 2295 334 2326 de
348 2295 436 2326 locus
450 2302 497 2326 est
513 2295 553 2326 ad
575 2296 660 2326 hunc
675 2295 806 2326 modum
822 2296 958 2326 fortassis
972 2306 1022 2327 or-

294 2346 465 2378 dinandus:

323 2429 358 2453 Et
368 2428 462 2453 multis
472 2428 527 2453 aliis
540 2432 634 2460 praeeer
643 2429 793 2462 regionibus
803 2436 899 2461 aequor

323 2467 427 2492 Utilitas
437 2468 574 2500 importuna
585 2473 619 2493 est
630 2469 778 2494 sitientibus
790 2469 888 2499 nautis,

323 2506 404 2537 Quod
415 2506 526 2536 dulceis,
536 2507 606 2532 inter
615 2507 701 2537 salsas,
713 2507 870 2532 intervomit
882 2508 978 2532 undas.

293 2586 338 2618 Et
351 2586 471 2617 doctior
485 2599 562 2618 usus
577 2589 717 2620 vocabuli
737 2596 850 2629 praeter
864 2589 1022 2620 adverbia-

291 2638 363 2669 liter
376 2649 484 2669 ansam
500 2639 621 2670 dedisse
643 2641 750 2671 scribis
765 2641 867 2679 potuit
883 2651 1022 2671 corrum-

291 2689 469 2728 pendorum
490 2693 885 2731 versuum.—regionibus.·
911 2693 954 2723 V.
977 2691 1023 2725 ed.

291 2741 458 2779 religionis.

335 2798 411 2829 Ver.
428 2803 498 2831 894.
521 2803 647 2840 dulceis,
677 2802 726 2833 vel
757 2805 874 2835 dulcis.-
909 2803 944 2834 L.
977 2805 1024 2835 M.

291 2850 633 2884 dulcia—intervomit·-
659 2854 755 2885 Vind.
781 2861 816 2886 Σ.
842 2858 1023 2895 inici-novit,-

293 2907 324 2931 et
338 2911 400 2932 01·ae
412 2902 527 2934 codicis
543 2909 577 2936 Σ.
593 2905 777 2937 adscribitur
792 2909 968 2938 immiscuit.

1106 1112 1187 1143 Ibid.
1209 1112 1379 1142 intervomit
1395 1112 1502 1141 undas.
1546 1089 1708 1151 Virgilius]
1721 1121 1791 1152 geo.

1063 1164 1094 1194 ii.
1114 1167 1185 1194 462.

1094 1248 1174 1272 Mane
1183 1246 1348 1271 salutantum
1360 1246 1424 1270 totis
1435 1245 1519 1270 vomit
1530 1245 1632 1271 aedibus
1643 1245 1750 1271 undam.

1108 1319 1183 1349 Ver.
1198 1322 1271 1350 895.
1286 1329 1459 1358 erumpere:
1479 1324 1607 1356 neutre3
1622 1318 1708 1349 unde
1721 1328 1792 1359 spe·

1067 1370 1147 1401 ciem
1176 1372 1268 1401 habet
1294 1370 1438 1401 codicum
1461 1370 1658 1410 quorundam
1686 1370 1792 1409 lectio,

1067 1434 1097 1455 se
1112 1423 1337 1461 emittentium,
1355 1423 1395 1453 ad
1410 1422 1550 1463 ejusdem
1565 1432 1633 1463 geo.
1647 1422 1687 1454 iv.
1698 1426 1772 1454 368.

1098 1506 1131 1530 Et
1141 1508 1234 1537 caput,
1244 1505 1318 1530 unde
1328 1504 1398 1530 altus
1406 1505 1517 1537 primum
1529 1504 1637 1537 erumpit
1647 1503 1776 1536 Erflpeus:

1067 1579 1295 1619 nobismetipsis
1309 1579 1381 1609 licet
1402 1578 1457 1609 ille
1471 1578 1574 1609 hiatus
1587 1578 1727 1609 vidaetur
1742 1578 1794 1608 in·

1062 1629 1244 1669 jucundior,
1260 1640 1362 1670 neque
1378 1636 1493 1660 temere
1508 1629 1729 1660 admittendus.

1110 1691 1184 1721 Ver.
1201 1695 1272 1722 896.
1294 1702 1380 1731 quae:
1412 1689 1513 1729 spreta
1540 1692 1793 1721 membranarum

1066 1740 1138 1779 fide,
1162 1741 1306 1771 hodierni
1329 1741 1461 1771 editores
1483 1741 1680 1772 inscitissime
1699 1741 1793 1772 dede*-

1064 1798 1149 1828 runt,
1177 1802 1215 1822 ex
1233 1792 1359 1822 arbitrio
1385 1791 1513 1829 scilicet,
1537 1803 1612 1831 quo:
1637 1802 1731 1832 quern
1747 1792 1793 1822 fe-

1065 1843 1230 1873 dissimum
1253 1853 1389 1874 errorem
1414 1843 1553 1873 socordia
1568 1843 1718 1880 hominis,
1740 1843 1795 1884 qui

1067 1894 1163 1925 vind.
1179 1895 1250 1926 edit.
1267 1895 1397 1933 curavit,
1420 1905 1476 1934 pro
1491 1894 1581 1925 solito
1599 1894 1725 1935 reliquit
1745 1895 1794 1925 in-

1066 1947 1261 1987 castigatum.

1110 2005 1183 2035 Ver.
1201 2009 1271 2037 897.
1294 2008 1327 2036 in
1343 2006 1426 2036 teda'i
1448 2016 1578 2044 corpore.
1623 2004 1705 2034 Haec
1719 2003 1795 2035 faci-

1067 2054 1105 2084 lis
1136 2062 1191 2091 est,
1223 2062 1254 2086 et
1290 2055 1450 2094 impendio
1480 2055 1658 2094 probabilis,
1689 2055 1794 2085 Vossii

1067 2107 1256 2146 emendatio,
1280 2108 1316 2138 P.
1335 2111 1367 2138 in
1382 2107 1463 2138 taedci
1479 2119 1547 2138 cum
1562 2118 1707 2161 εονχιονας
1734 2117 1793 2138 un·

1067 2159 1106 2189 de
1122 2169 1185 2189 non
1200 2159 1353 2190 deteriora
1367 2166 1481 2189 essent:

1246 2245 1292 2268 aut
1304 2243 1331 2267 in
1343 2243 1407 2267 tede
1416 2250 1489 2275 quom
1501 2249 1612 2275 corpore
1621 2242 1773 2268 adhaerent.

1068 2321 1164 2353 Vind.
1179 2324 1285 2353 videda
1305 2333 1450 2361 cor-pora,·
1474 2321 1522 2353 M.
1539 2327 1573 2353 Δ.
1588 2324 1660 2353 inde
1674 2324 1716 2353 ad
1731 2334 1796 2354 cor-

1061 2384 1165 2413 ]›ora‚·
1191 2374 1231 2404 Ο.
1248 2376 1281 2404 in
1297 2375 1393 2404 taeda'i
1409 2385 1552 2413 corpora;
1577 2374 1615 2410 Q.
1639 2376 1673 2404 in
1695 2386 1797 2415 ευηιο-

1064 2439 1121 2465 ra‚·
1147 2432 1181 2459 Σ.
1204 2429 1276 2458 imle
1290 2429 1485 2468 corporibus,·
1511 2434 1555 2458 Ω.
1581 2430 1615 2458 in
1637 2430 1706 2458 teda
1730 2439 1795 2459 cor-

1059 2489 1149 2518 pora.
1194 2479 1312 2519 Vulgo,
1335 2491 1423 2519 quom
1439 2481 1523 2509 leda'i
1538 2481 1665 2519 corpori.
1710 2479 1796 2515 Quid

1066 2537 1243 2570 compareat
1269 2531 1302 2561 in
1321 2531 1357 2561 V.
1381 2530 1428 2561 ed.
1445 2531 1482 2561 B.
1499 2531 1534 2561 L.
1559 2541 1623 2562 non
1648 2531 1682 2562 id
1710 2541 1795 2562 com-

1066 2589 1189 2620 pertum
1207 2584 1310 2613 habui.
1357 2583 1509 2613 Conferas
1524 2593 1584 2613 ver.
1604 2586 1676 2613 881.

1110 2642 1185 2671 Ver.
1203 2646 1274 2673 898.
1299 2643 1489 2673 Ardescum:
1521 2647 1555 2673 Δ.
1586 2643 1795 2673 Etiamne.—

1068 2695 1164 2733 qnod:
1190 2693 1233 2723 ita
1249 2693 1284 2723 P.
1302 2694 1340 2724 L.
1366 2695 1412 2724 M.
1438 2693 1540 2734 vulgo,
1566 2695 1657 2734 quien
1681 2693 1722 2723 V.
1746 2693 1793 2723 ed.

1071 2750 1104 2775 Σ.
1120 2756 1200 2784 quae.

1112 2807 1186 2837 Ver.
1204 2811 1276 2839 899.
1299 2809 1408 2838 habent
1420 2812 1563 2838 tenentes.
1611 2804 1798 2835 Consimiles

1067 2857 1192 2888 dicendi
1208 2859 1357 2889 formulas
1368 2858 1441 2889 aiibi
1458 2857 1492 2887 in
1507 2857 1555 2886 his
1569 2856 1799 2887 commentariis

1070 2909 1235 2941 illustratas
1250 2909 1404 2941 dedimus.
1450 2908 1539 2939 Hinc
1554 2907 1587 2938 in
1602 2907 1709 2939 animo
1727 2916 1800 2939 meo
