1926 3224
315 254 375 292 88

817 249 876 295 Τ.
912 245 1290 295 LUCRETII

516 378 590 419 Est
608 378 734 418 etiam
753 390 931 431 quoque,
951 375 1036 416 utei
1054 374 1181 428 possit
1199 372 1346 414 coelum
1368 387 1490 414 omne
1509 389 1673 417 manere

456 451 507 492 In
528 451 714 500 statione,
736 457 874 491 tamen
894 462 1019 504 quom
1039 447 1173 488 lucida
1193 447 1309 503 signa
1327 445 1527 487 feruntur:

344 529 426 565 520
458 524 565 574 Sive,
588 523 700 579 quod
720 523 887 566 inclusei
907 522 1038 577 rapidi
1060 530 1154 563 sunt
1172 521 1334 562 aetheris
1354 527 1491 569 festus,

455 597 778 653 Quaerentesque
796 597 903 638 viam
923 596 1308 644 circumversantur,
1329 601 1370 634 et
1389 593 1503 649 ignes

358 753 457 785 Qualis,
468 754 495 778 in
505 753 569 778 a‘e‘rii
575 753 705 785 perlucens
713 753 813 778 vertice
822 753 931 783 montis,

387 792 476 816 Rivus
485 799 605 817 muscoso
616 791 717 823 prosilit
727 799 742 816 e
753 792 848 823 lapide.

311 874 418 910 Quem
433 880 537 904 noster
559 873 688 912 Popius,
704 879 760 903 aut
774 873 886 912 sciens,
908 880 963 904 aut
977 884 1031 905 ne-

308 924 420 962 sciens,
443 925 602 963 expressit,
623 924 721 955 Elo’is.
741 927 810 956 157.

339 1007 402 1032 The
413 1008 561 1040 wand’ring
574 1011 688 1038 stream,
705 1007 766 1033 that
776 1008 846 1033 shine
856 1009 980 1034 between
991 1009 1033 1033 elic

370 1047 496 1072 hiIIs—.

352 1120 426 1151 Ver.
441 1124 512 1153 519.
534 1123 656 1153 lucida:
682 1122 778 1153 Vind.
802 1129 842 1153 Π.
867 1129 912 1154 522
934 1125 1029 1161 lucia,

308 1177 341 1202 et
355 1177 390 1203 Σ.
412 1182 468 1211 pro
485 1172 605 1202 diversa
620 1172 963 1214 lectione—feruntur.-
989 1175 1032 1204 sic

307 1223 345 1253 L.
369 1224 416 1253 M.
438 1223 561 1264 reliqui,
573 1224 822 1264 femmam—In
839 1236 929 1256 versu
952 1237 1031 1266 prae-

307 1273 448 1313 cedente,
466 1281 506 1305 Π.
522 1287 646 1313 movere,
663 1275 729 1306 vice
745 1288 873 1307 manere.

351 1336 432 1367 Ibid.
453 1348 540 1377 quom
552 1337 724 1378 seruntur.-
757 1339 777 1369 i.
800 1349 827 1369 c.
850 1340 896 1375 ὡς,
921 1343 943 1358 “
959 1342 1035 1370 (lum

308 1392 330 1407 “
347 1389 522 1419 feruntur.”

350 1447 425 1477 Ver.
442 1451 517 1478 520.
538 1449 644 1486 rapidi
659 1450 794 1484 oetlteris;
819 1449 909 1488 cujus
925 1449 1031 1479 celeri-

304 1505 369 1529 tate
391 1499 488 1530 stellae
510 1506 684 1529 versantur:
715 1510 789 1530 nam
812 1502 1031 1541 orthographia

306 1556 411 1580 nostra
441 1549 515 1579 locis
544 1550 725 1589 hujusmodi
758 1552 1031 1590 praesentissimam

306 1607 398 1631 navat
412 1611 550 1640 operam,
573 1608 604 1631 et
618 1612 637 1632 a
652 1601 816 1633 lectoribus
831 1613 964 1634 errorem
980 1604 1029 1633 in-

304 1651 445 1690 terpretis
459 1651 664 1691 propulsabit,
682 1654 735 1694 qui
751 1654 913 1694 conjunxit
928 1657 1035 1694 rapidi

305 1712 380 1733 cum
409 1709 514 1740 aestus5
555 1714 677 1735 memor
705 1704 833 1736 fortasse
863 1706 1032 1746 virgiliani

305 1753 423 1792 versus,
449 1754 482 1784 in
499 1754 554 1785 ecl.
570 1755 602 1785 ii.
622 1758 668 1785 10.

561 1843 649 1876 rapido
660 1843 735 1870 fessis
745 1845 902 1874 messoribus
915 1849 987 1871 aeslu.

307 1915 367 1946 Sed
389 1915 487 1954 enim,
510 1916 582 1946 licet
603 1923 694 1949 cestus
710 1918 917 1949 violentarum
933 1930 1027 1960 aqua-

303 1977 375 1997 rum
397 1968 476 1997 bene
497 1967 642 1999 dicantur
663 1972 784 2009 rapidi5
817 1973 860 2001 sol
881 1971 975 2001 etiam
998 1978 1029 2002 et

291 2021 441 2060 flamma,
461 2020 515 2060 qui
537 2022 674 2052 celeriter
688 2029 875 2060 moveantur,
898 2030 929 2053 et
951 2026 1028 2055 hau·

303 2072 389 2102 rz'ant
405 2071 512 2101 omnia
527 2073 738 2113 det-orentque,
761 2073 871 2104 eodem
894 2075 1030 2114 epitheto

302 2126 399 2164 probe
413 2131 620 2164 exornentur;
643 2126 762 2163 dubito,
785 2138 826 2157 an
848 2130 931 2158 calor
953 2129 1028 2159 sim-

302 2175 386 2214 plex,
403 2186 461 2206 nec
475 2177 679 2215 personaliter
694 2178 863 2216 exhibitus,
879 2179 960 2209 hanc
975 2190 1030 2219 ap-

302 2226 505 2265 pellationem
520 2227 637 2259 toleret.
678 2229 917 2269 subscripserim
934 2230 1031 2270 igitur

302 2277 447 2317 equidem
471 2279 660 2319 conjecturae
677 2279 804 2316 Clerici,
825 2280 1029 2321 sugillationi-

302 2328 361 2358 bus
377 2328 624 2359 Burmannianis
646 2330 732 2369 parvi
748 2331 863 2370 pensis,
886 2332 919 2362 in
935 2343 1031 2374 quam

301 2389 377 2410 sane
391 2386 500 2419 sponte
514 2380 700 2412 incideram:

559 2455 647 2480 rabido
657 2456 729 2481 fessis
740 2458 896 2483 messoribus
907 2462 980 2483 estu.

303 2519 377 2550 Non
393 2520 482 2551 aliter
499 2521 671 2562 Ausonius,
694 2524 781 2564 epist.
797 2524 879 2555 xxiv.
896 2529 945 2556 98.

302 2597 417 2628 EgeIidae
429 2601 460 2621 ut
473 2600 582 2630 tepeant
594 2599 714 2630 hyemes,
729 2600 881 2632 rabidosque
893 2608 940 2633 per
952 2604 1030 2626 aestus

302 2635 442 2667 Adspirent
453 2639 548 2662 tenues
559 2637 641 2671 frigus
651 2639 748 2664 subtile
759 2640 911 2671 Aquilones.

303 2710 347 2740 Et
365 2712 530 2753 Manilius,
545 2724 572 2746 v.
590 2719 660 2746 208.
676 2726 740 2747 non
756 2716 876 2748 alienus
890 2723 950 2748 est:

334 2807 549 2818 ——-
562 2800 695 2832 latratque
707 2801 970 2832 Camculaflammas,

334 2833 368 2857 Et
377 2834 445 2859 rabit
455 2835 511 2867 igne
522 2844 585 2862 suo:

303 2912 341 2937 ut
360 2914 485 2949 egomet
506 2910 612 2941 etiam·
625 2913 858 2944 rescribendum
881 2914 1030 2953 videram,

1076 751 1267 783 Bentleianae
1303 750 1504 781 divinationis
1531 749 1611 780 nihil
1646 749 1794 781 conscius.

1078 803 1282 840 Claudianus,
1305 803 1337 832 in
1353 803 1484 841 Eutrop.
1499 802 1519 832 i.
1538 805 1605 832 108.

1302 878 1329 896 se
1339 871 1425 895 rabido
1434 870 1529 895 fessam
1540 870 1686 902 projecerat
1696 874 1769 895 erm.

1077 933 1129 965 Sic
1149 935 1226 966 liber
1242 945 1323 965 unus
1345 935 1416 965 MS.
1439 940 1471 964 et
1493 933 1588 964 editio
1603 944 1680 964 una:
1707 934 1796 972 editi,

1075 989 1192 1026 rapido.
1252 986 1316 1016 Hae
1346 986 1481 1015 rationes
1501 992 1616 1021 autem,
1647 986 1673 1015 si
1701 987 1798 1025 probe

1075 1037 1137 1067 sint
1160 1037 1330 1074 subductae,
1351 1037 1531 1068 Juvencum
1555 1046 1678 1076 qnoque
1700 1037 1795 1067 corri-

1074 1090 1214 1129 gendum
1237 1089 1405 1128 postulant,
1429 1090 1486 1118 hac
1510 1087 1624 1118 menda
1644 1088 1794 1119 dehones-

1074 1146 1186 1177 tatum,
1209 1139 1248 1169 ad
1263 1139 1331 1169 hist.
1347 1149 1455 1179 evang.
1470 1138 1503 1168 ii.
1520 1142 1590 1170 249.

1107 1206 1212 1231 Sederat
1225 1205 1282 1230 heic
1293 1204 1379 1230 rabido
1391 1206 1513 1230 servator
1524 1205 1633 1230 anhelus
1643 1205 1670 1230 in
1681 1209 1754 1231 aestu.

1118 1278 1192 1308 Ver.
1216 1281 1287 1308 522.
1309 1279 1393 1308 coele':
1420 1283 1460 1307 n.
1476 1278 1794 1308 mlum—inmania.-

1074 1329 1117 1359 sic
1139 1335 1220 1359 recte
1235 1329 1292 1358 viri
1315 1328 1399 1359 docti
1421 1338 1594 1367 reposuere,
1621 1328 1675 1358 sed
1695 1339 1736 1358 an
1758 1338 1796 1359 ex

1075 1378 1136 1408 fide
1151 1379 1336 1418 scriptorum
1360 1378 1585 1417 exemplarium
1599 1378 1799 1409 vehementer

1075 1428 1192 1458 dubito.
1233 1429 1314 1459 Haec
1329 1429 1424 1458 dictio
1439 1439 1522 1464 sane,
1544 1428 1570 1458 si
1583 1434 1685 1458 vertex
1701 1431 1714 1459 i
1728 1429 1798 1459 lite-

1075 1488 1118 1507 rae
1131 1478 1309 1517 productior
1327 1479 1515 1518 insurgeret,
1537 1478 1629 1509 facile
1650 1478 1798 1520 migraret

1074 1530 1106 1559 in
1122 1529 1237 1560 codicis
1261 1530 1307 1560 M.
1330 1530 1526 1568 scripturam,
1552 1532 1693 1560 sumam’a
1715 1530 1797 1560 scili-

1073 1587 1134 1612 cet:
1161 1582 1197 1612 P.
1212 1583 1265 1612 sub
1280 1583 1402 1617 inania;
1427 1582 1467 1612 V.
1484 1581 1529 1612 ed.
1548 1582 1585 1612 Β.
1605 1583 1658 1612 sub
1673 1583 1796 1619 mania,-

1076 1633 1113 1663 L.
1128 1633 1166 1663 O.
1181 1638 1214 1663 Δ.
1229 1637 1265 1664 Σ.
1279 1639 1322 1663 Ω..
1332 1635 1526 1668 sunzmam'a;
1549 1639 1588 1663 Π.
1601 1634 1631 1663 si
1639 1634 1799 1664 immania.

1077 1684 1232 1721 Profecto,
1263 1683 1323 1713 nisi
1352 1694 1406 1723 per
1435 1685 1588 1714 rationem
1610 1684 1799 1724 propositam

1076 1745 1167 1774 super
1184 1735 1363 1775 importuno
1377 1736 1505 1766 introitu
1515 1735 1613 1766 literae
1622 1747 1646 1772 s,
1666 1746 1718 1767 me
1733 1746 1798 1767 non

1075 1786 1212 1826 expedio.
1259 1786 1365 1827 Vulgo
1379 1786 1503 1827 legitur,
1525 1799 1555 1818 se
1571 1789 1719 1818 immania
1726 1804 1737 1825 ;
1761 1794 1797 1819 ut

1074 1844 1119 1868 est
1144 1840 1177 1868 in
1201 1838 1296 1868 Vind.
1323 1849 1355 1869 se
1393 1839 1530 1869 collatori
1560 1839 1636 1869 velis
1664 1839 1798 1876 credere,

1073 1889 1262 1920 membranis
1273 1889 1455 1928 saepiuscule
1470 1889 1721 1920 obdormiscenti:
1742 1890 1798 1920 Pi-

1071 1951 1109 1970 us
1124 1946 1228 1970 tamen
1240 1940 1323 1970 haud
1340 1939 1430 1970 aliter
1445 1950 1622 1980 comparere
1637 1941 1670 1970 in
1682 1940 1799 1971 codici-

1072 1992 1130 2021 bus
1152 1991 1217 2020 suis
1242 1991 1397 2021 veteribus
1419 1991 1560 2021 affirmat.
1607 1991 1674 2021 Nec
1696 1997 1809 2021 tamen-

1073 2042 1139 2071 haec
1167 2042 1319 2080 scriptura
1341 2051 1404 2071 non
1428 2048 1472 2071 est
1494 2041 1709 2079 insulsissima,
1740 2052 1798 2072 nec

1073 2098 1210 2122 mentem
1227 2092 1326 2130 po'e’tae
1345 2101 1407 2121 non
1424 2102 1548 2130 pessum
1563 2092 1632 2128 dat;
1648 2103 1718 2132 quae
1727 2103 1797 2131 pos-

1074 2142 1163 2180 tulat,
1188 2148 1223 2172 ut
1249 2142 1337 2182 ignes
1359 2142 1469 2172 siderei
1492 2142 1547 2172 illo
1567 2149 1643 2173 aeslu
1664 2145 1797 2180 oetlzeris,

1075 2195 1138 2223 rfon
1167 2194 1294 2223 motibus
1319 2195 1469 2232 propriis,
1506 2193 1795 2223 circumvolvantur.

1075 2243 1169 2281 Quod
1182 2244 1482 2282 manifestissimum,
1498 2245 1546 2274 vel
1563 2245 1660 2275 oculis
1669 2244 1796 2284 lippitu-

1074 2295 1147 2326 dine
1161 2296 1346 2331 suffuscatis,
1369 2297 1471 2326 statim
1490 2297 1613 2335 patebit.

1118 2347 1198 2378 Ibid.
1224 2350 1364 2379 inmania
1387 2350 1507 2387 templa.
1553 2348 1730 2384 Arnobius„
1745 2348 1797 2379 lib.

1074 2399 1112 2429 vi.
1148 2402 1171 2417 “
1199 2401 1321 2439 Templa
1345 2399 1430 2429 enim
1452 2400 1518 2428 haec
1540 2398 1614 2439 quid
1637 2399 1732 2430 sunt?
1764 2398 1797 2429 Si

1075 2454 1097 2468 “
1115 2451 1285 2480 humanam
1316 2450 1530 2480 infirmitatem
1560 2460 1658 2491 roges,
1694 2450 1798 2480 nescio

1076 2504 1098 2519 “
1116 2502 1191 2541 quid
1213 2505 1360 2538 immane;
1385 2508 1477 2542 atque
1500 2501 1662 2541 amplum;v
1679 2501 1703 2531 si
1722 2501 1798 2531 deo·

1076 2556 1098 2571 “
1115 2563 1184 2583 rum
1201 2554 1372 2593 potentiam
1387 2553 1600 2584 metiaris—.”
1631 2553 1743 2590 Varro,
1757 2551 1797 2582 de

1075 2603 1149 2644 ling.
1166 2605 1233 2634 Lat.
1249 2604 1287 2634 vi.
1303 2609 1331 2635 ‘2.
1355 2608 1379 2622 “
1399 2605 1438 2634 In
1453 2604 1530 2634 coelo
1545 2603 1697 2643 templum
1719 2601 1796 2632 dici-

1075 2657 1097 2673 “
1114 2661 1180 2692 tur;
1206 2661 1241 2685 ut
1258 2655 1290 2685 in
1308 2654 1457 2685 Hecuba:

1107 2742 1126 2754 “
1137 2741 1173 2765 O!
1188 2748 1280 2771 magna
1299 2741 1390 2773 templa
1408 2740 1541 2769 coelitum,
1565 2737 1716 2763 commixta
1737 2736 1797 2762 stel-

1200 2782 1218 2794 “
1232 2780 1276 2805 leis
1287 2779 1474 2812 splendideis.”

1075 2852 1118 2882 Et
1134 2853 1298 2893 Virgilius,
1315 2853 1353 2883 vi.
1373 2855 1420 2883 18.

1390 2927 1530 2959 posuitque
1541 2927 1656 2952 inmania
1668 2925 1770 2958 templu.

1053 2975 1074 3000 5
