1926 3224
310 237 370 282 72

801 235 861 280 Τ.
914 234 1293 281 LUCRETII

447 363 623 418 Propter
641 361 866 402 dissimileis
886 360 1053 409 formas,
1075 361 1286 416 variasque
1305 362 1478 418 figuras;

335 440 416 476 445
449 435 576 484 Quod
595 448 680 474 non
700 433 840 473 omnia
859 432 915 473 sic
934 440 1124 487 poterant
1143 434 1360 488 conjuncta
1379 449 1557 485 manere,

449 508 538 548 Nec
557 514 692 546 motus
712 505 818 546 inter
838 520 922 546 sese
949 505 1048 546 dare
1067 507 1391 548 convenienteis.-

449 580 583 621 Hocc’
604 587 663 620 est
682 595 707 620 a
725 579 842 619 terris
862 578 989 620 altum
1009 594 1216 621 secernere
1235 581 1402 631 coelum,

449 653 506 694 Et
526 665 705 694 seorsum
726 667 839 692 mare
858 653 941 693 utei
962 661 1174 703 secretom‚
1194 653 1439 709 humorque,
1460 662 1632 709 pateret3

450 727 618 768 Seorsus
638 727 736 766 item
756 725 889 780 purei,
912 726 1172 780 secreteique,
1194 726 1357 767 aetheris
1376 727 1503 783 ignes.

336 805 419 840 450

776 969 818 993 Ex
828 968 880 1000 qua
892 968 973 994 filiam

367 1007 489 1039 Suscepit,
502 1010 529 1032 et
539 1013 599 1032 earn
611 1007 680 1032 clam
692 1007 824 1032 educcit—.

283 1100 287 1105 ·
307 1085 402 1116 Unde
417 1085 622 1127 intelligimus
638 1087 789 1117 diversam
803 1086 967 1118 lectionem
976 1099 1026 1118 co-

305 1138 392 1174 dicis,
409 1139 622 1169 Westerhovio
636 1146 852 1178 memoratam,
867 1151 932 1171 esse
946 1141 1028 1181 glos-

305 1189 414 1219 satoris
427 1189 590 1229 cujusdam
604 1190 809 1230 marginalem
825 1197 940 1221 notam.
959 1192 1026 1222 Nec

305 1248 358 1269 me
373 1239 528 1270 fautorem
551 1250 615 1270 non
637 1241 728 1271 habet
751 1241 1025 1281 impensissimum,

304 1290 348 1320 sic
363 1290 486 1329 capiens
500 1298 569 1330 post
580 1291 721 1322 Probum
737 1292 880 1322 Maronis
895 1303 1026 1328 versum,

305 1341 345 1371 ad
362 1343 436 1372 AEn.
451 1342 493 1373 iii.
509 1346 539 1372 5.

319 1427 389 1455 Post,
401 1433 482 1457 quam
494 1433 534 1451 res
546 1426 614 1451 Asiae
627 1427 776 1457 Priamique
786 1430 908 1452 evertere
917 1430 1028 1458 gentem

320 1466 477 1490 Inmeritam
491 1466 582 1489 visum
593 1466 704 1497 superis,
713 1466 853 1496 ceciditque
863 1467 1007 1497 superbum

321 1504 411 1534 Ilium,
422 1509 450 1530 et
463 1506 548 1529 omnis
561 1505 740 1535 humosumoit
753 1506 884 1537 Neptunia
898 1507 1018 1536 Troja—:

305 1587 379 1608 nam
396 1589 496 1618 neque
511 1578 632 1609 faciunt
648 1579 760 1616 hilum,
787 1590 857 1620 quae
873 1581 1028 1610 Burman-

303 1638 364 1658 nus
379 1629 542 1660 oblocutus
556 1636 614 1668 est,
624 1637 655 1660 et
665 1631 821 1670 probabile
836 1631 956 1662 videtur
970 1633 1029 1662 hu—

300 1680 390 1720 jusce
407 1681 502 1710 etiam
516 1681 659 1711 sormulae
671 1682 866 1712 Lucretianae
875 1683 1030 1722 specimen

305 1731 394 1762 aliud
409 1732 586 1773 relinquere
604 1734 731 1763 Maroni
746 1734 905 1772 placuisse,
915 1745 955 1764 ne
965 1745 1029 1764 non

305 1783 338 1811 in
365 1783 512 1813 omnibus
535 1794 687 1824 magnum
710 1790 787 1814 esset
812 1792 1030 1823 praeceptorem

303 1833 477 1864 aemulatus.
523 1834 586 1864 Adi
606 1835 679 1864 AEn.
692 1835 741 1864 vii.
757 1839 829 1865 563.

345 1893 418 1924 Ver.
442 1897 514 1924 446.
539 1905 598 1925 sese
624 1896 717 1925 dare:
744 1895 843 1926 vind.
877 1901 909 1926 Σ.

302 1947 385 1975 (lare.

933 1908 961 1926 SC
983 1908 1026 1926 SC-

345 2004 419 2034 Ver.
435 2008 506 2035 447.
528 2007 618 2036 [εν-νίς
649 2008 763 2037 allum:
792 2013 831 2037 Π.
854 2010 943 2037 terris
967 2010 1026 2037 sal-

300 2062 382 2092 tum;
407 2060 442 2086 Σ.
458 2062 547 2087 terrae
564 2059 660 2094 δοίη,-
684 2059 874 2097 Macrobius,
892 2059 909 2089 Ι.
925 2070 949 2089 c.
966 2066 1026 2090 ler-

300 2109 344 2137 rz's
361 2118 523 2147 magnum‚·
550 2109 658 2139 minus
673 2116 886 2150 congruenter.

344 2166 424 2197 Ibid.
448 2179 467 2197 a
490 2170 580 2199 terris
605 2180 756 2200 secernere
782 2172 899 2201 coelum.
949 2171 1027 2202 Haec

304 2217 437 2248 Ovidius
453 2218 594 2250 elocutus
609 2226 661 2256 est,
678 2227 751 2251 met.
768 2221 786 2252 i.
804 2225 853 2252 22.
870 2222 1023 2253 similiter:

331 2301 399 2325 Nam
414 2301 472 2326 coelo
483 2305 574 2332 terras,
585 2306 614 2328 et
624 2303 700 2328 terris
711 2304 822 2328 abscidit
834 2305 927 2334 undas,

331 2340 364 2364 Et
377 2340 508 2371 liquidum
520 2342 602 2372 spisso
614 2342 724 2366 secrevit
735 2343 768 2367 ab
779 2343 840 2368 :scre
851 2343 963 2367 coelum.

342 2419 417 2450 Ver.
434 2423 505 2450 448.
522 2432 670 2452 seorsum:
691 2421 731 2451 V.
744 2421 790 2452 ed.
809 2421 848 2452 O.
865 2427 898 2452 Δ.
916 2427 948 2453 Σ.
959 2433 1027 2452 sur-

300 2481 383 2507 sum,·
408 2482 478 2512 quae
497 2473 624 2503 varietas
647 2483 665 2503 a
689 2473 909 2514 colliquefactis
932 2473 1027 2504 densa

299 2524 559 2560 pronunciatione
572 2525 726 2555 vocalium
741 2525 863 2564 syllabis
871 2526 1027 2564 profluxit,

296 2583 411 2604 sorsum
438 2574 528 2613 dico;
549 2577 595 2606 uti
622 2587 696 2607 sane
711 2577 859 2616 scriptum
876 2583 921 2607 est
936 2578 968 2607 in
991 2578 1027 2608 L.

299 2623 349 2653 ΪΜ.
374 2624 427 2655 sed
443 2626 519 2656 citra
534 2628 760 2665 necessitatem,
784 2627 893 2657 saltem
909 2628 942 2658 in
958 2628 1023 2658 Lu-

298 2675 404 2714 cretio,
428 2678 583 2716 permulta
597 2680 656 2710 hoc
671 2690 772 2720 genus
787 2680 929 2719 exempla
951 2690 1023 2718 sup-

297 2725 470 2762 peditante:
498 2735 538 2759 Π.
561 2738 878 2761 rursum—secretam
901 2733 1024 2761 humor-

296 2785 362 2813 que.
409 2777 510 2807 Aliter
542 2780 599 2809 hac
629 2782 789 2812 occasione
818 2782 927 2812 saltem
957 2792 1022 2812 non

298 2835 391 2855 ausus
407 2836 477 2857 sum
492 2831 668 2868 rescribere,
692 2839 722 2862 et
738 2834 904 2873 oepxoei'oepeov
918 2834 1023 2863 ortho-

508 800 675 854 Quippe
695 806 735 839 et
755 799 863 839 enim
882 799 1063 853 primum
1083 802 1208 840 terra'i
1227 815 1401 855 corpora
1421 815 1609 857 quaeque,

1071 972 1221 1003 librorum
1236 979 1377 1004 veterum
1394 973 1571 1004 testimonia
1581 974 1635 1004 has
1646 973 1792 1004 lectiones

1070 1024 1285 1054 vociferentur.
1320 1025 1356 1055 P.
1378 1031 1535 1061 secretum,
1550 1024 1631 1064 quod
1646 1025 1791 1055 Juntinae

1071 1081 1193 1105 curator
1208 1075 1352 1105 editionis
1367 1085 1403 1104 ex
1416 1075 1542 1104 arbitrio
1553 1073 1587 1104 in
1596 1081 1706 1105 'secreto
1719 1085 1790 1105 mu-

1071 1126 1161 1163 tavit3
1185 1132 1216 1156 et
1231 1136 1267 1156 ea
1280 1126 1371 1156 lectio
1387 1126 1420 1156 in
1435 1125 1503 1156 aliis
1515 1125 1739 1165 exemplaribus
1750 1125 1791 1156 ad

1072 1187 1173 1206 unum
1189 1177 1306 1214 visitur,
1324 1177 1378 1207 sed
1393 1177 1477 1208 haud
1493 1177 1586 1208 dubie
1595 1177 1660 1207 vice
1671 1181 1789 1213 secrete-v,

1070 1229 1089 1258 i.
1107 1238 1132 1258 e.
1156 1235 1306 1260 secretom.
1350 1229 1508 1269 Vulgares
1523 1229 1617 1259 etiam
1631 1229 1717 1267 editi,
1732 1231 1790 1259 lm·

1070 1291 1150 1310 more
1160 1296 1171 1316 ‚·
1187 1280 1315 1310 fortasse
1328 1286 1433 1310 tamen
1448 1286 1555 1310 contra
1570 1280 1790 1310 vetustissima-

1070 1342 1145 1362 rum·
1171 1333 1424 1362 membranarum
1447 1331 1550 1367 fidem,
1574 1341 1672 1372 quum
1700 1331 1792 1361 liceat

1071 1382 1104 1412 in
1118 1382 1168 1412 his
1182 1383 1430 1423 exquisitioribus
1444 1383 1484 1413 de
1496 1383 1706 1422 Havercampi
1721 1382 1792 1413 dili-

1071 1433 1176 1473 genti&
1186 1433 1392 1471 suspicionem
1401 1443 1532 1468 movere,
1542 1433 1637 1463 nimis
1646 1433 1791 1472 perfunc-

1073 1483 1151 1513 torie
1173 1483 1276 1514 officio
1301 1494 1381 1523 saepe
1407 1484 1575 1524 fungentis.
1621 1485 1712 1515 Certe
1733 1487 1791 1515 lm-

1071 1546 1194 1575 morque
1209 1535 1359 1574 reperitur
1373 1536 1406 1565 in
1431 1536 1469 1566 P.
1487 1536 1583 1566 vind.
1611 1536 1650 1566 V.
1674 1536 1721 1566 ed.
1751 1542 1791 1567 Π.

1075 1592 1108 1618 Σ.
1127 1593 1170 1617 Ω.
1186 1597 1258 1616 cum
1274 1586 1336 1627 qua
1350 1598 1424 1618 voce
1439 1587 1486 1617 vel
1502 1587 1580 1618 illud
1594 1594 1702 1619 secreto
1718 1597 1792 1618 sane

1074 1644 1175 1677 posset
1190 1638 1364 1674 consistere,
1387 1645 1547 1678 sumptum
1561 1639 1776 1669 adverbialiter
1781 1651 1792 1677 ;

1074 1690 1127 1719 sed
1142 1689 1235 1730 longe
1249 1689 1331 1719 infra
1345 1689 1405 1720 loci
1419 1690 1597 1720 concinnati
1618 1690 1707 1721 nobis
1729 1690 1791 1721 ele-

1072 1742 1218 1781 gantiam.
1265 1741 1332 1771 Nec
1353 1741 1548 1772 dissimulare
1567 1747 1671 1771 tamen
1686 1742 1791 1780 velim,

1075 1792 1272 1822 Macrobium
1287 1791 1466 1832 vulgaribus
1488 1792 1676 1822 editionibus
1697 1792 1792 1822 adsti-

1073 1843 1188 1882 pulari:
1208 1844 1429 1874 recentioribus
1443 1849 1549 1874 autem
1564 1844 1712 1883 exemplis
1727 1854 1790 1874 non

1073 1894 1293 1924 confidendum
1306 1900 1367 1931 est;
1383 1901 1413 1925 et
1423 1895 1588 1936 antiquum
1597 1896 1691 1935 hujus
1697 1895 1792 1934 scrip-

1071 1946 1146 1975 toris
1160 1945 1284 1975 nullum
1300 1952 1422 1976 nosmet
1436 1946 1547 1976 saltem
1561 1946 1761 1986 possidemus

1118 1997 1195 2028 Ibid.
1218 2010 1302 2028 mare
1323 2000 1505 2038 humorque:
1530 2009 1585 2038 per
1607 1998 1791 2038 hendyaden

1071 2060 1125 2088 pro
1142 2052 1235 2080 maris
1257 2052 1379 2086 humen-‚-
1404 2060 1498 2090 quem
1520 2050 1615 2080 simili
1637 2051 1791 2081 schemate

1072 2113 1154 2138 mox,
1171 2102 1211 2132 ad
1225 2113 1285 2133 ver.
1301 2107 1339 2134 48
1345 2108 1374 2135 9.
1392 2109 1494 2133 noster
1508 2104 1597 2142 po'eta
1611 2103 1754 2134 nominat

1467 2189 1475 2202 ‚
1485 2175 1630 2204 camposque
1640 2172 1778 2197 natanteis:

1295 2179 1363 2196 mare

1071 2239 1124 2269 ubi
1146 2249 1220 2276 nos;
1245 2238 1388 2276 Ovidius,
1413 2243 1486 2268 met.
1502 2238 1521 2268 i.
1538 2242 1588 2269 22.
1610 2241 1710 2270 undas
1734 2249 1789 2280 ge-

1072 2291 1226 2321 neraliter.

1115 2343 1193 2373 ibid.
1214 2349 1346 2382 pateret:
1379 2343 1397 2373 i.
1423 2353 1449 2373 e.
1482 2346 1504 2361 “
1520 2342 1737 2373 extenderetur
1757 2343 1792 2372 in

1071 2397 1093 2413 “
1109 2394 1287 2433 congeriem
1309 2393 1556 2433 conspicabilem,
1579 2393 1737 2433 particulis
1758 2403 1790 2423 se

1071 2448 1093 2462 “
1110 2444 1326 2485 colligentibus
1341 2455 1377 2474 ex
1393 2446 1477 2480 chao,
1499 2445 1583 2485 quod
1597 2455 1649 2475 eas
1662 2444 1790 2476 seorsim

1072 2499 1094 2513 “
1110 2497 1285 2526 obscuratas
1298 2501 1450 2533 tenuerat,
1467 2506 1503 2526 ac
1518 2496 1682 2536 sepultas.”
1713 2494 1790 2525 Dic-

1070 2547 1163 2577 tionis
1177 2556 1281 2577 autem
1296 2548 1460 2586 propositae
1475 2548 1538 2578 vim
1549 2558 1585 2578 ac
1597 2552 1789 2578 venustatem

1070 2602 1182 2632 melius
1196 2602 1312 2641 aperiet
1329 2601 1471 2640 Ovidius,
1486 2601 1519 2631 iu
1536 2607 1608 2630 met.
1624 2600 1644 2630 i.
1659 2603 1710 2630 36.

1098 2684 1172 2706 Tum
1185 2682 1254 2708 freta
1265 2682 1386 2715 diffundi,
1398 2682 1547 2714 rapidisque
1559 2683 1709 2705 tumescere
1725 2686 1788 2705 ven-

1191 2725 1235 2755 tis,

1099 2764 1218 2795 Jussit—.

1110 2835 1184 2865 Ver.
1208 2839 1281 2867 449.
1307 2837 1432 2866 δεον-επις
1452 2836 1561 2874 purei:
1589 2840 1629 2864 Π.
1652 2836 1789 2865 Seorsum

297 2877 433 2916 graphiae
462 2879 599 2918 abolere;
638 2893 736 2923 quum
768 2885 1023 2915 manifestissima
1062 2889 1155 2925 pueri
1161 2901 1171 2922 ,·
1193 2886 1372 2917 Macrobius
1387 2886 1480 2916 etiam
1497 2888 1643 2924 Seorsum,
1660 2891 1790 2916 testante

1024 2946 1045 2971 5
