1926 3224
632 220 865 272 LIBER
913 219 1210 269 SEXTUS.
1565 226 1661 269 399

316 351 505 394 Horrida
523 351 706 408 paedore,
727 361 768 396 et
786 352 933 407 pannis
953 358 1160 406 cooperta,
1183 349 1317 405 perire

315 426 513 482 Corporis
532 426 698 468 inluvie:
730 425 843 481 pellis
863 439 984 480 super
1003 424 1159 465 ossibus
1179 437 1278 473 una,

314 499 549 543 Visceribus
568 501 682 542 tetris
700 515 829 556 prope
842 499 945 555 jam,
977 498 1182 553 sordique,
1213 496 1380 552 sepulta.

172 671 351 702 habuerunt
366 671 547 710 interpretes
560 670 600 700 ad
610 669 695 701 Flori
710 670 825 708 locum,
835 680 897 710 quo

170 723 277 753 nullus
302 722 471 752 feliciorem
499 732 625 761 operam
655 722 778 752 navabit
803 721 895 751 simili

172 774 368 810 Sallustiano,
395 783 489 814 quem
514 773 639 803 Cortius
664 782 728 802 non
754 783 802 810 eo,
833 781 895 812 quo

172 825 260 862 solet,
286 825 431 855 acumine
460 824 641 862 declaravit3
670 824 760 855 Catil.
786 827 836 855 54.
865 827 894 853 2.

169 875 209 906 de
233 876 366 906 Catone:
397 878 419 893 ‘⁴
436 876 524 905 Huic
545 875 688 906 severitas
708 875 893 916 dignitatem

170 929 194 944 ‘⁴
210 924 410 956 addiderat:'’
433 924 454 956 i.
469 935 494 955 e.
511 925 696 965 dignitatem
711 936 811 962 suam,
833 936 891 956 cae·

168 976 243 1007 teris
257 976 422 1007 virtutibus
441 975 623 1014 derivatam,
646 976 726 1007 nova
751 976 892 1007 cumula-

168 1033 264 1065 verat,
290 1033 321 1057 et
333 1027 422 1067 quasi
447 1026 681 1057 horrificaverat.
726 1027 806 1058 Inde
829 1037 892 1057 cas-

169 1079 267 1119 tigem
296 1079 456 1117 Senecam,
485 1078 580 1109 Herc.
604 1079 664 1109 fur.
688 1081 759 1110 705.
784 1080 894 1119 proba-

170 1130 285 1161 biliter:

231 1221 329 1246 Sterilis
339 1220 467 1253 profundi
478 1221 587 1246 vastitas
596 1221 701 1253 squallet
710 1221 768 1251 soli,

230 1261 263 1285 Et
271 1260 338 1292 feda
349 1260 427 1286 tellus
438 1264 528 1292 torpet
539 1264 643 1286 aeterno
654 1261 704 1285 situ
712 1268 723 1289 ,-

230 1302 387 1331 Rerumque
396 1303 510 1326 moestus
522 1300 590 1330 finis,
601 1305 628 1326 et
640 1301 735 1325 mundi
746 1300 853 1326 ultima:

230 1342 363 1365 Immotus
374 1341 420 1365 a'er
434 1341 532 1371 haeret,
541 1345 568 1366 et
580 1342 655 1373 pigro
665 1342 739 1367 sedet

230 1381 293 1405 Nox
303 1384 361 1405 atra
371 1380 491 1405 mundo:
507 1384 607 1405 cuncta
614 1380 715 1413 paedore
723 1381 835 1406 horrida.

170 1462 290 1503 Vulgo,
305 1474 438 1494 moerore.
482 1463 533 1493 De
548 1463 694 1494 felicitate
708 1464 893 1504 conjecturae

168 1515 220 1545 vix
239 1515 435 1551 dubitaveris,
458 1515 482 1545 si
505 1515 709 1546 consulantur
730 1515 801 1546 ibid.
818 1526 892 1546 verr.

170 1569 242 1602 627,
267 1569 340 1596 628.
374 1566 480 1605 OEdip.
506 1570 577 1602 624,
601 1569 672 1597 625.
697 1566 827 1597 Tertull.
855 1566 894 1596 de

168 1616 242 1647 cult.
268 1617 340 1647 fem.
365 1617 397 1647 ii.
419 1621 448 1648 5.
471 1628 535 1648 non
561 1617 720 1658 neglectis,
743 1628 812 1659 quae
837 1628 895 1648 nos

168 1667 306 1698 diximus
325 1667 365 1698 ad
388 1668 496 1708 Eurip.
513 1668 628 1699 Alcest.
645 1672 717 1699 454.
739 1675 770 1699 et
784 1679 892 1699 conso-

168 1719 258 1750 ciatis
281 1720 467 1750 dictionibus
481 1730 536 1759 per
550 1721 606 1750 hos
627 1730 737 1750 omnes
759 1719 895 1751 locos.—

170 1771 305 1808 Interea,
324 1782 429 1802 versus
446 1772 581 1809 Senecae,
604 1772 658 1813 qui
674 1772 760 1802 venit
774 1772 893 1809 tertius,

167 1823 438 1853 manifestissimus
453 1829 498 1853 est
515 1826 623 1861 νοέειας,
644 1830 675 1854 et
694 1823 895 1863 expellendus

168 1873 267 1905 furca.
313 1875 422 1913 Porro,
451 1875 527 1905 dum
542 1875 576 1905 in
591 1876 650 1905 hoc
666 1886 781 1911 sumus,
805 1877 894 1906 abso-

168 1923 360 1956 lutissimum
374 1925 564 1964 scriptorem,
591 1926 702 1956 eodem
724 1928 834 1956 morbo
849 1926 892 1956 la-

169 1977 343 2014 borantem,
353 1987 455 2016 neque
467 1977 540 2007 citra
577 1977 690 2007 andem
705 1977 894 2008 medicinam

168 2027 292 2058 sanitati
306 2028 543 2064 restituendum,
560 2039 593 2058 in
609 2029 739 2059 transitu
754 2028 893 2059 subleva-

168 2079 273 2110 bimus
279 2091 288 2117 3
313 2079 495 2109 Sallustium
510 2080 588 2116 dico,
604 2080 642 2110 ad
656 2080 678 2111 J
680 2081 804 2120 ugurth.
822 2086 893 2111 sect.

171 2133 222 2161 16.
238 2130 286 2160 ed.
303 2130 526 2170 Havercampi:
555 2134 576 2149 ‘⁴
593 2131 699 2167 Pauci,
716 2131 829 2171 quibus
844 2141 892 2161 re-

169 2184 194 2200 “
208 2181 282 2212 licta
297 2188 342 2212 est
356 2183 471 2218 anima,
493 2183 590 2213 clausi
605 2184 638 2212 in
654 2183 798 2221 tenebris,
820 2194 895 2214 cum

169 2235 193 2250 ‘⁴
204 2234 327 2272 paedore
339 2238 369 2262 et
384 2232 480 2269 luctu,
496 2239 596 2263 morte
611 2234 782 2273 graviorem
797 2235 892 2264 vitam

170 2285 194 2302 ‘⁴
209 2283 371 2323 exigunt.'’
413 2284 523 2324 Longe
538 2283 696 2314 verissima
717 2290 762 2314 est
787 2295 892 2315 emen-

169 2333 267 2364 datio:
291 2345 366 2364 nam
384 2335 501 2365 bellum
527 2336 757 2366 interneciuum
779 2343 893 2377 gerunt

169 2394 243 2415 cum
259 2386 307 2415 his
331 2386 578 2426 exquisitioribus
597 2386 753 2417 vocabulis
777 2387 894 2418 librarii

169 2436 339 2476 scriptores.
400 2437 584 2467 Societatem
613 2448 687 2467 sane
715 2449 838 2469 moerore
865 2446 894 2470 et

168 2489 267 2525 luctu,
284 2487 459 2517 castissimis
468 2488 644 2518 auctoribus
657 2488 893 2529 frequentatam,

170 2538 278 2569 nullus
293 2538 457 2576 damnem3
480 2538 532 2569 sed
547 2538 641 2569 dictio
655 2539 801 2580 adjuncta
815 2540 894 2570 mihi

170 2590 266 2621 suasit
281 2591 340 2620 hoc
364 2590 479 2620 mendo
500 2590 655 2630 deturpari
676 2591 894 2622 suavissimum

172 2643 300 2683 Apuleii
325 2643 429 2674 locum
454 2653 534 2683 pene
559 2644 592 2673 in
621 2644 687 2683 ipso
702 2644 809 2674 limine
824 2644 894 2675 libri

170 2695 267 2736 longe
281 2695 488 2734 lepidissimo:
514 2705 551 2725 ex
567 2706 640 2735 quo,
656 2695 732 2726 dum
748 2696 892 2726 exscribi-

169 2756 252 2782 mus,
268 2752 299 2777 et
313 2746 374 2776 alia
388 2745 531 2776 omnium
546 2746 704 2776 fedissima
719 2747 892 2786 corruptela

170 2798 408 2838 abstergebitur:
437 2801 459 2816 ⁴⁴
477 2798 575 2834 Uxor,
602 2797 764 2837 persolutis
789 2798 893 2829 ferali-

172 2852 195 2868 ⁴⁴
211 2850 268 2879 bus
282 2849 402 2887 officiis,
417 2848 504 2879 luctu
518 2854 549 2879 et
564 2851 689 2889 paedore
705 2849 828 2880 diutino
841 2851 893 2880 de-

172 2899 354 2943 “fin-mata,
367 2899 485 2932 defletis
498 2910 578 2942 pene
592 2899 633 2932 ad
643 2906 813 2933 extremam
827 2902 893 2932 ari-

942 671 964 686 ‘⁴
979 669 1104 698 dicacem
1120 666 1219 697 oculis
1233 666 1305 702 suis,
1329 666 1441 697 domfis
1454 666 1664 699 infortunium

941 723 963 738 ‘⁴
979 728 1130 749 novarum
1145 719 1325 757 nuptiarum
1342 718 1463 758 gaudiis
1484 730 1502 749 a
1522 719 1585 750 suis
1606 720 1664 751 sibi

940 774 962 790 ‘⁴
978 770 1157 810 parentibus
1171 770 1303 800 hilarare
1314 770 1550 809 compellitur2'‘
1567 782 1595 810 p.
1612 775 1663 803 29,

937 822 984 852 ed.
1009 821 1234 861 Oudendorpii.
1279 821 1311 852 Si
1326 821 1395 862 quis
1411 827 1515 851 tamen
1529 822 1663 853 aliorum

936 875 1101 904 coecz'tatem
1127 878 1234 903 nostro
1256 873 1419 902 tentamini
1438 879 1603 912 praeponat,
1626 880 1667 904 ut

936 931 982 955 est
997 925 1225 966 elegantissima
1248 935 1322 955 sane
1337 934 1404 960 vor,
1427 935 1491 955 non
1506 935 1662 966 repugna-

936 979 991 1016 bo;
1015 977 1069 1008 sed
1095 977 1239 1017 periodus
1265 977 1298 1006 in
1324 977 1455 1012 Quintil.
1478 977 1607 1008 declam.
1622 977 1663 1009 vi.

937 1031 966 1058 4.
989 1039 1084 1068 quam
1113 1027 1313 1058 contulerunt
1342 1028 1398 1057 viri
1432 1028 1522 1063 docti,
1560 1039 1665 1070 neque

937 1079 1057 1110 sincera
1076 1086 1122 1110 est
1149 1090 1250 1120 neque
1264 1080 1359 1118 probe
1374 1079 1542 1110 intellecta:
1567 1091 1663 1119 appo-

936 1141 1010 1161 nam
1036 1131 1152 1170 itaque,
1179 1136 1214 1160 ut
1240 1129 1304 1160 una
1329 1129 1421 1169 opera
1441 1131 1615 1161 emaculem
1632 1137 1664 1161 et

937 1181 1128 1220 interpreter.
1172 1184 1194 1199 ‘⁴
1216 1180 1351 1221 Cognita
1384 1180 1484 1219 clade,
1514 1182 1660 1212 rarissimi

936 1236 958 1252 ‘⁴
975 1243 1054 1263 uxor
1068 1232 1211 1272 exempli,
1238 1238 1269 1262 et
1284 1242 1409 1272 prorsus
1427 1232 1496 1262 talis
1519 1233 1574 1263 filii
1597 1244 1664 1264 ma-

937 1288 959 1304 “
974 1290 1028 1320 ter,
1065 1290 1146 1315 totos
1182 1283 1294 1313 efflevit
1330 1283 1450 1322 oculos;
1480 1284 1662 1326 fontemque

937 1336 1067 1366 “illum
1097 1335 1281 1375 perennium
1305 1334 1513 1374 lacrymarum
1538 1338 1662 1367 tandem

937 1391 959 1406 ‘⁴
975 1390 1097 1418 caecz'tas
1124 1385 1245 1417 clusit.'’
1292 1385 1356 1416 Adi
1386 1386 1525 1426 AEschyl.
1549 1387 1662 1428 Agam.

935 1441 1010 1470 897.
1036 1438 1141 1468 Senec.
1160 1436 1265 1476 OEdip.
1281 1440 1331 1468 59.
1346 1443 1382 1467 ut
1396 1437 1581 1468 illustratam
1595 1449 1663 1470 rem

935 1490 1049 1528 videas,
1079 1495 1109 1520 et
1140 1489 1282 1519 strabon.
1315 1499 1344 1527 p.
1375 1491 1446 1520 596.
1476 1489 1526 1520 ed.
1559 1490 1662 1521 Amst.

938 1543 1030 1573 Ovid.
1043 1548 1116 1572 met.
1131 1550 1179 1571 xv.
1196 1543 1267 1571 272.
1290 1550 1327 1569 ex
1344 1540 1435 1570 Pont.
1451 1541 1489 1570 iv.
1514 1545 1542 1572 2.
1561 1545 1608 1572 17.
1631 1548 1662 1573 et

936 1593 1090 1632 intelliges
1104 1591 1233 1621 demum
1249 1590 1326 1630 quid
1342 1590 1399 1620 sibi
1415 1591 1546 1621 voluerit
1563 1603 1661 1623 coecus

936 1646 1143 1685 lacrymarum
1150 1644 1243 1685 fons‚·
1267 1653 1303 1674 ac
1316 1643 1423 1674 confer
1437 1654 1506 1685 quae
1521 1645 1660 1676 dederim

937 1695 1062 1734 insuper
1080 1700 1204 1735 egomet
1218 1694 1256 1724 ad
1273 1705 1298 1725 v.
1319 1698 1410 1725 1004.

937 1755 1093 1796 Denique,
1116 1754 1254 1785 Lucretii
1276 1754 1426 1785 versiculo
1447 1755 1550 1786 lucem
1575 1756 1664 1788 dabit

938 1807 1128 1837 Ammianus
1150 1806 1362 1843 Marcellinus,
1386 1807 1447 1837 xix.
1464 1812 1492 1838 6.
1517 1812 1537 1827 ⁴⁴
1555 1809 1662 1849 thue

938 1862 960 1877 ⁴⁴
977 1864 1103 1889 tentatae
1129 1859 1164 1888 in
1187 1858 1286 1889 caveis
1299 1859 1415 1897 bestiae‚
1441 1865 1516 1890 tetro
1539 1863 1662 1900 paedore

938 1913 959 1929 ‘⁴
975 1911 1115 1940 acerbius
1135 1909 1340 1951 qfferatae—-P
1384 1911 1452 1940 Nec
1467 1912 1573 1942 minus
1591 1912 1662 1943 Sul.

935 1962 1035 2002 picius
1057 1962 1196 1998 Severus
1225 1972 1284 1992 sac.
1309 1961 1380 1992 hist.
1407 1962 1427 1992 i.
1450 1967 1499 1994 94.
1517 1966 1612 1994 7.--“
1627 1965 1663 1996 in

938 2017 960 2032 ‘⁴
976 2013 1079 2043 lacum
1106 2013 1251 2042 immensi
1281 2012 1436 2052 profundi,
1461 2025 1601 2054 caenoque
1624 2027 1663 2047 ac

938 2067 960 2083 ‘⁴
976 2064 1129 2102 sordibus,
1142 2070 1243 2104 atque,
1266 2074 1304 2094 ex
1319 2074 1367 2101 eo,
1383 2064 1532 2095 exitiabili
1554 2066 1662 2098 foetore

937 2119 960 2135 ⁴⁴
975 2117 1146 2153 horridum,
1175 2115 1328 2145 demissus
1357 2116 1477 2146 est—.”
1526 2117 1663 2149 Serenus

939 2166 1123 2197 Samonicus
1137 2171 1310 2206 apponetur
1326 2176 1461 2207 quoque,
1476 2177 1537 2199 ver.
1553 2171 1604 2201 75.

998 2259 1084 2284 Illotus
1094 2259 1180 2289 sudor,
1191 2265 1242 2284 nec
1253 2258 1329 2290 copia
1340 2259 1433 2283 nobilis
1443 2265 1524 2289 escae,

997 2311 1074 2341 Saepe
1085 2309 1159 2341 gravi
1170 2309 1257 2333 scabie
1267 2311 1404 2340 correptos
1414 2311 1514 2340 asperat
1523 2312 1606 2334 artus.

939 2391 1058 2422 Glossae
1071 2396 1202 2421 veteres:
1231 2393 1254 2409 ⁴⁴
1271 2392 1393 2427 Poedor,
1409 2390 1564 2431 αυχμος.”

980 2452 1061 2483 Ibid.
1077 2454 1194 2493 pannis
1208 2458 1354 2492 cooperta.
1384 2451 1560 2491 Terentius,
1577 2453 1661 2484 Eun,

935 2504 966 2535 ii.
983 2508 1011 2535 2.
1028 2506 1057 2535 5.

967 2587 1049 2614 Video
1059 2590 1178 2617 sentum,
1196 2586 1359 2618 squalidum,
1377 2591 1495 2618 aegrum,
1506 2586 1599 2618 pannis·
1614 2593 1661 2612 an-

1029 2627 1122 2659 nisque
1132 2627 1259 2653 obsitum.

1477 2675 1660 2707 Lambinus.

936 2765 1004 2789 Nam
1013 2762 1176 2796 pauperrimi
1187 2761 1278 2787 rustici
1286 2768 1341 2787 sese
1351 2760 1378 2785 in
1387 2761 1482 2785 urbem
1493 2763 1664 2791 receperant.

1485 2809 1663 2840 Creechius.

981 2900 1054 2931 Ver.
1072 2903 1162 2932 1268.
1191 2901 1281 2940 pelli-5
1315 2909 1405 2940 super
1440 2898 1552 2929 ossibus
1587 2907 1661 2927 una.
