1926 3224
247 239 336 279 154·

734 230 794 276 T.
847 228 1222 276 LUCRETII

383 360 620 415 Propterea,
651 357 761 411 quia,
792 371 885 411 quae
905 357 958 398 de
977 357 1094 397 terris
1113 370 1225 398 nunc
1244 370 1407 411 quoque
1426 357 1650 408 abundant,

386 433 625 474 Herbarum
645 444 811 486 genera,
843 445 891 471 ac
910 429 1063 486 fruges,
1094 430 1340 484 arbustaque
1360 429 1468 479 laeta,

270 511 354 548 920
384 507 481 547 Non
503 514 639 546 tamen
658 504 765 546 inter
784 519 827 545 se
845 512 1016 559 possunt
1035 503 1235 558 conplexa
1254 503 1396 544 creari.

387 579 484 629 Sed,
515 579 547 619 si
567 593 740 634 quaeque
760 594 834 620 suo
853 579 935 620 ritu
954 578 1155 632 procedit,
1187 585 1227 618 et
1251 591 1408 627 omnes,

385 653 557 694 Foedere
576 657 735 694 n'aturae
755 661 883 703 certo,
914 653 1151 694 discrimina
1170 660 1347 693 servant.

443 727 499 768 Et
517 740 649 783 genus
667 726 896 768 humanum
915 725 1045 768 multo
1063 726 1140 768 fuit
1159 725 1258 766 illud
1277 726 1320 766 in
1340 726 1445 766 arvis

383 800 556 850 Durius,
588 808 634 841 ut
653 800 804 850 decuit,
836 800 950 842 tellus
971 800 1083 856 quod
1103 799 1207 840 dura
1227 806 1417 847 creasset;

271 876 353 913 925
385 872 443 914 Et
460 873 696 927 majoribus,
728 882 769 915 et
789 874 925 916 solidis
945 874 1090 931 magiS,
1123 873 1278 915 ossibus
1297 872 1408 914 intus

283 1025 360 1056 Ver.
393 1030 463 1058 922.

243 1076 318 1108 AEn.
334 1078 354 1107 i.
373 1081 425 1109 62.

501 1029 627 1060 Foedere
662 1035 750 1060 certo.
800 1029 965 1070 Virgilius,

588 1152 634 1183 qui
639 1152 739 1183 foedere
748 1156 811 1178 certo

271 1189 304 1213 Et
315 1195 436 1220 premere
447 1192 474 1214 et
485 1189 560 1214 laxas
569 1191 648 1216 sciret
658 1191 721 1217 dare
729 1193 814 1223 jussus
824 1193 948 1218 habenas-

243 1263 308 1294 Ubi
344 1263 471 1294 forsitan
501 1265 732 1295 rescribendum
762 1266 810 1302 sit,
838 1267 961 1307 justus:

241 1314 261 1344 i.
277 1324 303 1344 e.
327 1317 349 1332 “
365 1325 431 1344 rem
461 1317 554 1354 probe
583 1325 618 1345 ac
648 1315 815 1354 prudenter
847 1323 965 1356 tempe-

242 1367 264 1382 “
281 1365 393 1403 rans;”
421 1376 495 1395 nam
517 1366 570 1401 vis,
594 1372 624 1395 et
650 1367 829 1405 proprietas,
850 1367 967 1407 vulgati

229 1414 340 1454 jussus
375 1417 408 1445 in
448 1417 506 1446 hoc
536 1416 604 1446 loco
633 1426 829 1456 nequaquam
858 1417 964 1457 liquet.

241 1467 326 1497 Vide
341 1468 381 1497 sis
400 1468 542 1498 Servium
557 1468 681 1498 ibidem.

285 1519 359 1548 Ver.
398 1522 470 1550 925.
509 1530 606 1558 genus
642 1522 810 1550 humanum
847 1523 967 1552 durius.

243 1570 324 1600 Haec
342 1570 494 1611 Virgilius
508 1572 652 1610 respexit,
668 1571 708 1602 ad
723 1582 790 1612 geo.
806 1572 825 1601 i.
841 1575 891 1603 65.
914 1574 967 1604 ob-

241 1627 381 1651 servante
404 1621 434 1652 id
451 1622 546 1652 etiam
561 1623 734 1653 Lambino:

336 1700 415 1725 Unde
426 1700 533 1725 homines
545 1701 611 1731 nati,
621 1701 716 1726 durum
723 1709 874 1734 genus—.

242 1770 287 1799 Et
301 1776 404 1800 noster
421 1771 453 1800 in
470 1772 529 1802 hoc
543 1772 623 1806 loco,
646 1782 720 1802 cum
736 1782 794 1802 ver.
812 1775 883 1802 778.
905 1771 968 1802 col-

242 1819 336 1856 latus,
352 1821 401 1849 vix
418 1821 476 1850 sibi
491 1821 563 1850 satis
578 1827 718 1851 constare
734 1822 831 1852 videri
846 1823 948 1861 possit.

288 1879 369 1910 Ibid.
391 1882 425 1910 in
447 1884 549 1912 arvis:
583 1883 601 1912 i.
617 1892 642 1912 e.
665 1882 698 1912 in
721 1893 829 1913 saxoso
852 1883 971 1913 telluris

242 1932 364 1972 gremio
393 1933 640 1971 conformatum3
673 1941 764 1975 atque
795 1935 828 1965 in
857 1936 969 1974 apertis

242 1984 362 2023 campis
376 1986 436 2014 sub
450 1986 563 2015 aethere
579 1985 664 2016 nudo
680 1986 775 2016 vitam
791 1986 916 2027 degens.

288 2043 361 2072 Ver.
379 2047 449 2074 925.
473 2046 532 2074 Et:
560 2045 593 2074 P.
608 2045 648 2074 V.
665 2045 712 2075 ed.
731 2048 777 2082 E;
801 2046 885 2087 quod
900 2057 970 2086 pro-

244 2093 409 2124 bavissem:
434 2095 521 2134 quasi
543 2105 683 2125 caussam
706 2096 821 2126 scilicet
842 2097 971 2137 hujusce

245 2144 369 2174 duritiae
384 2151 487 2176 noster
502 2156 656 2184 apponere
672 2146 818 2185 voluerit3
840 2147 893 2178 sed
910 2149 970 2178 Ar-

244 2196 358 2226 nobius
385 2206 449 2226 non
476 2198 592 2236 patitur
620 2199 777 2238 vulgatam
802 2209 906 2229 vocem
934 2200 973 2230 de

245 2247 314 2278 loco
341 2249 466 2279 moveri.
513 2250 579 2280 Nec
605 2256 710 2280 tamen
733 2251 812 2281 illud
835 2254 879 2282 Et
900 2252 970 2281 reli-

245 2308 379 2338 quorum
395 2300 609 2339 exemplorum
622 2312 685 2332 non
701 2312 765 2332 esse
782 2303 877 2342 possit
890 2313 974 2333 error

246 2349 443 2381 librariorum
474 2362 529 2390 pro
546 2354 612 2388 Em
643 2354 685 2383 sic
713 2353 797 2383 enim
820 2364 882 2383 non
906 2364 974 2384 raro

247 2410 425 2438 peccavere:
454 2402 517 2438 sed,
540 2413 638 2442 quum
656 2403 708 2434 ille
731 2405 858 2444 scriptor
873 2405 972 2435 utrili-

247 2452 299 2481 bet
326 2452 451 2483 lectioni
474 2454 586 2493 faveat,
603 2455 680 2485 nihil
702 2455 769 2486 sine
790 2457 894 2487 fructu
917 2467 973 2487 no-

248 2504 384 2534 vandum
402 2512 491 2544 put0;
515 2507 655 2546 quamvis
672 2522 704 2538 rto
721 2509 770 2538 Er
785 2518 893 2538 verum
908 2519 972 2540 cre-

247 2555 328 2585 dam.
377 2556 488 2586 Obstat
510 2558 627 2589 interea
642 2559 806 2600 Virgilius,
827 2566 858 2590 et
879 2561 972 2600 scrip-

249 2612 352 2637 turam
376 2609 563 2647 publicatam
589 2613 723 2650 roborat,
754 2612 787 2641 in
814 2612 888 2643 AEn.
912 2613 974 2644 viii.

249 2663 322 2690 478.

250 2734 327 2757 Haud
339 2736 432 2766 procul
446 2737 507 2761 hinc
519 2745 583 2762 saxo
594 2739 719 2764 incolitur
727 2740 846 2772 fundata
857 2743 963 2766 vetusto

251 2773 330 2797 Urbis
339 2775 471 2806 Agyllinae
482 2778 625 2803 sedes—.

296 2843 376 2873 Ibid.
392 2847 495 2876 solidis
511 2850 621 2879 ossibus
632 2852 665 2880 F
666 2853 974 2892 undatum‚-optum

247 2904 303 2933 per
326 2898 440 2927 viscera
465 2901 572 2929 nervis.
620 2902 790 2940 Arnobius,
817 2903 868 2934 lib.
896 2903 926 2934 ii.
942 2914 972 2943 p.

1009 1033 1059 1061 54.
1083 1032 1105 1048 “
1125 1030 1243 1060 Ossibus
1265 1026 1327 1057 illis
1337 1027 1479 1066 fundata
1502 1032 1576 1057 sunt
1592 1037 1730 1067 corpora,

1010 1084 1033 1099 “
1047 1088 1079 1111 et
1103 1091 1262 1111 nervorum
1293 1078 1491 1118 colligatione
1520 1078 1676 1109 devincta:
1703 1084 1736 1109 et

1011 1135 1032 1150 “
1048 1131 1148 1168 nobis,
1186 1129 1348 1168 comparili
1385 1129 1515 1167 ratione,
1552 1140 1587 1160 ez·
1621 1131 1735 1161 ossibus

1010 1183 1179 1222 “fundata
1195 1186 1268 1211 sunt
1282 1191 1420 1220 corpora,
1443 1186 1476 1211 et
1495 1192 1655 1212 nervorum
1670 1181 1735 1212 col-

1010 1237 1032 1252 “
1048 1234 1197 1274 ligatione
1212 1232 1385 1263 devincta.”
1432 1233 1533 1269 Idem,
1549 1233 1620 1264 ibid.
1638 1244 1668 1273 p.
1682 1237 1734 1264 84.

1012 1287 1033 1303 “
1049 1285 1122 1320 Quo
1147 1295 1184 1314 ex
1216 1284 1352 1314 materiae
1381 1294 1494 1324 genere
1522 1286 1737 1315 humanorum

1010 1339 1033 1355 ‘⁶
1049 1346 1214 1376 corporum
1231 1341 1374 1366 concreta
1389 1342 1420 1365 et
1435 1336 1570 1367 stabilita
1585 1342 1659 1366 sunt
1677 1339 1737 1368 vis-

1011 1391 1034 1405 “
1050 1388 1144 1418 cera?
1170 1387 1265 1418 Unde
1280 1398 1343 1418 ossa
1369 1390 1497 1418 solidata
1506 1388 1547 1417 ?’‘
1574 1388 1664 1418 Idem
1681 1388 1736 1418 de-

1011 1437 1114 1477 nique,
1145 1437 1195 1467 lib.
1219 1437 1257 1467 iv.
1281 1448 1308 1475 p.
1334 1440 1557 1477 151.—“quae
1587 1438 1679 1468 durat
1707 1443 1739 1468 et

1012 1491 1035 1506 “
1049 1490 1157 1519 solidat
1174 1488 1346 1518 infantibus
1366 1488 1467 1527 parvis
1481 1489 1622 1520 ossa—.”

1056 1540 1130 1570 Ver.
1147 1544 1219 1571 926.
1243 1540 1279 1570 P.
1295 1540 1465 1579 interponit
1478 1547 1508 1571 et
1521 1546 1591 1580 post
1606 1543 1740 1573 Funda-

1011 1600 1088 1630 tum,
1111 1593 1164 1624 sed
1179 1593 1247 1623 aliis
1269 1594 1354 1624 libris
1368 1594 1519 1625 universis
1532 1594 1740 1626 dissentienti-

1011 1645 1241 1684 bus—aptum.-
1269 1650 1303 1675 Δ.
1326 1647 1414 1676 actis.
1458 1645 1581 1676 Eadem
1596 1646 1739 1677 confusio

1011 1700 1058 1724 est
1081 1694 1121 1724 ad
1137 1695 1226 1735 Virg.
1249 1704 1316 1735 geo.
1332 1695 1375 1725 iii.
1394 1699 1463 1726 168.
1488 1696 1555 1726 Liv.
1577 1696 1617 1727 xl.
1636 1700 1682 1728 15.
1708 1701 1738 1728 6.

1012 1744 1065 1774 ubi
1081 1744 1185 1775 videas
1201 1745 1502 1776 Drakenborchium.

1056 1795 1130 1825 Ver.
1147 1798 1219 1826 927.
1240 1803 1418 1835 caperetur:
1446 1798 1487 1827 V.
1510 1797 1557 1827 ed.
1582 1804 1626 1828 Ω.
1649 1808 1740 1837 cape·

1012 1852 1064 1876 tur
1069 1861 1080 1882 ;
1115 1846 1229 1876 omisso
1259 1847 1411 1877 nimirum
1440 1847 1623 1877 horizontali
1646 1847 1739 1884 linea,

1013 1900 1149 1936 capZtur.

1055 1947 1135 1978 Ibid.
1148 1948 1271 1989 frigore
1285 1957 1460 1989 caperetur:
1484 1950 1504 1980 i.
1521 1960 1547 1980 e.
1563 1950 1738 1990 implicare·

1012 2006 1075 2037 tur,
1091 2006 1272 2038 tentaretur,
1289 2007 1453 2032 teneretur.
1483 2001 1649 2042 Virgilius,
1664 2002 1740 2033 AEn.

1013 2049 1045 2080 ii.
1060 2053 1132 2080 584.

1047 2126 1207 2156 Ignarosque
1218 2124 1269 2149 loci
1284 2125 1390 2157 paaeim,
1401 2129 1428 2151 et
1436 2126 1578 2157 formidine
1587 2129 1680 2159 captos.

1019 2189 1172 2219 Consulas
1199 2191 1325 2229 insuper
1363 2191 1506 2221 Nonium
1539 2188 1740 2230 Marcellum,

1015 2240 1054 2269 iv.
1085 2244 1132 2272 48.
1169 2247 1199 2271 et
1228 2241 1369 2271 conferas
1398 2248 1550 2278 nostrum,
1580 2243 1618 2271 vi.
1650 2245 1742 2274 1:249.

1018 2292 1109 2332 Virg.
1125 2292 1167 2322 iii.
1184 2296 1255 2323 441.
1271 2299 1363 2334 atque
1380 2294 1491 2324 Horat.
1507 2300 1560 2324 sat.
1578 2293 1597 2323 i.
1615 2297 1642 2324 1.
1659 2297 1709 2324 80.

1062 2352 1134 2382 Ver.
1151 2357 1221 2384 928.
1244 2355 1323 2384 lubi:
1350 2355 1445 2385 vind.
1469 2360 1503 2386 A.
1525 2356 1607 2390 labe;
1633 2365 1740 2394 perpe-

1017 2414 1094 2440 ram,
1118 2414 1176 2434 nec
1191 2405 1388 2436 tolerabiliter
1405 2406 1552 2445 profecto,
1575 2411 1663 2436 extra
1683 2415 1742 2436 cae-

1017 2465 1129 2485 suram.

1063 2507 1143 2537 Ibid.
1173 2509 1236 2538 labi
1256 2511 1406 2548 corporis:
1446 2509 1465 2539 i.
1488 2519 1515 2539 e.
1548 2509 1665 2544 morbo,
1687 2507 1742 2548 qui

1017 2568 1106 2588 ruere
1121 2559 1204 2595 facit,
1227 2570 1262 2589 ac
1277 2562 1350 2599 labi,
1373 2561 1534 2598 homines3
1557 2560 1603 2590 uti
1620 2559 1742 2590 Servius

1016 2610 1095 2640 bene
1116 2610 1334 2650 interpretatus
1355 2618 1400 2642 est
1422 2612 1461 2642 ad
1478 2610 1604 2651 Virgilii
1618 2610 1692 2640 AEn.
1707 2608 1739 2639 ii.

1018 2665 1068 2691 97.

1110 2734 1177 2760 Hinc
1189 2735 1255 2760 mihi
1268 2735 1353 2767 prima
1366 2735 1426 2760 mali
1437 2734 1574 2759 labes—.

1019 2802 1112 2833 Unde
1128 2811 1231 2835 noster
1245 2816 1262 2835 e
1279 2804 1440 2839 contrario,
1463 2803 1496 2833 ii.
1515 2806 1604 2833 1146.
1629 2806 1652 2821 “
1666 2803 1739 2843 ful-

1019 2856 1119 2885 “cire
1148 2855 1271 2892 cibus;”
1302 2861 1394 2895 atque
1422 2854 1466 2885 iii.
1494 2857 1563 2885 126.
1587 2857 1608 2872 “
1621 2854 1740 2894 fulcire

1020 2908 1041 2923 “
1057 2905 1221 2936 salutem.’'
