1926 3224
337 218 428 258 134·

832 214 891 261 T.
929 213 1305 264 LUCRETII

473 342 540 384 Sic
559 357 666 382 nova
685 348 772 382 tum
792 341 907 382 tellus
926 341 1087 393 herbas,
1109 343 1377 400 virgultaque,
1398 347 1577 400 primum

472 414 686 464 Substulit3
717 414 815 456 inde
833 415 911 456 loci
932 415 1120 458 mortalia
1139 416 1266 458 corda
1285 418 1436 460 creavit

357 488 437 530 790
469 488 619 538 Multa,
640 488 772 530 modis
794 489 945 540 multis,
967 490 1078 532 varia
1097 491 1270 542 ratione,
1292 500 1445 533 coorta.

467 561 577 602 Nam
596 576 729 617 neque
747 562 800 603 de
819 562 921 604 coelo
941 563 1131 605 cecidisse
1150 565 1341 607 animalia
1360 573 1546 620 possunt,

467 635 557 676 Nec
576 635 781 676 terrestria
799 635 851 677 de
871 636 980 678 salsis
999 638 1129 679 exisse
1148 638 1313 680 lacunis.

467 707 702 765 Linquitur,
733 717 780 751 ut
798 711 945 752 merito
964 719 1196 754 maternum
1215 727 1369 755 nomen
1389 713 1538 768 adepta

604 859 643 885 et,
653 857 719 880 dum
729 863 757 881 se
769 856 848 882 laetus
857 858 893 882 ad
901 865 980 883 auras

355 893 454 918 palmes
465 894 531 926 agit,
541 894 609 919 laxis
619 901 667 926 per
677 901 776 926 purum
787 895 904 921 inmissa:
913 897 1022 922 habenis.

364 971 438 1003 Ver.
464 975 535 1004 785.
563 985 707 1014 magnum
733 982 893 1007 certamen.
937 977 1037 1015 Maro,

321 1022 375 1053 ecl.
393 1023 443 1054 vii.
460 1027 509 1055 16.

335 1096 369 1121 Et
377 1100 502 1122 certamen
512 1100 579 1128 erat,
597 1099 723 1131 Corydon
734 1105 798 1125 cum
808 1100 952 1133 Thyrside,
967 1109 1037 1134 mag-

427 1143 500 1162 num.

361 1206 433 1238 Ver.
450 1210 520 1239 787.
545 1209 619 1239 Post
645 1212 882 1251 Quadrupedum
905 1211 1036 1242 editores

316 1259 351 1290 in.
375 1259 531 1298 audacter,
561 1261 723 1301 inutiliter,
760 1269 791 1292 et
813 1263 928 1299 inscite,
951 1264 1036 1294 libris

317 1309 467 1341 universis
481 1311 732 1350 reclamantibus,
748 1312 849 1343 solent
863 1313 1013 1346 infercire.

358 1362 430 1394 Ver.
447 1367 517 1395 789.
539 1367 636 1395 secla:
663 1364 761 1395 Vind.
783 1369 927 1403 sam-eda,-
950 1367 1034 1398 unde

314 1414 511 1453 probabilitas
532 1421 563 1444 et
584 1415 670 1445 favor
684 1415 767 1446 venit
788 1416 926 1446 varietati
948 1417 1032 1448 codi-

315 1464 359 1496 cis
376 1465 415 1496 Ο.

534 1538 596 1564 inde
606 1539 659 1564 loci
669 1540 792 1565 mortalia
802 1540 877 1566 corda
888 1541 1004 1567 creavit:

308 1605 329 1636 i.
345 1616 370 1637 e.
386 1608 464 1646 ipsos
478 1609 628 1645 mortales,
647 1608 696 1639 vel
711 1611 861 1641 animalia
876 1613 1029 1648 mortalia,-

308 1657 351 1688 sic
374 1667 393 1687 a
419 1658 561 1688 rationali
586 1665 672 1698 parte
696 1659 922 1699 denominatos,
949 1668 1030 1692 recte

308 1726 364 1747 urm
380 1719 510 1752 αλογοις,
526 1723 646 1753 corpore
661 1719 692 1744 et
706 1716 855 1753 membris,
878 1715 1027 1755 opposita.

308 1762 361 1793 Ita
376 1763 514 1802 Persius,
535 1765 575 1794 vi.
594 1768 641 1795 10.

399 1835 526 1866 Corjubet
538 1836 614 1861 hocc'
624 1837 771 1862 Ennii—t

307 1903 338 1928 et
351 1897 417 1937 ipse
433 1898 572 1937 profecto
589 1900 794 1939 Mantuanus,
807 1911 874 1941 geo.
891 1901 909 1932 i.
924 1905 995 1933 550.

559 1971 653 2003 fugere
663 1972 746 2004 ferae;
763 1977 790 1998 et
801 1974 917 1999 mortalia
930 1975 1006 1999 corda

333 2013 381 2036 Per
391 2012 477 2043 gentis
488 2012 593 2037 humilis
604 2014 698 2038 stravit
710 2021 867 2046 pavor—:

305 2073 432 2104 Graecos
447 2074 598 2105 nimirum
613 2076 777 2116 magistros
792 2077 938 2108 aemulati.
973 2078 1023 2109 Sic

301 2125 419 2154 etenim
433 2126 517 2164 prior
533 2126 721 2165 Maeonides,
736 2128 769 2157 in
787 2127 824 2158 Il.
842 2135 871 2159 Β.
888 2132 958 2160 851.

338 2207 514 2241 Humanum
525 2208 546 2235 δ’
559 2209 642 2240 hym-o
661 2210 918 2238 ΠΥΛΔΙΜΕΝΕΟΣ
936 2216 1022 2238 >acm

436 2259 511 2283 KHP.

300 2329 456 2371 Denique,
478 2341 512 2361 re
534 2331 567 2362 in
592 2332 697 2363 animo
716 2332 847 2371 versata,
870 2333 1021 2364 sinceram

300 2382 429 2412 arbitror
454 2388 578 2423 egomet
602 2383 767 2414 lectionem
793 2387 900 2421 corda,·
935 2391 966 2415 et
988 2398 1021 2416 w

299 2435 378 2464 secla
405 2435 586 2466 accersitum
609 2445 646 2465 ex
668 2435 815 2475 parallelo
836 2436 920 2472 loco,¹
935 2437 967 2466 in
990 2435 1021 2467 ii.

300 2487 392 2516 1152.
407 2485 484 2516 adeo
498 2486 578 2517 illud
593 2488 724 2527 reposui.
747 2488 958 2530 Progrediaris
973 2491 1021 2522 in-

299 2545 392 2574 super
406 2536 445 2566 ad
460 2547 520 2567 ver.
539 2541 609 2569 862.
626 2538 763 2570 inferius

342 2591 424 2622 Ibid.
441 2595 527 2624 tellus
541 2597 683 2626 mortalia
696 2599 787 2627 corda
800 2602 920 2630 creavit.
936 2599 1016 2631 Var-

297 2652 341 2678 ro,
364 2642 397 2673 in
413 2644 611 2685 Eumenisin‚
627 2648 711 2687 apud
727 2648 880 2688 Nonium,
900 2652 972 2682 xvii.
987 2657 1018 2683 2.

297 2695 320 2710 “
336 2694 544 2733 Empedocles
564 2704 650 2729 natos
664 2701 799 2732 homines
813 2713 847 2732 ex
862 2703 947 2733 terrei
959 2703 1013 2743 ait,

298 2745 322 2761 ‘⁸
337 2750 373 2773 ut
386 2745 510 2777 blitum:
521 2747 540 2760 '‘
562 2749 644 2789 quod
660 2756 705 2780 est
719 2753 783 2782 olus
797 2753 963 2793 quoddam.

340 2793 412 2825 Ver.
430 2800 500 2828 790.
523 2808 642 2832 coorta:
661 2802 700 2832 P.
717 2810 819 2834 creata
824 2819 835 2840 ,·
861 2805 914 2836 sed
929 2806 1012 2837 codi-

297 2855 347 2876 ces
361 2847 428 2887 ejus
449 2850 550 2888 prisci,
574 2859 609 2883 ut
631 2854 801 2887 edidimus:
827 2857 912 2889 uude
937 2858 1015 2890 illud

296 2904 397 2930 creata
413 2901 528 2940 proprii
544 2905 685 2936 cerebelli
699 2906 799 2937 fetum
815 2908 957 2939 dixerim.

1127 860 1200 891 Ver.
1217 863 1287 893 791.
1311 864 1347 892 de
1362 863 1450 893 coelo:
1475 861 1651 892 committas
1664 861 1694 892 ii.
1711 864 1802 894 1155.

1084 911 1173 942 Hinc
1187 911 1225 942 de
1240 922 1272 942 re
1287 912 1537 951 insperatissima,
1552 919 1583 943 et
1593 914 1728 944 maxime
1743 914 1803 944 mi.

1080 963 1179 999 rabili,
1201 963 1223 994 J
1226 963 1376 1002 uveualis,
1398 963 1430 994 ii.
1447 967 1497 994 40.
1519 963 1574 994 ubi
1595 964 1738 995 consulas
1751 964 1800 994 in-

1080 1019 1240 1053 terpretes:

1171 1088 1280 1113 Tertius
1290 1096 1302 1112 e
1312 1087 1369 1112 coelo
1380 1087 1467 1112 cecidit
1481 1089 1620 1113 Cato—.

1122 1157 1193 1188 Ver.
1211 1160 1282 1189 792.
1303 1159 1413 1188 exisse:
1440 1164 1481 1188 Π.
1503 1158 1681 1189 exire—Et
1700 1157 1800 1190 brevi-

1078 1215 1124 1240 ter
1145 1209 1222 1240 alias
1247 1209 1430 1249 hypotheses
1454 1210 1556 1251 tangit
1576 1210 1678 1250 po'e'ta,
1700 1219 1800 1252 quum

1077 1271 1171 1301 aqua,
1194 1266 1259 1290 tam
1273 1260 1385 1290 infesta
1400 1260 1565 1291 hominum
1580 1261 1799 1293 immersorum

1077 1311 1160 1349 vitae,
1180 1316 1272 1351 atque
1297 1312 1402 1341 coelum
1428 1313 1561 1351 igneum,
1591 1312 1679 1343 nullo
1703 1313 1799 1344 modo

1073 1361 1206 1403 judicari
1231 1361 1349 1401 possint
1372 1361 1441 1392 illos
1464 1362 1651 1402 produxisse.
1708 1364 1798 1395 Hinc

1078 1422 1183 1446 autem
1208 1417 1334 1456 vulgata
1356 1416 1448 1446 lectio
1470 1418 1661 1457 plangentes,
1698 1417 1738 1448 ad
1766 1417 1799 1448 ii.

1077 1470 1090 1496 l
1100 1470 1171 1498 154.
1180 1467 1268 1497 valde
1277 1466 1492 1503 confirmatur;
1504 1477 1578 1497 nam
1589 1467 1623 1498 in
1632 1469 1692 1499 hoc
1702 1468 1797 1499 etiam

1075 1517 1144 1548 loco
1159 1528 1221 1548 non
1233 1518 1293 1548 nisi
1308 1517 1346 1548 de
1356 1519 1435 1554 coelo,
1452 1524 1483 1548 et
1498 1519 1589 1556 mari,
1603 1519 1797 1550 mentionem

1075 1575 1179 1600 noster
1193 1569 1275 1600 facit.

1117 1620 1190 1650 Ver.
1208 1623 1276 1652 795.
1302 1620 1451 1651 Conferas
1465 1621 1578 1652 similia
1592 1621 1626 1652 in
1641 1621 1672 1652 ii.
1688 1624 1760 1654 997.

1118 1671 1189 1701 Ver.
1214 1675 1284 1703 794.
1305 1674 1346 1702 sit
1367 1684 1400 1703 e:
1427 1672 1522 1703 Vind.
1545 1675 1573 1703 si
1593 1675 1793 1713 tia—quoni-

1071 1734 1139 1753 am:
1165 1723 1205 1753 V.
1221 1722 1269 1753 ed.
1284 1734 1387 1762 quom,·
1418 1723 1456 1754 O.
1473 1725 1633 1764 quomodo;
1659 1730 1699 1755 Π.
1714 1736 1794 1756 cum.

1070 1780 1198 1805 —sunt.·
1225 1775 1259 1805 P.
1277 1775 1317 1804 V.
1333 1774 1380 1805 ed.
1395 1777 1466 1806 sint.

1112 1825 1186 1854 Ver.
1207 1827 1277 1856 795.
1300 1836 1383 1856 nunc
1397 1827 1499 1856 etiam.
1537 1826 1642 1861 Quam
1664 1826 1794 1857 creatio.

1069 1885 1143 1906 nem
1165 1875 1351 1906 animalium
1374 1876 1588 1917 pereleganter
1610 1877 1792 1917 descriptam

1068 1926 1156 1956 nobis
1172 1927 1312 1957 exhibuit
1327 1927 1592 1958 luxuriosissimus
1608 1928 1714 1959 Ovidii
1729 1935 1790 1969 sty-

1067 1977 1118 2007 lus
1132 1977 1164 2006 in
1180 1984 1252 2008 met.
1268 1978 1288 2008 i.
1304 1981 1481 2009 416—458.
1497 1989 1590 2019 quem
1601 1979 1748 2019 perlegas.

1110 2030 1183 2060 Ver.
1202 2034 1272 2062 796.
1288 2038 1444 2061 concreta:
1463 2031 1482 2061 i.
1499 2042 1524 2061 e.
1549 2035 1570 2049 “
1587 2031 1620 2061 in
1635 2042 1707 2062 suas
1721 2042 1788 2062 cor-

1068 2085 1090 2100 “
1105 2091 1217 2121 porum
1247 2081 1362 2122 figuras
1391 2083 1589 2112 membratim
1613 2083 1789 2113 coalescen-

1067 2136 1089 2151 “
1104 2133 1178 2164 tia.'’
1219 2133 1268 2163 Sic
1283 2133 1316 2163 in
1332 2133 1387 2164 sua
1401 2134 1485 2164 brevi
1500 2134 1702 2175 cosmogonia
1713 2134 1786 2165 Vir-

1064 2184 1166 2226 gilius,
1189 2184 1244 2215 ecl.
1261 2185 1300 2215 vi.
1311 2188 1362 2215 34.

1226 2268 1280 2300 ipse
1291 2270 1365 2293 tener
1377 2268 1472 2293 mundi
1482 2267 1640 2293 concreverit
1650 2268 1730 2293 orbis.

1106 2342 1182 2373 Ver.
1200 2345 1271 2374 797.
1285 2349 1349 2373 tum
1360 2344 1454 2383 plura
1470 2349 1497 2373 el
1512 2343 1648 2383 majora:
1673 2342 1740 2373 redi
1754 2342 1786 2375 ii.

1066 2395 1158 2424 1151.

1109 2444 1180 2475 Ver.
1197 2447 1267 2477 798.
1290 2445 1424 2485 majora:
1450 2445 1493 2475 ita
1519 2445 1557 2476 Β.
1582 2444 1625 2476 O.
1654 2450 1688 2476 Δ.
1713 2444 1789 2476 reli-

1064 2497 1128 2536 qui,
1151 2497 1264 2536 majore
1270 2513 1280 2533 ;
1308 2497 1414 2527 vitiose
1430 2496 1536 2536 procul
1551 2496 1783 2528 dubio.-adul-

1063 2555 1107 2578 ta:
1133 2548 1176 2578 sic
1198 2559 1306 2579 omnes
1329 2549 1399 2579 libri
1415 2555 1542 2587 veteres,
1565 2555 1597 2579 et
1615 2548 1729 2588 scripti,
1751 2554 1783 2579 et

1061 2599 1189 2640 effigiati
1218 2601 1311 2640 typis;
1337 2600 1469 2632 editores
1494 2607 1599 2632 autem
1627 2599 1781 2638 hodierni,

1061 2650 1149 2681 solita
1166 2661 1239 2681 cum
1254 2651 1462 2691 impudentia,
1484 2650 1636 2682 dederunt
1657 2659 1694 2681 ex
1716 2651 1780 2682 suis

1059 2703 1244 2732 commentis
1265 2704 1387 2733 adulto:
1413 2707 1556 2742 putantes
1577 2700 1704 2739 scilicet,
1727 2711 1778 2731 ca-

1058 2764 1128 2784 sum
1144 2760 1264 2784 sextum
1281 2760 1349 2793 post
1368 2755 1474 2784 adulta
1497 2758 1603 2783 contra
1618 2752 1701 2793 leges
1716 2752 1779 2783 La-

1058 2806 1115 2836 tini
1133 2807 1284 2837 sermonis
1297 2813 1390 2844 stare;
1413 2806 1465 2837 sed
1479 2805 1683 2837 inscitissime.
1715 2805 1776 2837 Or-

1058 2858 1100 2889 do
1114 2865 1161 2889 est
1182 2866 1213 2889 et
1234 2859 1432 2890 constructio:
1462 2862 1485 2878 “
1502 2861 1630 2896 Adulta,
1653 2859 1673 2890 i.
1689 2869 1714 2890 e.
1737 2858 1777 2890 ad

1059 2913 1082 2929 “
1097 2920 1185 2941 suam
1210 2909 1458 2951 magnitudinem
1484 2909 1642 2950 perducta,
1666 2909 1776 2941 tellure
