1926 3224
591 307 823 356 LIBER
876 305 1232 363 QUINTUS.

1579 312 1605 348 to

1612 309 1637 353 «1

297 439 487 482 Sentibus
507 439 700 490 obducat,
722 439 766 480 ni
785 439 844 480 vis
864 439 1045 480 humana
1063 439 1235 489 resistat,

295 515 409 555 Vita'l'
427 513 580 563 caussa,
602 513 736 553 valido
755 521 948 553 consueta
967 512 1123 553 bidenti

180 592 262 628 210
294 588 522 644 Ingemere,
545 594 585 626 et
604 593 756 626 terram
775 585 922 639 pressis
941 585 1204 638 proscindere
1224 585 1381 626 aratris:

295 661 339 702 Si
359 674 459 709 non,
482 658 674 700 fecundas
694 666 900 699 vortentes
920 672 1084 699 vomere
1102 658 1256 714 glebas,

191 815 264 846 Ver.
281 818 351 845 209.
382 815 465 845 Vita'z·
487 813 614 846 caussa:
651 814 670 845 i.
697 825 723 845 e.
753 813 868 850 victus,-

152 872 187 898 ut
204 866 305 897 Graeci
320 870 378 903 βιος
394 866 517 906 passim.
563 866 606 896 D.
630 867 741 903 Lucas,
764 877 872 907 evang.

149 918 210 948 xxi.
227 921 376 951 4.—-oewrn
391 918 430 956 δε,
454 932 486 949 εκ
510 930 547 949 τε
562 919 754 961 ὑστερήματος
770 919 870 955 αὑτῆς,

148 969 271 1000 ἅπαντα
293 983 340 1002 ’νον
360 977 456 1010 ΒΙΟΝ,
481 973 506 1002 ἂν
529 985 615 1012 ειχεν,
640 973 742 1002 εέαλω
778 981 872 1011 quem

151 1019 257 1051 locum
271 1022 432 1063 tetigimus
446 1022 487 1052 ad
503 1022 575 1053 Silv.
592 1022 669 1053 Crit.
684 1028 755 1052 sect.
772 1023 829 1053 xci.

193 1071 264 1102 Ver.
282 1077 351 1104 210.
374 1076 504 1113 pressis:
540 1080 582 1104 Π.
602 1074 871 1114 possis—Versus

151 1121 237 1153 deest
252 1124 302 1154 Μ.

192 1174 273 1205 Ibid.
296 1177 453 1215 Ingemere
474 1182 503 1206 et
519 1177 631 1216 pressis
653 1178 777 1206 aratris.
820 1176 871 1205 Ex

149 1227 318 1267 magnifico
333 1238 406 1258 sane
417 1238 507 1259 versu
522 1228 672 1269 gemellos
687 1238 751 1258 non
766 1228 874 1257 minus

147 1279 331 1319 magnificos
353 1290 476 1310 summa
500 1281 627 1321 Virgilii
649 1281 773 1311 solertia
797 1290 870 1310 con-

147 1329 230 1365 fecit,
253 1336 284 1360 et
297 1331 394 1370 pausa
412 1331 506 1361 simili
528 1331 691 1369 intercidit,
714 1331 754 1362 ad
769 1342 835 1372 geo.
851 1332 870 1361 i.

151 1384 200 1413 45.

150 1460 269 1491 Depresso
279 1458 388 1492 incipiat
395 1461 452 1491 jam
461 1464 523 1486 tum
537 1461 603 1486 mihi
612 1464 703 1486 taurus
713 1464 800 1485 aratro

151 1499 288 1529 Ingemem
306 1501 340 1528 et,
358 1499 431 1523 sulco
441 1500 565 1529 adtritus,
575 1500 757 1531 splendescere
767 1506 870 1524 vomer.

152 1571 215 1602 His
229 1578 336 1603 autem
351 1573 433 1603 clare
446 1573 626 1610 ostenditur,
647 1580 801 1614 quantum
816 1574 872 1604 fri-

149 1628 221 1662 geat
237 1623 413 1654 Heinsiana
427 1624 575 1654 divinatio
596 1624 635 1654 ad
653 1625 801 1663 Calpurn.
817 1625 872 1655 ecl.

148 1674 187 1704 iv.
206 1677 275 1704 121.

177 1751 292 1781 Jamque
309 1750 399 1782 palam
412 1754 496 1782 presso
514 1751 610 1783 magis,
629 1757 660 1777 ac
677 1751 773 1783 magis,
791 1751 873 1776 instat

239 1793 338 1814 aratro.-

147 1854 190 1886 ibi
199 1866 310 1895 prenso
327 1855 443 1887 scilicet
456 1857 655 1888 substituens,

193 1905 275 1937 Ibid.
291 1912 404 1937 terram
417 1910 529 1947 pressis
538 1911 734 1948 proscindere
747 1910 871 1940 aratris.

149 1956 239 1988 Hinc
253 1958 452 1997 profecerunt
466 1959 583 1989 Avieni
597 1969 712 1996 versus,
732 1959 767 1990 in
782 1960 870 1990 Arat.

148 2012 225 2044 fila.
259 2019 333 2039 cum
362 2010 548 2051 quibuslibet
576 2011 625 2041 vel
652 2011 872 2050 primariorum

147 2062 310 2101 po'e'tarum
325 2062 490 2103 elegantia,
513 2074 565 2094 me
583 2065 748 2100 hortatore,
773 2070 871 2094 certa-

146 2113 225 2151 turi;
248 2123 307 2144 nec
328 2114 395 2144 sine
418 2114 518 2145 multa
532 2115 689 2155 voluptate
703 2116 797 2146 lautis
811 2116 872 2146 lec-

151 2164 271 2195 toribus
284 2165 449 2196 tractandi:

165 2250 219 2274 Nec
229 2249 328 2280 minus,
339 2251 425 2276 arenti
435 2257 500 2276 curn
512 2251 585 2277 crine
596 2252 729 2277 attollitur
739 2255 837 2283 AEstas,

166 2290 199 2312 Et
210 2295 283 2320 cum,
295 2297 362 2315 cana
374 2298 474 2322 coma8‚
486 2291 554 2316 redit
564 2299 635 2317 anno
646 2294 745 2318 Bruma
756 2293 864 2325 rigenti,

164 2328 302 2360 Tempora
312 2329 468 2362 designant:
486 2337 561 2362 nam,
572 2332 593 2355 si
603 2339 630 2357 se
640 2333 748 2364 gurgite
757 2333 857 2358 tollunt

164 2367 299 2399 vergiliae,
309 2375 403 2394 curvas
414 2370 441 2394 in
452 2370 522 2395 flava
533 2371 638 2396 novalia
648 2371 729 2396 falces

166 2408 298 2432 Exercere
307 2408 376 2439 dies;
394 2409 415 2433 si
425 2411 546 2436 condunt
557 2418 667 2442 aequore
678 2412 810 2441 flammas,

168 2446 290 2470 Tellurem
298 2450 380 2479 presso
388 2450 545 2480 proscindere
556 2455 663 2483 tempus
673 2455 768 2476 aratro.

151 2521 201 2552 sic
216 2521 412 2552 rescribimus
424 2524 458 2553 in
473 2525 575 2563 primo
589 2536 690 2565 versu,
713 2537 769 2565 pro
783 2526 870 2567 frigi-

149 2572 198 2608 do,
215 2578 307 2613 atque
321 2573 406 2603 haud
421 2574 515 2605 dubie
529 2577 650 2615 vitioso,
672 2584 762 2608 oestus
776 2577 869 2608 libro-

146 2633 226 2653 rum.
272 2624 376 2654 Voces
388 2632 478 2656 aescas
492 2633 524 2656 et
541 2633 632 2658 aestus
653 2627 785 2658 subinde
799 2639 869 2659 mu-

146 2680 224 2705 tatas
238 2685 305 2706 esse
320 2676 462 2716 librariis,
475 2678 678 2709 Burmannus
692 2681 869 2717 observavit,

148 2725 189 2756 ad
205 2725 337 2757 Anthol.
349 2728 419 2758 Lat.
435 2739 460 2758 v.
477 2733 527 2760 60.
544 2733 572 2760 2.
588 2730 672 2760 unde
682 2730 777 2761 didici
792 2742 868 2772 quo-

148 2786 220 2816 que,
242 2787 346 2808 meam
364 2779 479 2810 Avieni
503 2781 753 2812 emendationem
770 2783 871 2814 Ulitio

147 2835 330 2868 praereptam
351 2841 417 2861 esse
439 2832 479 2862 ad
503 2833 590 2864 Grat.
612 2844 720 2875 cyneg.
743 2838 792 2867 59.
817 2836 870 2876 qui

146 2885 244 2910 totam
265 2882 398 2914 restituti
421 2885 525 2916 versus
539 2885 678 2925 laudem,
701 2887 726 2917 si
741 2897 804 2928 qua
825 2894 870 2919 est

147 2939 185 2959 ea
198 2932 306 2971 gratia,

176 3015 328 3028 —-——
337 3007 436 3034 habeat
446 3016 548 3041 secum,
561 3014 702 3044 servetque
711 3013 842 3046 sepulcro.

916 813 992 844 Non
1014 814 1103 845 aliter
1126 824 1217 853 porro
1241 812 1365 843 locutus
1389 816 1435 842 est
1452 810 1638 848 Columella,

916 875 944 895 x.
959 868 1032 896 518.
1061 871 1154 905 atque
1179 865 1210 894 ii.
1231 867 1260 894 4.
1286 868 1313 895 9.
1336 873 1430 903 quem
1455 862 1638 899 admoveb03

916 926 974 946 nec
988 922 1093 946 tamen
1108 922 1144 946 ut
1158 917 1302 955 phraseos
1315 914 1575 955 pervagatissimae
1587 923 1638 942 ex-

915 967 1057 1006 emplum
1086 969 1249 1007 praebeam,
1279 966 1333 997 sed
1362 972 1398 996 ut
1419 966 1520 1001 lectio,
1543 974 1640 1005 quam

915 1018 1062 1048 Lucretio
1090 1028 1163 1048 meo
1191 1017 1414 1056 redonaverim,
1452 1016 1491 1047 ad
1522 1016 1542 1046 i.
1571 1018 1640 1046 176.

913 1069 1042 1108 pulchre
1057 1069 1276 1099 confirmetur:
1301 1072 1323 1087 “
1342 1071 1434 1100 Colles
1448 1067 1575 1108 pinguis
1589 1077 1638 1097 so·

915 1124 938 1139 “
954 1121 985 1157 li,
1023 1120 1147 1160 peracta
1182 1121 1302 1151 satione
1338 1120 1495 1156 trimestri,
1533 1128 1640 1149 mense

915 1176 938 1191 “
956 1174 1082 1209 Martio,
1109 1173 1135 1202 si
1156 1183 1229 1203 vero
1249 1179 1338 1212 tepor
1355 1172 1433 1207 coeli,
1460 1171 1640 1211 siccitasque

916 1228 938 1243 “
954 1224 1098 1265 regionis,
1136 1226 1284 1260 suadebit,
1322 1222 1492 1254 Februario
1526 1222 1640 1256 statim,

916 1279 1169 1317 “proscindendi
1204 1274 1307 1307 sunt.''
1363 1275 1489 1306 Addam
1529 1274 1641 1304 Silium

917 1328 1076 1366 Italicum,
1108 1328 1167 1359 xvi.
1197 1332 1270 1360 552.
1309 1327 1381 1358 Cari
1410 1326 1506 1357 dubio
1534 1324 1640 1365 procul

915 1380 1000 1411 haud
1020 1380 1166 1411 oblitum:

1325 1452 1430 1477 duxere
1438 1452 1577 1482 Juvencos‚

947 1492 1073 1523 Impressis
1084 1492 1181 1516 dociles
1192 1495 1287 1515 terram
1294 1490 1452 1524 proscindere
1462 1489 1566 1514 aratrir.

916 1565 960 1595 Et
974 1566 1160 1596 constituam
1175 1566 1288 1596 rectius
1302 1576 1407 1596 versus
1423 1564 1540 1595 Hilarii
1552 1573 1638 1603 pere-

916 1617 1066 1657 legantes,
1081 1617 1115 1646 in
1134 1618 1248 1648 Genes.
1264 1627 1326 1646 ver.
1345 1620 1416 1647 105.
1447 1626 1451 1631 ·

932 1690 1002 1713 Cum
1011 1690 1076 1721 juga
1087 1689 1160 1714 nulla
1170 1690 1270 1720 forent,
1283 1693 1308 1713 et
1316 1695 1411 1714 vomer
1422 1688 1508 1712 nullus
1519 1687 1614 1717 aratri;

931 1729 1049 1759 Mugiret
1059 1729 1147 1753 nullus
1154 1728 1281 1760 proscissis
1291 1732 1382 1753 taurus
1393 1728 1419 1752 in
1430 1728 1507 1752 arvis.

917 1802 1038 1843 Vulgo,
1056 1805 1077 1821 “
1093 1813 1148 1833 nec
1158 1801 1300 1839 vomer;‘'
1323 1788 1448 1840 pufictis
1456 1802 1551 1831 etiam
1561 1800 1642 1831 male

915 1852 1077 1892 dispositis.
1122 1854 1190 1884 Nec
1213 1863 1279 1883 non
1297 1852 1500 1888 Priscianum‚
1527 1852 1642 1892 perieg.

918 1907 988 1935 180.
1010 1904 1118 1935 leviter
1132 1904 1304 1945 castigabo:

945 1989 1058 2014 Saltibus
1070 1989 1118 2014 hos
1129 1989 1200 2014 duris
1211 1996 1296 2021 asper,
1306 1988 1451 2020 sylvisque,
1461 1991 1590 2020 vagantes

946 2029 1038 2054 Victus
1047 2029 1105 2060 alit,
1115 2029 1190 2054 saeva
1201 2029 1329 2061 quaesitus
1340 2029 1417 2053 caede
1427 2028 1545 2053 ferarum
1555 2036 1563 2058 ς

946 2069 1050 2094 Scilicet
1063 2069 1168 2101 ignaros
1178 2072 1273 2093 terram
1281 2067 1437 2101 proscindere
1443 2068 1609 2092 aratris-—.

916 2143 1015 2182 Libri,
1043 2145 1363 2179 terras.—Caeterum‚
1401 2142 1517 2173 librarii
1545 2144 1640 2182 scrip·

917 2201 997 2226 tores
1011 2196 1125 2235 passim
1141 2196 1207 2227 vice
1218 2197 1415 2236 proscindere
1430 2201 1552 2233 ponunt
1568 2205 1641 2234 per-

917 2249 1064 2283 scindere,
1088 2246 1173 2287 quod
1194 2247 1228 2276 in
1243 2248 1301 2277 hoc
1318 2256 1376 2276 usu
1393 2245 1523 2275 minime
1538 2245 1641 2276 feren·

916 2298 1009 2336 dum3
1033 2308 1133 2338 quum
1156 2300 1353 2338 proscindere
1377 2297 1416 2327 sit
1440 2308 1533 2336 porro
1558 2300 1641 2329 scin-

916 2351 997 2388 dere,
1019 2349 1068 2379 vel
1084 2352 1243 2391 ορθοτομειν-
1268 2348 1306 2379 de
1321 2347 1384 2389 qua
1402 2358 1434 2378 re
1449 2358 1505 2378 nos
1520 2348 1643 2389 egimus

915 2400 955 2430 ad
985 2400 1058 2431 silv,
1087 2400 1163 2430 Crit.
1190 2400 1229 2430 iv.
1253 2410 1303 2439 pp.
1329 2403 1378 2430 58.
1403 2403 1455 2430 59.
1481 2399 1570 2429 Hinc
1598 2399 1642 2430 ita

915 2452 1120 2482 sincerissime
1132 2452 1275 2483 scribitur
1290 2451 1556 2491 elegantissimum
1573 2461 1640 2481 car-

916 2514 990 2534 men
1005 2504 1038 2534 in
1055 2504 1184 2534 Anthol.
1200 2504 1268 2534 Lat.
1285 2504 1394 2533 Burm.
1410 2502 1453 2532 iii.
1471 2505 1541 2534 179.
1558 2507 1587 2533 8.

945 2585 1071 2610 Daedalus
1081 2584 1227 2609 adstruitur
1237 2588 1320 2610 terras
1330 2586 1447 2608 mutasse
1457 2583 1560 2613 volatu,

975 2625 1008 2649 Et
1019 2624 1140 2649 medium
1152 2623 1245 2656 pennis
1252 2621 1402 2655 prom-uisse
1412 2622 1495 2647 diem.

914 2695 1003 2726 Male
1016 2696 1153 2736 quidam,
1163 2696 1364 2734 persecuisse,·
1388 2693 1519 2734 pessime
1535 2692 1639 2724 Hein-

914 2747 987 2784 sius,
1001 2749 1207 2787 praesecuisse.
1253 2747 1387 2785 Nempe,
1404 2745 1556 2776 Daedalus
1569 2746 1640 2776 aeta

913 2803 1066 2831 enatavit:
1091 2799 1198 2829 confer
1222 2809 1293 2840 quae
1317 2798 1456 2829 diximus
1485 2798 1637 2837 superius,

914 2851 954 2881 ad
976 2851 1019 2881 iii.
1036 2854 1107 2882 590.
1131 2851 1220 2891 Virg.
1237 2851 1312 2880 AEn.
1332 2860 1359 2880 v.
1378 2852 1448 2881 158.
1474 2849 1638 2880 Claudian.

912 2902 1039 2943 epithal.
1069 2902 1149 2933 Pan.
1175 2908 1206 2932 et
1233 2902 1332 2933 Celer.
1361 2912 1423 2932 ver.
1450 2901 1636 2942 penultimo.

915 2954 1007 2985 Idem
1032 2960 1138 2984 tamen
1164 2953 1327 2989 Heinsius,
1358 2953 1399 2983 ad
1427 2953 1638 2994 perelegantes

913 3016 1019 3036 versus
1036 3005 1116 3043 Silii,
1133 3005 1215 3036 Pun.
1231 3004 1293 3035 viii.
1310 3007 1380 3036 603.

844 3065 914 3096 C5
