1926 3224
611 236 844 285 LIBER
891 236 1249 294 QUINTUS.

1576 242 1665 290 179

183 369 289 410 1075
321 367 377 410 Et
396 381 521 424 quom
540 368 596 409 sic
615 367 726 419 alias,
758 369 962 410 concussis
980 368 1164 420 artubus,
1194 368 1347 419 hinnit,

318 442 374 485 Et
392 441 598 484 fremitum
618 443 764 498 patulis
784 443 859 484 sub
878 443 1044 484 naribus
1069 443 1153 484 edit
1172 442 1226 484 ad
1245 442 1383 484 arma?

376 517 604 566 Postremo,
634 531 763 572 genus
783 516 966 564 alituum,
999 517 1203 571 variaeque
1222 518 1422 567 volucres,

316 590 563 645 Adcipitres,
593 597 714 644 atque
733 588 942 645 ossifragae
962 590 1212 645 mergeique,
1243 592 1413 632 marinis

316 663 537 712 Fluctibus,
568 663 612 702 in
633 662 735 703 salso
755 662 909 703 victum
927 662 1136 718 vitamque
1154 671 1353 718 petentes,

172 824 289 854 tuntur,
314 819 484 856 aewngavereg·
508 816 546 847 de
560 826 622 857 quo
639 827 695 847 nos
709 816 780 856 plus
794 817 890 848 semel

170 871 203 901 in
219 870 300 900 notis
314 868 353 900 ad
370 868 530 908 Euripidis
546 868 719 899 Herculem
732 868 892 899 furentem

169 919 316 951 diximus.

210 979 285 1010 Ver.
304 982 393 1011 1072.
415 980 570 1011 hinnitus.-
597 986 637 1010 Π.
657 981 770 1011 initus.-
796 986 827 1010 et
846 986 889 1011 Ω.

167 1033 317 1062 videntur.

212 1089 284 1120 Ver.
302 1091 394 1120 1075.
405 1090 573 1129 juvencus:
600 1093 636 1120 Δ.
660 1093 696 1121 Σ.
722 1095 766 1121 Ω.
779 1090 892 1130 juven-

167 1146 226 1172 tus.

210 1201 291 1232 Ibid.
310 1203 442 1243 florenti
471 1207 569 1233 aetate.
623 1202 707 1232 Cum
736 1202 889 1233 nonnulla

166 1254 311 1284 varietate
327 1254 487 1295 Virgilius,
505 1253 561 1284 ecl.
578 1254 628 1285 vii.
644 1258 676 1285 4.

257 1336 345 1361 Ambo
353 1335 472 1367 fiorentes
482 1335 672 1361 aetatibus—.-

166 1409 190 1425 “
205 1407 264 1437 hoc
286 1413 343 1445 est,
366 1408 474 1438 AEtate
484 1406 651 1447 florente.'’
697 1406 820 1438 Servius
847 1407 888 1439 ad

165 1457 279 1490 locum.

208 1519 290 1549 Ibid.
305 1519 472 1559 juvencus,·
502 1518 541 1550 de
561 1530 636 1560 equo
656 1526 770 1559 noster,
793 1526 829 1551 ut
850 1520 889 1551 de

163 1571 398 1602 adolescentibus
423 1570 519 1600 etiam
545 1571 709 1609 Horatius,
735 1571 784 1602 od.
806 1572 837 1602 ii.
859 1576 887 1602 8.

162 1625 213 1652 21.
236 1621 500 1662 quemadmodum
526 1622 627 1652 Graeei
649 1623 801 1653 vocabula
814 1636 886 1662 μοσ-

161 1685 218 1713 χος
233 1679 265 1702 et
281 1679 378 1706 xum
393 1672 574 1711 saepiuscule
588 1673 689 1703 solent
702 1673 855 1705 adhibere.

204 1732 278 1762 Ver.
294 1735 386 1763 1074.
410 1733 576 1771 Pinnz'geri
596 1734 697 1763 saevit:
724 1732 819 1762 Vind.
840 1732 882 1762 V.

159 1781 208 1812 ed.
225 1788 266 1812 11.
282 1787 316 1813 Σ.
340 1784 519 1822 Pinnigeris
533 1785 616 1813 acuit
622 1798 633 1819 ;
656 1793 726 1823 quae
741 1793 805 1813 non
821 1782 884 1813 dis·

160 1839 287 1873 crepant
300 1834 442 1873 receptis,
466 1834 526 1864 nisi
540 1844 595 1874 per
609 1846 624 1865 e
639 1835 674 1864 in
688 1846 704 1865 c
718 1841 885 1872 mutatum,

160 1890 193 1914 et
213 1884 330 1915 malam
352 1884 512 1915 literarum
535 1885 806 1916 consociationem:
838 1892 882 1920 Ω.

161 1938 341 1976 Pinnigeris
363 1939 448 1973 aevit;
474 1936 535 1967 alia
561 1947 674 1967 manus
699 1938 884 1977 superscrip-

158 1988 198 2018 sit
226 1988 305 2018 illud
336 1991 438 2019 acuit.-
469 1994 504 2019 Δ.
535 1990 713 2028 Pinnigerz's
742 1991 817 2026 inic;
843 1989 881 2020 O.

159 2040 340 2079 Pinnigeris
355 2041 467 2070 hinnit.
512 2039 556 2069 Et
577 2039 750 2070 notandum
765 2046 820 2076 est,
842 2040 879 2070 li-

157 2093 229 2123 bros
257 2092 430 2123 consentire
457 2091 491 2122 in
517 2094 713 2132 Pinnigeris;
740 2093 882 2133 quamvis

158 2142 250 2173 aliam
265 2143 517 2183 orthographiam
535 2143 608 2174 alibi
624 2144 725 2184 major
741 2154 810 2183 pars
832 2154 880 2174 os·

159 2199 263 2224 tentet.
309 2194 359 2224 Sic
373 2194 563 2224 Ammianus
580 2194 792 2231 Marcellinus,
809 2194 881 2225 xxii.

158 2247 189 2274 2.
216 2247 238 2263 “
253 2247 443 2284 serpentibus
452 2248 700 2287 pinnigeris—.”

201 2305 282 2336 Ibid.
305 2308 472 2347 Pimzz’gcri
498 2310 628 2338 Amoris.
675 2308 779 2346 Maro,
805 2307 879 2338 AEn.

160 2355 180 2387 i.
195 2360 266 2388 663.

218 2438 288 2470 Ergo
298 2437 338 2462 his
347 2437 470 2470 aligerum
481 2439 559 2464 dictis
569 2440 677 2466 adfatur
693 2442 817 2465 Amorem.

199 2508 279 2539 Ibid.
317 2511 401 2540 soevit
433 2512 603 2542 calcaribus
640 2513 718 2542 ictus
748 2512 878 2543 Amoris.

157 2559 209 2590 Sic
224 2560 318 2591 etiam
333 2561 508 2601 Euripides,
524 2562 612 2592 Med.
628 2567 656 2593 8.

231 2639 309 2672 Epona
323 2638 406 2672 θυμω
419 2639 629 2666 ΕΚΠΛΔΓΕ1Σ“
643 2641 741 2668 laeam
751 2651 760 2669 .-

154 2711 293 2741 am'mum
310 2722 478 2751 1>ercussa5
499 2711 559 2751 vel,
583 2718 619 2742 ut
634 2712 759 2744 Tullius
779 2718 877 2744 trans-

466 2844 550 2863 amore
564 2845 638 2863 sevo
647 2838 749 2864 saucia:

156 2908 280 2947 propius
294 2908 335 2940 ad
355 2910 558 2951 Lucretium;
579 2912 631 2944 cui
657 2910 762 2944 credas
783 2910 818 2943 in
842 2921 876 2943 o-

934 818 1012 849 culis
1035 818 1130 850 fuisse
1150 819 1242 851 illum
1266 819 1432 860 tragicum,
1461 818 1500 850 ad
1527 818 1661 859 Hippoi.

933 873 984 901 38.

1215 958 1334 979 memo-a,
1351 948 1569 983 κᾴκτεσλκγμενη

973 995 1148 1021 ΚΕΝΤΡΟΙΣ
1170 997 1324 1022 ΕΡΩΤΟΣ“

936 1075 990 1106 ubi
1005 1073 1237 1106 Valckena'e'rus
1259 1075 1330 1104 satis
1351 1074 1515 1105 infeliciter
1537 1074 1657 1104 meher-

935 1126 1006 1158 cule
1033 1132 1170 1157 versatus
1208 1132 1260 1156 est.
1305 1127 1474 1165 Apponam
1511 1132 1659 1165 praeterea

934 1178 1110 1214 Maronem,
1126 1177 1166 1208 ad
1182 1178 1256 1207 AEn.
1271 1177 1310 1207 iv.
1326 1180 1400 1208 552.

1048 1262 1218 1295 ingeminant
1229 1267 1321 1293 curae5
1338 1267 1480 1292 rursusque
1493 1266 1631 1292 resurgens

947 1303 1039 1326 Soevor
1048 1309 1189 1326 amor—-

931 1371 975 1401 Et
988 1370 1072 1401 idem
1085 1373 1220 1402 stimulos
1235 1373 1355 1406 amoris,
1378 1377 1415 1400 ut
1428 1369 1575 1410 magister
1590 1372 1655 1400 cul-

930 1423 1052 1454 caribus
1066 1425 1194 1458 amoris;
1220 1432 1287 1462 geo.
1302 1422 1345 1453 iii.
1361 1425 1433 1453 210.
1454 1421 1660 1457 Prudentius,

931 1474 964 1504 in
983 1473 1099 1514 Symm.
1113 1473 1133 1503 i.
1155 1476 1224 1504 1:35.

1249 1557 1356 1583 stimulis
1366 1557 1501 1583 furialibus
1514 1558 1577 1582 ictas

961 1598 1106 1628 Maenadas,
1128 1597 1313 1623 inflammante
1329 1604 1405 1623 mero
1425 1598 1451 1621 in
1473 1597 1557 1622 scelus
1573 1603 1654 1622 omne

1052 1643 1166 1664 rotatas:

928 1724 1003 1744 nam
1032 1714 1076 1744 sic
1099 1713 1313 1751 scribendum3
1346 1723 1422 1751 non,
1444 1719 1480 1743 ut
1503 1713 1536 1743 in
1563 1711 1654 1743 editis

927 1764 1085 1800 mendose,
1109 1766 1207 1803 ipsas:
1237 1771 1268 1794 et
1290 1764 1448 1804 eleganter
1471 1764 1572 1803 tangit
1594 1773 1652 1793 vox

927 1820 1081 1855 posu-ema
1102 1817 1280 1845 rotationem
1293 1814 1418 1844 cervicis
1432 1823 1467 1843 ac
1482 1823 1655 1851 comarum,

927 1867 967 1897 de
981 1866 1113 1897 Bacchis
1132 1865 1247 1905 passim
1269 1871 1482 1895 memoratam.
1529 1864 1653 1904 Cogna-

928 1923 994 1948 tam
1023 1927 1130 1948 vocem
1159 1916 1271 1947 maluit
1303 1915 1488 1951 Columella,
1517 1925 1549 1945 x.
1583 1918 1651 1946 198.

926 2008 1002 2031 Nunc
1013 2012 1089 2031 amor
1099 2006 1133 2030 ad
1141 2005 1227 2030 coitus
1238 2008 1373 2037 properat,
1384 2011 1455 2029 nunc
1467 2005 1573 2036 spititus
1583 2005 1652 2029 orbis

924 2047 1074 2072 Bacchatur
1086 2046 1197 2076 Venen'3
1213 2045 1374 2076 stimulisque
1385 2045 1522 2076 Cupidinis
1535 2047 1650 2069 actus-:

924 2117 978 2147 ubi
999 2116 1079 2146 nihil
1097 2122 1213 2146 temere
1234 2115 1414 2145 novandum
1429 2120 1514 2154 puto.

967 2169 1040 2198 Ver.
1058 2170 1150 2198 1075.
1169 2170 1262 2198 1076.
1289 2166 1481 2206 Transpositi
1503 2165 1651 2206 leguntur

925 2220 957 2249 hi
972 2229 1077 2249 versus
1090 2218 1124 2247 in
1145 2218 1327 2259 vulgaribus
1342 2217 1528 2248 editionibus
1534 2228 1544 2254 ;
1566 2216 1651 2247 unde

925 2280 1049 2310 prorsus
1060 2269 1199 2308 perditur
1213 2274 1243 2298 et
1257 2278 1383 2308 pessum
1398 2268 1489 2298 datur
1503 2267 1562 2297 loci
1577 2278 1649 2307 pro-

922 2321 1034 2360 prietas
1049 2326 1080 2351 et
1095 2320 1271 2360 argumenti
1287 2320 1340 2350 vis.
1384 2319 1452 2350 Nos
1465 2329 1503 2349 ex
1522 2319 1650 2359 ingenio

921 2379 1042 2403 rectum
1056 2371 1199 2403 ordinem
1217 2371 1456 2411 reportavimus;
1479 2380 1580 2411 neque
1595 2370 1648 2407 de-

923 2425 1051 2456 siderari
1073 2429 1173 2464 potest
1194 2423 1346 2454 restitutio
1367 2422 1468 2463 magis
1489 2421 1646 2452 indubita-

921 2477 999 2508 bilis.
1044 2476 1158 2506 Postea
1179 2476 1319 2506 intellexi
1341 2485 1406 2505 non
1426 2475 1514 2504 aliter
1527 2474 1646 2504 factum

920 2529 955 2560 in
976 2529 1114 2559 editione
1130 2527 1319 2564 Florentina,
1342 2527 1417 2557 anni
1440 2529 1538 2557 1512:
1562 2524 1646 2566 quod

921 2580 1044 2620 gavisus
1067 2590 1150 2617 sum,
1173 2578 1315 2620 quamvis
1334 2588 1384 2608 res
1399 2578 1465 2618 ipsa
1478 2576 1647 2608 clarissime

921 2632 1114 2663 vociferetur.

964 2691 1045 2723 Ibid.
1068 2693 1112 2723 Et
1127 2693 1189 2722 sic:
1213 2690 1356 2729 editores,
1380 2692 1428 2721 Ac
1445 2691 1503 2726 sis;
1526 2686 1646 2718 inutili-

921 2749 968 2774 ter
991 2749 1021 2773 et
1044 2742 1201 2780 audacter,
1230 2742 1316 2772 libris
1339 2741 1486 2772 omnibus
1514 2737 1646 2770 facinori

922 2797 1302 2837 reclamantibus—quom
1312 2810 1322 2827 .·
1350 2800 1384 2828 Σ.
1400 2801 1474 2826 tum.

966 2857 1046 2888 Ibid.
1061 2859 1106 2888 sic
1120 2858 1199 2887 alias
1213 2857 1333 2886 hinnit.-
1355 2854 1376 2885 i.
1391 2864 1417 2884 e.
1437 2856 1462 2872 “
1477 2862 1561 2893 aeque
1573 2852 1644 2881 hin-

923 2914 946 2931 “
960 2912 1020 2951 nit,
1043 2910 1082 2942 de
1096 2909 1258 2942 communi
1275 2906 1500 2940 consuetudine
1513 2905 1642 2946 loquen-
