<?xml version="1.0" encoding="UTF-8"?>
<!DOCTYPE html PUBLIC "-//W3C//DTD XHTML 1.0 Transitional//EN"
    "http://www.w3.org/TR/xhtml1/DTD/xhtml1-transitional.dtd">
<html xmlns="http://www.w3.org/1999/xhtml" xml:lang="en" lang="en">
 <head>
  <title>
</title>
<meta http-equiv="Content-Type" content="text/html;charset=utf-8" />
  <meta name='ocr-system' content='tesseract 3.04.00' />
  <meta name='ocr-capabilities' content='ocr_page ocr_carea ocr_par ocr_line ocrx_word'/>
</head>
<body>
  <div class='ocr_page' id='page_1' title='image "./tlucretiicarider03lucruoft_0048.png"; bbox 0 0 1926 3224; ppageno 0'>
   <div class='ocr_carea' id='block_1_1' title="bbox 284 288 345 328">
    <p class='ocr_par' dir='ltr' id='par_1_1' title="bbox 284 288 345 328">
     <span class='ocr_line' id='line_1_1' title="bbox 284 288 345 328; baseline 0.033 -2"><span class='ocrx_word' id='word_1_1' title='bbox 284 288 345 328; x_wconf 84' lang='grc'><strong>28</strong></span> 
     </span>
    </p>
   </div>
   <div class='ocr_carea' id='block_1_2' title="bbox 787 283 1261 332">
    <p class='ocr_par' dir='ltr' id='par_1_2' title="bbox 787 283 1261 332">
     <span class='ocr_line' id='line_1_2' title="bbox 787 283 1261 332; baseline 0.004 -2"><span class='ocrx_word' id='word_1_2' title='bbox 787 283 847 330; x_wconf 94' lang='grc' dir='ltr'><strong>Τ.</strong></span> <span class='ocrx_word' id='word_1_3' title='bbox 884 283 1261 332; x_wconf 89' lang='lat' dir='ltr'><strong>LUCRETII</strong></span> 
     </span>
    </p>
   </div>
   <div class='ocr_carea' id='block_1_3' title="bbox 314 408 1603 835">
    <p class='ocr_par' dir='ltr' id='par_1_3' title="bbox 428 408 1519 614">
     <span class='ocr_line' id='line_1_3' title="bbox 428 408 1451 467; baseline 0.002 -15"><span class='ocrx_word' id='word_1_4' title='bbox 428 408 656 465; x_wconf 84' lang='lat' dir='ltr'><strong>Terrai&#39;que</strong></span> <span class='ocrx_word' id='word_1_5' title='bbox 675 410 804 450; x_wconf 89' lang='lat' dir='ltr'><strong>solum</strong></span> <span class='ocrx_word' id='word_1_6' title='bbox 824 410 1070 467; x_wconf 86' lang='lat' dir='ltr'><strong>subigentes,</strong></span> <span class='ocrx_word' id='word_1_7' title='bbox 1101 411 1230 452; x_wconf 89' lang='lat' dir='ltr'><strong>cimus</strong></span> <span class='ocrx_word' id='word_1_8' title='bbox 1249 411 1301 452; x_wconf 84' lang='lat' dir='ltr'><strong>ad</strong></span> <span class='ocrx_word' id='word_1_9' title='bbox 1321 418 1451 463; x_wconf 79' lang='lat' dir='ltr'><strong>ortus3</strong></span> 
     </span>
     <span class='ocr_line' id='line_1_4' title="bbox 431 482 1519 540; baseline 0.002 -15"><span class='ocrx_word' id='word_1_10' title='bbox 431 484 587 538; x_wconf 88' lang='lat' dir='ltr'>Sponte</span> <span class='ocrx_word' id='word_1_11' title='bbox 607 482 678 524; x_wconf 62' lang='lat' dir='ltr'><strong>sus</strong></span> <span class='ocrx_word' id='word_1_12' title='bbox 698 492 903 539; x_wconf 85' lang='lat' dir='ltr'><strong>nequeant</strong></span> <span class='ocrx_word' id='word_1_13' title='bbox 921 484 1094 540; x_wconf 87' lang='lat' dir='ltr'><strong>liquidas</strong></span> <span class='ocrx_word' id='word_1_14' title='bbox 1114 485 1307 527; x_wconf 85' lang='lat' dir='ltr'><strong>exsistere</strong></span> <span class='ocrx_word' id='word_1_15' title='bbox 1325 486 1368 526; x_wconf 91' lang='lat' dir='ltr'><strong>in</strong></span> <span class='ocrx_word' id='word_1_16' title='bbox 1389 500 1519 527; x_wconf 87' lang='lat' dir='ltr'><strong>auras.</strong></span> 
     </span>
     <span class='ocr_line' id='line_1_5' title="bbox 429 556 1419 614; baseline 0.004 -18"><span class='ocrx_word' id='word_1_17' title='bbox 429 556 486 597; x_wconf 82' lang='lat' dir='ltr'><strong>Et</strong></span> <span class='ocrx_word' id='word_1_18' title='bbox 505 564 658 607; x_wconf 87' lang='lat' dir='ltr'><strong>tamen,</strong></span> <span class='ocrx_word' id='word_1_19' title='bbox 678 556 886 598; x_wconf 88' lang='lat' dir='ltr'><strong>interdum</strong></span> <span class='ocrx_word' id='word_1_20' title='bbox 905 572 1058 614; x_wconf 84' lang='lat' dir='ltr'><strong>magno</strong></span> <span class='ocrx_word' id='word_1_21' title='bbox 1077 559 1248 613; x_wconf 85' lang='lat' dir='ltr'><strong>quaesita</strong></span> <span class='ocrx_word' id='word_1_22' title='bbox 1265 559 1419 609; x_wconf 84' lang='lat' dir='ltr'><strong>labore,</strong></span> 
     </span>
    </p>

    <p class='ocr_par' dir='ltr' id='par_1_4' title="bbox 314 629 1603 835">
     <span class='ocr_line' id='line_1_6' title="bbox 314 629 1603 687; baseline 0.004 -18"><span class='ocrx_word' id='word_1_23' title='bbox 314 634 396 669; x_wconf 85' lang='grc'><strong>215</strong></span> <span class='ocrx_word' id='word_1_24' title='bbox 429 629 570 678; x_wconf 84' lang='lat' dir='ltr'><strong>Quom</strong></span> <span class='ocrx_word' id='word_1_25' title='bbox 583 630 670 684; x_wconf 86' lang='lat' dir='ltr'><strong>jam</strong></span> <span class='ocrx_word' id='word_1_26' title='bbox 689 644 764 684; x_wconf 88' lang='lat' dir='ltr'><strong>per</strong></span> <span class='ocrx_word' id='word_1_27' title='bbox 782 638 909 671; x_wconf 78' lang='lat' dir='ltr'><strong>terras</strong></span> <span class='ocrx_word' id='word_1_28' title='bbox 928 630 1123 672; x_wconf 83' lang='lat' dir='ltr'><strong>frundent</strong></span> <span class='ocrx_word' id='word_1_29' title='bbox 1141 639 1262 687; x_wconf 86' lang='lat' dir='ltr'><strong>atque</strong></span> <span class='ocrx_word' id='word_1_30' title='bbox 1282 632 1422 673; x_wconf 89' lang='lat' dir='ltr'><strong>omnia</strong></span> <span class='ocrx_word' id='word_1_31' title='bbox 1439 632 1603 682; x_wconf 86' lang='lat' dir='ltr'><strong>florent;</strong></span> 
     </span>
     <span class='ocr_line' id='line_1_7' title="bbox 429 702 1365 756; baseline 0.003 -13"><span class='ocrx_word' id='word_1_32' title='bbox 429 703 517 744; x_wconf 92' lang='lat' dir='ltr'><strong>Aut</strong></span> <span class='ocrx_word' id='word_1_33' title='bbox 536 702 672 743; x_wconf 89' lang='lat' dir='ltr'><strong>nimiis</strong></span> <span class='ocrx_word' id='word_1_34' title='bbox 691 710 819 744; x_wconf 87' lang='lat' dir='ltr'><strong>torret</strong></span> <span class='ocrx_word' id='word_1_35' title='bbox 838 702 1062 744; x_wconf 88' lang='lat' dir='ltr'><strong>fervoribus</strong></span> <span class='ocrx_word' id='word_1_36' title='bbox 1081 704 1272 746; x_wconf 87' lang='lat' dir='ltr'><strong>aetherius</strong></span> <span class='ocrx_word' id='word_1_37' title='bbox 1292 705 1365 756; x_wconf 91' lang='lat' dir='ltr'><strong>sol,</strong></span> 
     </span>
     <span class='ocr_line' id='line_1_8' title="bbox 429 775 1532 835; baseline 0.005 -19"><span class='ocrx_word' id='word_1_38' title='bbox 429 777 517 817; x_wconf 88' lang='lat' dir='ltr'><strong>Aut</strong></span> <span class='ocrx_word' id='word_1_39' title='bbox 536 775 681 817; x_wconf 88' lang='lat' dir='ltr'><strong>subitei</strong></span> <span class='ocrx_word' id='word_1_40' title='bbox 700 776 908 830; x_wconf 86' lang='lat' dir='ltr'><strong>perimunt</strong></span> <span class='ocrx_word' id='word_1_41' title='bbox 926 776 1091 828; x_wconf 83' lang='lat' dir='ltr'><strong>imbres,</strong></span> <span class='ocrx_word' id='word_1_42' title='bbox 1112 778 1338 835; x_wconf 80' lang='lat' dir='ltr'><strong>gelidaeque</strong></span> <span class='ocrx_word' id='word_1_43' title='bbox 1356 780 1532 834; x_wconf 73' lang='lat' dir='ltr'><strong>pruinae,</strong></span> 
     </span>
    </p>
   </div>
   <div class='ocr_carea' id='block_1_4' title="bbox 314 927 990 1000">
    <p class='ocr_par' dir='ltr' id='par_1_5' title="bbox 314 927 990 1000">
     <span class='ocr_line' id='line_1_9' title="bbox 316 927 926 960; baseline 0.002 -7"><span class='ocrx_word' id='word_1_44' title='bbox 316 929 421 960; x_wconf 82' lang='lat' dir='ltr'><strong>Quique</strong></span> <span class='ocrx_word' id='word_1_45' title='bbox 431 929 506 960; x_wconf 84' lang='lat' dir='ltr'><strong>gravi</strong></span> <span class='ocrx_word' id='word_1_46' title='bbox 516 935 602 958; x_wconf 82' lang='lat' dir='ltr'><strong>remo,</strong></span> <span class='ocrx_word' id='word_1_47' title='bbox 616 927 714 952; x_wconf 81' lang='lat' dir='ltr'><strong>limosis</strong></span> <span class='ocrx_word' id='word_1_48' title='bbox 723 928 839 960; x_wconf 85' lang='lat' dir='ltr'><strong>segniter</strong></span> <span class='ocrx_word' id='word_1_49' title='bbox 849 929 926 954; x_wconf 80' lang='lat' dir='ltr'><strong>undis</strong></span> 
     </span>
     <span class='ocr_line' id='line_1_10' title="bbox 314 966 990 1000; baseline 0.003 -8"><span class='ocrx_word' id='word_1_50' title='bbox 314 970 410 997; x_wconf 84' lang='lat' dir='ltr'><strong>Lenta,</strong></span> <span class='ocrx_word' id='word_1_51' title='bbox 421 966 556 999; x_wconf 79' lang='lat' dir='ltr'><strong>paludosae</strong></span> <span class='ocrx_word' id='word_1_52' title='bbox 566 967 731 1000; x_wconf 74' lang='lat' dir='ltr'><strong>proscindunt</strong></span> <span class='ocrx_word' id='word_1_53' title='bbox 739 971 833 1000; x_wconf 83' lang='lat' dir='ltr'><strong>stagna</strong></span> <span class='ocrx_word' id='word_1_54' title='bbox 843 970 990 994; x_wconf 79' lang='lat' dir='ltr'><strong>Ravennae:</strong></span> 
     </span>
    </p>
   </div>
   <div class='ocr_carea' id='block_1_5' title="bbox 284 1041 1006 1134">
    <p class='ocr_par' dir='ltr' id='par_1_6' title="bbox 284 1041 1006 1134">
     <span class='ocr_line' id='line_1_11' title="bbox 284 1041 1006 1083; baseline 0.003 -11"><span class='ocrx_word' id='word_1_55' title='bbox 284 1047 366 1072; x_wconf 87' lang='lat' dir='ltr'><strong>recte</strong></span> <span class='ocrx_word' id='word_1_56' title='bbox 400 1041 574 1081; x_wconf 76' lang='lat' dir='ltr'><strong>repudiavit</strong></span> <span class='ocrx_word' id='word_1_57' title='bbox 601 1042 765 1083; x_wconf 83' lang='lat' dir='ltr'><strong>vulgatum</strong></span> <span class='ocrx_word' id='word_1_58' title='bbox 796 1045 1006 1083; x_wconf 71' lang='lat' dir='ltr'><strong>per-scindunt.</strong></span> 
     </span>
     <span class='ocr_line' id='line_1_12' title="bbox 286 1092 1004 1134; baseline 0.003 -12"><span class='ocrx_word' id='word_1_59' title='bbox 286 1092 337 1123; x_wconf 86' lang='lat' dir='ltr'><strong>Sic</strong></span> <span class='ocrx_word' id='word_1_60' title='bbox 360 1098 465 1122; x_wconf 83' lang='lat' dir='ltr'><strong>autem</strong></span> <span class='ocrx_word' id='word_1_61' title='bbox 496 1093 584 1122; x_wconf 88' lang='lat' dir='ltr'><strong>locus</strong></span> <span class='ocrx_word' id='word_1_62' title='bbox 606 1093 663 1123; x_wconf 88' lang='lat' dir='ltr'><strong>iste</strong></span> <span class='ocrx_word' id='word_1_63' title='bbox 691 1093 871 1134; x_wconf 72' lang='lat' dir='ltr'><strong>inter-pungi</strong></span> <span class='ocrx_word' id='word_1_64' title='bbox 899 1094 1004 1131; x_wconf 87' lang='lat' dir='ltr'><strong>debet;</strong></span> 
     </span>
    </p>
   </div>
   <div class='ocr_carea' id='block_1_6' title="bbox 231 1142 1008 1184">
    <p class='ocr_par' dir='ltr' id='par_1_7' title="bbox 231 1142 1008 1184">
     <span class='ocr_line' id='line_1_13' title="bbox 231 1142 1008 1184; baseline 0.001 -11"><span class='ocrx_word' id='word_1_65' title='bbox 231 1160 242 1166; x_wconf 75' lang='lat'>=</span> <span class='ocrx_word' id='word_1_66' title='bbox 282 1153 379 1184; x_wconf 87' lang='lat' dir='ltr'><strong>quem</strong></span> <span class='ocrx_word' id='word_1_67' title='bbox 393 1143 516 1182; x_wconf 90' lang='lat' dir='ltr'><strong>punctis</strong></span> <span class='ocrx_word' id='word_1_68' title='bbox 530 1142 715 1174; x_wconf 68' lang='lat' dir='ltr'><strong>destitutum</strong></span> <span class='ocrx_word' id='word_1_69' title='bbox 731 1144 1008 1175; x_wconf 84' lang='lat' dir='ltr'><strong>Drakenborchius</strong></span> 
     </span>
    </p>
   </div>
   <div class='ocr_carea' id='block_1_7' title="bbox 283 1193 1010 1437">
    <p class='ocr_par' dir='ltr' id='par_1_8' title="bbox 283 1193 1010 1437">
     <span class='ocr_line' id='line_1_14' title="bbox 283 1193 1006 1233; baseline 0.004 -10"><span class='ocrx_word' id='word_1_70' title='bbox 283 1193 436 1228; x_wconf 87' lang='lat' dir='ltr'><strong>exhibuit,</strong></span> <span class='ocrx_word' id='word_1_71' title='bbox 451 1199 543 1233; x_wconf 89' lang='lat' dir='ltr'><strong>atque</strong></span> <span class='ocrx_word' id='word_1_72' title='bbox 557 1193 591 1224; x_wconf 91' lang='lat' dir='ltr'><strong>in</strong></span> <span class='ocrx_word' id='word_1_73' title='bbox 606 1194 782 1225; x_wconf 87' lang='lat' dir='ltr'><strong>novissimis</strong></span> <span class='ocrx_word' id='word_1_74' title='bbox 797 1195 920 1226; x_wconf 84' lang='lat' dir='ltr'><strong>Ernesti</strong></span> <span class='ocrx_word' id='word_1_75' title='bbox 938 1196 1006 1226; x_wconf 84' lang='lat' dir='ltr'><strong>Ru-</strong></span> 
     </span>
     <span class='ocr_line' id='line_1_15' title="bbox 283 1244 1006 1285; baseline 0.004 -11"><span class='ocrx_word' id='word_1_76' title='bbox 283 1244 424 1285; x_wconf 72' lang='lat' dir='ltr'><strong>pertique</strong></span> <span class='ocrx_word' id='word_1_77' title='bbox 450 1244 678 1284; x_wconf 77' lang='lat' dir='ltr'><strong>exemplaribus</strong></span> <span class='ocrx_word' id='word_1_78' title='bbox 706 1246 788 1276; x_wconf 87' lang='lat' dir='ltr'><strong>male</strong></span> <span class='ocrx_word' id='word_1_79' title='bbox 811 1245 1006 1277; x_wconf 83' lang='lat' dir='ltr'><strong>administra-</strong></span> 
     </span>
     <span class='ocr_line' id='line_1_16' title="bbox 285 1295 1010 1336; baseline 0 -10"><span class='ocrx_word' id='word_1_80' title='bbox 285 1301 355 1326; x_wconf 79' lang='lat' dir='ltr'><strong>tum</strong></span> <span class='ocrx_word' id='word_1_81' title='bbox 383 1295 483 1326; x_wconf 82' lang='lat' dir='ltr'><strong>video.</strong></span> <span class='ocrx_word' id='word_1_82' title='bbox 531 1295 664 1334; x_wconf 78' lang='lat' dir='ltr'><strong>Interea,</strong></span> <span class='ocrx_word' id='word_1_83' title='bbox 697 1296 818 1327; x_wconf 88' lang='lat' dir='ltr'><strong>subtilis</strong></span> <span class='ocrx_word' id='word_1_84' title='bbox 846 1297 948 1336; x_wconf 62' lang='lat' dir='ltr'><strong>poeta,</strong></span> <span class='ocrx_word' id='word_1_85' title='bbox 978 1302 1010 1327; x_wconf 88' lang='lat' dir='ltr'><strong>et</strong></span> 
     </span>
     <span class='ocr_line' id='line_1_17' title="bbox 285 1346 1008 1386; baseline 0.004 -10"><span class='ocrx_word' id='word_1_86' title='bbox 285 1346 460 1386; x_wconf 76' lang='lat' dir='ltr'><strong>perdoctus,</strong></span> <span class='ocrx_word' id='word_1_87' title='bbox 476 1357 534 1378; x_wconf 85' lang='lat' dir='ltr'><strong>nec</strong></span> <span class='ocrx_word' id='word_1_88' title='bbox 548 1347 730 1379; x_wconf 87' lang='lat' dir='ltr'><strong>invenustus</strong></span> <span class='ocrx_word' id='word_1_89' title='bbox 744 1354 862 1386; x_wconf 82' lang='lat' dir='ltr'><strong>tamen,</strong></span> <span class='ocrx_word' id='word_1_90' title='bbox 885 1348 1008 1379; x_wconf 83' lang='lat' dir='ltr'><strong>sidoni-</strong></span> 
     </span>
     <span class='ocr_line' id='line_1_18' title="bbox 284 1397 1008 1437; baseline 0.001 -9"><span class='ocrx_word' id='word_1_91' title='bbox 284 1407 323 1428; x_wconf 90' lang='lat' dir='ltr'><strong>us</strong></span> <span class='ocrx_word' id='word_1_92' title='bbox 335 1397 526 1437; x_wconf 86' lang='lat' dir='ltr'><strong>Apollinaris</strong></span> <span class='ocrx_word' id='word_1_93' title='bbox 535 1398 767 1434; x_wconf 81' lang='lat' dir='ltr'><strong>emaculabitur,</strong></span> <span class='ocrx_word' id='word_1_94' title='bbox 784 1410 877 1430; x_wconf 85' lang='lat' dir='ltr'><strong>carm.</strong></span> <span class='ocrx_word' id='word_1_95' title='bbox 893 1409 920 1430; x_wconf 88' lang='lat' dir='ltr'><strong>v.</strong></span> <span class='ocrx_word' id='word_1_96' title='bbox 935 1402 1008 1431; x_wconf 79' lang='lat'><strong>585.</strong></span> 
     </span>
    </p>
   </div>
   <div class='ocr_carea' id='block_1_8' title="bbox 297 1481 994 1594">
    <p class='ocr_par' dir='ltr' id='par_1_9' title="bbox 297 1481 994 1594">
     <span class='ocr_line' id='line_1_19' title="bbox 299 1481 994 1514; baseline 0.001 -8"><span class='ocrx_word' id='word_1_97' title='bbox 299 1481 353 1514; x_wconf 80' lang='lat' dir='ltr'><strong>Qui</strong></span> <span class='ocrx_word' id='word_1_98' title='bbox 363 1489 457 1514; x_wconf 86' lang='lat' dir='ltr'><strong>pacem</strong></span> <span class='ocrx_word' id='word_1_99' title='bbox 468 1482 524 1512; x_wconf 80' lang='lat' dir='ltr'><strong>das,</strong></span> <span class='ocrx_word' id='word_1_100' title='bbox 535 1482 617 1508; x_wconf 82' lang='lat' dir='ltr'><strong>redde</strong></span> <span class='ocrx_word' id='word_1_101' title='bbox 627 1483 765 1507; x_wconf 84' lang='lat' dir='ltr'><strong>animum:</strong></span> <span class='ocrx_word' id='word_1_102' title='bbox 783 1482 994 1513; x_wconf 82' lang='lat' dir='ltr'><strong>lassatajuvenci</strong></span> 
     </span>
     <span class='ocr_line' id='line_1_20' title="bbox 297 1522 867 1554; baseline 0 -8"><span class='ocrx_word' id='word_1_103' title='bbox 297 1522 399 1547; x_wconf 81' lang='lat' dir='ltr'><strong>cervix</strong></span> <span class='ocrx_word' id='word_1_104' title='bbox 410 1522 531 1554; x_wconf 86' lang='lat' dir='ltr'><strong>deposito</strong></span> <span class='ocrx_word' id='word_1_105' title='bbox 542 1522 636 1546; x_wconf 84' lang='lat' dir='ltr'><strong>melius</strong></span> <span class='ocrx_word' id='word_1_106' title='bbox 645 1522 771 1554; x_wconf 78' lang='lat' dir='ltr'><strong>prosulcat</strong></span> <span class='ocrx_word' id='word_1_107' title='bbox 781 1525 867 1546; x_wconf 78' lang='lat' dir='ltr'><strong>aratro</strong></span> 
     </span>
     <span class='ocr_line' id='line_1_21' title="bbox 297 1562 704 1594; baseline 0.002 -8"><span class='ocrx_word' id='word_1_108' title='bbox 297 1562 414 1587; x_wconf 82' lang='lat' dir='ltr'><strong>&#39;Telluris</strong></span> <span class='ocrx_word' id='word_1_109' title='bbox 424 1562 530 1594; x_wconf 84' lang='lat' dir='ltr'><strong>glebam</strong></span> <span class='ocrx_word' id='word_1_110' title='bbox 540 1562 704 1587; x_wconf 65' lang='lat' dir='ltr'><strong>solida—-</strong></span> 
     </span>
    </p>
   </div>
   <div class='ocr_carea' id='block_1_9' title="bbox 284 1631 1007 1714">
    <p class='ocr_par' dir='ltr' id='par_1_10' title="bbox 284 1631 1007 1714">
     <span class='ocr_line' id='line_1_22' title="bbox 284 1631 1007 1672; baseline 0.003 -10"><span class='ocrx_word' id='word_1_111' title='bbox 284 1631 379 1668; x_wconf 84' lang='lat' dir='ltr'><strong>Libri,</strong></span> <span class='ocrx_word' id='word_1_112' title='bbox 403 1638 472 1672; x_wconf 77' lang='lat' dir='ltr'><strong>post</strong></span> <span class='ocrx_word' id='word_1_113' title='bbox 501 1635 615 1668; x_wconf 57' lang='lat' dir='ltr'><strong>sulcam</strong></span> <span class='ocrx_word' id='word_1_114' title='bbox 648 1633 702 1663; x_wconf 87' lang='lat' dir='ltr'><strong>sed</strong></span> <span class='ocrx_word' id='word_1_115' title='bbox 728 1633 813 1665; x_wconf 85' lang='lat' dir='ltr'><strong>idem</strong></span> <span class='ocrx_word' id='word_1_116' title='bbox 842 1643 927 1672; x_wconf 74' lang='lat' dir='ltr'><strong>mox,</strong></span> <span class='ocrx_word' id='word_1_117' title='bbox 955 1633 1007 1664; x_wconf 78' lang='lat' dir='ltr'><strong>vii.</strong></span> 
     </span>
     <span class='ocr_line' id='line_1_23' title="bbox 286 1686 359 1714; baseline 0.014 -2"><span class='ocrx_word' id='word_1_118' title='bbox 286 1686 359 1714; x_wconf 88' lang='lat'><strong>151.</strong></span> 
     </span>
    </p>
   </div>
   <div class='ocr_carea' id='block_1_10' title="bbox 311 1755 936 1859">
    <p class='ocr_par' dir='ltr' id='par_1_11' title="bbox 311 1755 936 1859">
     <span class='ocr_line' id='line_1_24' title="bbox 629 1755 885 1782; baseline 0.008 -2"><span class='ocrx_word' id='word_1_119' title='bbox 629 1755 763 1781; x_wconf 72' lang='lat' dir='ltr'><strong>fecundus</strong></span> <span class='ocrx_word' id='word_1_120' title='bbox 774 1757 806 1781; x_wconf 85' lang='lat' dir='ltr'><strong>ab</strong></span> <span class='ocrx_word' id='word_1_121' title='bbox 819 1757 885 1782; x_wconf 85' lang='lat' dir='ltr'><strong>urbe</strong></span> 
     </span>
     <span class='ocr_line' id='line_1_25' title="bbox 311 1794 936 1828; baseline 0.005 -10"><span class='ocrx_word' id='word_1_122' title='bbox 311 1794 397 1820; x_wconf 75' lang='lat' dir='ltr'><strong>Pouet</strong></span> <span class='ocrx_word' id='word_1_123' title='bbox 407 1802 481 1826; x_wconf 86' lang='lat' dir='ltr'><strong>ager,</strong></span> <span class='ocrx_word' id='word_1_124' title='bbox 492 1795 579 1826; x_wconf 83' lang='lat' dir='ltr'><strong>primo</strong></span> <span class='ocrx_word' id='word_1_125' title='bbox 590 1795 636 1826; x_wconf 86' lang='lat' dir='ltr'><strong>qui</strong></span> <span class='ocrx_word' id='word_1_126' title='bbox 648 1795 694 1820; x_wconf 85' lang='lat' dir='ltr'><strong>vix</strong></span> <span class='ocrx_word' id='word_1_127' title='bbox 703 1795 838 1828; x_wconf 75' lang='lat' dir='ltr'><strong>proscissus</strong></span> <span class='ocrx_word' id='word_1_128' title='bbox 849 1799 936 1822; x_wconf 81' lang='lat' dir='ltr'><strong>aratro</strong></span> 
     </span>
     <span class='ocr_line' id='line_1_26' title="bbox 315 1833 645 1859; baseline 0 -1"><span class='ocrx_word' id='word_1_129' title='bbox 315 1833 423 1859; x_wconf 81' lang='lat' dir='ltr'><strong>Semina</strong></span> <span class='ocrx_word' id='word_1_130' title='bbox 432 1834 508 1858; x_wconf 82' lang='lat' dir='ltr'><strong>tarda</strong></span> <span class='ocrx_word' id='word_1_131' title='bbox 517 1834 645 1858; x_wconf 80' lang='lat' dir='ltr'><strong>sitit—.</strong></span> 
     </span>
    </p>
   </div>
   <div class='ocr_carea' id='block_1_11' title="bbox 284 1904 1008 2050">
    <p class='ocr_par' dir='ltr' id='par_1_12' title="bbox 284 1904 1008 2050">
     <span class='ocr_line' id='line_1_27' title="bbox 286 1904 1008 1945; baseline 0.001 -10"><span class='ocrx_word' id='word_1_132' title='bbox 286 1904 397 1945; x_wconf 85' lang='lat' dir='ltr'><strong>Neque</strong></span> <span class='ocrx_word' id='word_1_133' title='bbox 418 1905 587 1944; x_wconf 85' lang='lat' dir='ltr'><strong>ambigem,</strong></span> <span class='ocrx_word' id='word_1_134' title='bbox 613 1904 690 1945; x_wconf 86' lang='lat' dir='ltr'><strong>quin</strong></span> <span class='ocrx_word' id='word_1_135' title='bbox 712 1905 897 1936; x_wconf 84' lang='lat' dir='ltr'><strong>vocabulum</strong></span> <span class='ocrx_word' id='word_1_136' title='bbox 915 1906 1008 1937; x_wconf 87' lang='lat' dir='ltr'><strong>Latio</strong></span> 
     </span>
     <span class='ocr_line' id='line_1_28' title="bbox 284 1959 1008 1999; baseline 0.001 -9"><span class='ocrx_word' id='word_1_137' title='bbox 284 1959 491 1998; x_wconf 82' lang='lat' dir='ltr'><strong>deperditum,</strong></span> <span class='ocrx_word' id='word_1_138' title='bbox 507 1959 560 1989; x_wconf 91' lang='lat' dir='ltr'><strong>sed</strong></span> <span class='ocrx_word' id='word_1_139' title='bbox 575 1959 607 1988; x_wconf 86' lang='lat' dir='ltr'><strong>in</strong></span> <span class='ocrx_word' id='word_1_140' title='bbox 630 1959 871 1999; x_wconf 81' lang='lat' dir='ltr'><strong>speciosissimis,</strong></span> <span class='ocrx_word' id='word_1_141' title='bbox 886 1961 1008 1991; x_wconf 78' lang='lat' dir='ltr'><strong>restitu-</strong></span> 
     </span>
     <span class='ocr_line' id='line_1_29' title="bbox 285 2013 954 2050; baseline 0.004 -7"><span class='ocrx_word' id='word_1_142' title='bbox 285 2013 401 2044; x_wconf 88' lang='lat' dir='ltr'><strong>endum</strong></span> <span class='ocrx_word' id='word_1_143' title='bbox 418 2014 458 2043; x_wconf 86' lang='lat' dir='ltr'><strong>sit</strong></span> <span class='ocrx_word' id='word_1_144' title='bbox 475 2013 657 2050; x_wconf 87' lang='lat' dir='ltr'><strong>Claudiano,</strong></span> <span class='ocrx_word' id='word_1_145' title='bbox 675 2015 708 2044; x_wconf 87' lang='lat' dir='ltr'><strong>in</strong></span> <span class='ocrx_word' id='word_1_146' title='bbox 726 2014 831 2045; x_wconf 84' lang='lat' dir='ltr'><strong>Rufin.</strong></span> <span class='ocrx_word' id='word_1_147' title='bbox 847 2015 867 2045; x_wconf 87' lang='lat' dir='ltr'><strong>i.</strong></span> <span class='ocrx_word' id='word_1_148' title='bbox 887 2019 954 2046; x_wconf 81' lang='lat'><strong>156.</strong></span> 
     </span>
    </p>
   </div>
   <div class='ocr_carea' id='block_1_12' title="bbox 314 2087 976 2159">
    <p class='ocr_par' dir='ltr' id='par_1_13' title="bbox 314 2087 976 2159">
     <span class='ocr_line' id='line_1_30' title="bbox 314 2087 976 2119; baseline 0.003 -8"><span class='ocrx_word' id='word_1_149' title='bbox 314 2088 484 2118; x_wconf 86' lang='lat' dir='ltr'><strong>Longaevum</strong></span> <span class='ocrx_word' id='word_1_150' title='bbox 497 2087 612 2112; x_wconf 85' lang='lat' dir='ltr'><strong>mentita</strong></span> <span class='ocrx_word' id='word_1_151' title='bbox 623 2094 725 2117; x_wconf 86' lang='lat' dir='ltr'><strong>senem,</strong></span> <span class='ocrx_word' id='word_1_152' title='bbox 741 2088 864 2119; x_wconf 78' lang='lat' dir='ltr'><strong>rugisque</strong></span> <span class='ocrx_word' id='word_1_153' title='bbox 873 2094 976 2113; x_wconf 77' lang='lat' dir='ltr'><strong>severas</strong></span> 
     </span>
     <span class='ocr_line' id='line_1_31' title="bbox 316 2125 974 2159; baseline 0.003 -10"><span class='ocrx_word' id='word_1_154' title='bbox 316 2125 462 2150; x_wconf 79' lang='lat' dir='ltr'><strong>Prosulcata</strong></span> <span class='ocrx_word' id='word_1_155' title='bbox 474 2133 564 2158; x_wconf 85' lang='lat' dir='ltr'><strong>genas,</strong></span> <span class='ocrx_word' id='word_1_156' title='bbox 581 2130 608 2151; x_wconf 87' lang='lat' dir='ltr'><strong>et</strong></span> <span class='ocrx_word' id='word_1_157' title='bbox 619 2125 684 2151; x_wconf 85' lang='lat' dir='ltr'><strong>ficto</strong></span> <span class='ocrx_word' id='word_1_158' title='bbox 694 2126 818 2158; x_wconf 85' lang='lat' dir='ltr'><strong>languida</strong></span> <span class='ocrx_word' id='word_1_159' title='bbox 829 2134 974 2159; x_wconf 80' lang='lat' dir='ltr'><strong>passu—.</strong></span> 
     </span>
    </p>
   </div>
   <div class='ocr_carea' id='block_1_13' title="bbox 284 2200 1010 2848">
    <p class='ocr_par' dir='ltr' id='par_1_14' title="bbox 284 2200 1010 2650">
     <span class='ocr_line' id='line_1_32' title="bbox 286 2200 1008 2241; baseline 0.003 -10"><span class='ocrx_word' id='word_1_160' title='bbox 286 2200 428 2239; x_wconf 80' lang='lat' dir='ltr'><strong>Codices,</strong></span> <span class='ocrx_word' id='word_1_161' title='bbox 453 2203 628 2240; x_wconf 75' lang='lat' dir='ltr'><strong>persulcata</strong></span> <span class='ocrx_word' id='word_1_162' title='bbox 661 2207 692 2232; x_wconf 82' lang='lat' dir='ltr'><strong>et</strong></span> <span class='ocrx_word' id='word_1_163' title='bbox 715 2204 919 2241; x_wconf 78' lang='lat' dir='ltr'><strong>praesulcata;</strong></span> <span class='ocrx_word' id='word_1_164' title='bbox 953 2203 1008 2233; x_wconf 90' lang='lat' dir='ltr'><strong>sed</strong></span> 
     </span>
     <span class='ocr_line' id='line_1_33' title="bbox 284 2251 1006 2291; baseline 0.003 -10"><span class='ocrx_word' id='word_1_165' title='bbox 284 2258 389 2281; x_wconf 83' lang='lat' dir='ltr'><strong>nostra</strong></span> <span class='ocrx_word' id='word_1_166' title='bbox 410 2251 506 2282; x_wconf 86' lang='lat' dir='ltr'><strong>dictio</strong></span> <span class='ocrx_word' id='word_1_167' title='bbox 530 2252 654 2291; x_wconf 82' lang='lat' dir='ltr'><strong>propria</strong></span> <span class='ocrx_word' id='word_1_168' title='bbox 678 2259 724 2282; x_wconf 87' lang='lat' dir='ltr'><strong>est</strong></span> <span class='ocrx_word' id='word_1_169' title='bbox 746 2253 778 2282; x_wconf 89' lang='lat' dir='ltr'><strong>in</strong></span> <span class='ocrx_word' id='word_1_170' title='bbox 800 2254 857 2282; x_wconf 80' lang='lat' dir='ltr'><strong>hac</strong></span> <span class='ocrx_word' id='word_1_171' title='bbox 879 2253 1006 2284; x_wconf 54' lang='lat' dir='ltr'><strong>translan</strong></span> 
     </span>
     <span class='ocr_line' id='line_1_34' title="bbox 284 2302 1010 2339; baseline 0.003 -7"><span class='ocrx_word' id='word_1_172' title='bbox 284 2302 380 2339; x_wconf 80' lang='lat' dir='ltr'><strong>tione,</strong></span> <span class='ocrx_word' id='word_1_173' title='bbox 406 2309 438 2332; x_wconf 84' lang='lat' dir='ltr'><strong>et</strong></span> <span class='ocrx_word' id='word_1_174' title='bbox 459 2303 589 2332; x_wconf 89' lang='lat' dir='ltr'><strong>omnino</strong></span> <span class='ocrx_word' id='word_1_175' title='bbox 613 2302 662 2332; x_wconf 85' lang='lat' dir='ltr'><strong>vel</strong></span> <span class='ocrx_word' id='word_1_176' title='bbox 689 2302 792 2333; x_wconf 83' lang='lat' dir='ltr'><strong>invitis</strong></span> <span class='ocrx_word' id='word_1_177' title='bbox 820 2303 1010 2334; x_wconf 85' lang='lat' dir='ltr'><strong>membranis</strong></span> 
     </span>
     <span class='ocr_line' id='line_1_35' title="bbox 284 2353 1007 2394; baseline 0.001 -10"><span class='ocrx_word' id='word_1_178' title='bbox 284 2353 492 2384; x_wconf 84' lang='lat' dir='ltr'><strong>admittenda:</strong></span> <span class='ocrx_word' id='word_1_179' title='bbox 518 2353 658 2384; x_wconf 84' lang='lat' dir='ltr'><strong>conferas</strong></span> <span class='ocrx_word' id='word_1_180' title='bbox 673 2354 762 2394; x_wconf 84' lang='lat' dir='ltr'><strong>Virg.</strong></span> <span class='ocrx_word' id='word_1_181' title='bbox 780 2355 854 2385; x_wconf 83' lang='lat' dir='ltr'><strong>AEn.</strong></span> <span class='ocrx_word' id='word_1_182' title='bbox 869 2354 918 2384; x_wconf 87' lang='lat' dir='ltr'><strong>vii.</strong></span> <span class='ocrx_word' id='word_1_183' title='bbox 934 2357 1007 2385; x_wconf 82' lang='lat'><strong>417.</strong></span> 
     </span>
     <span class='ocr_line' id='line_1_36' title="bbox 285 2404 1009 2445; baseline 0.001 -10"><span class='ocrx_word' id='word_1_184' title='bbox 285 2404 350 2436; x_wconf 88' lang='lat' dir='ltr'><strong>Pro</strong></span> <span class='ocrx_word' id='word_1_185' title='bbox 377 2409 399 2424; x_wconf 89' lang='lat'>“</span> <span class='ocrx_word' id='word_1_186' title='bbox 415 2405 512 2436; x_wconf 87' lang='lat' dir='ltr'><strong>maria</strong></span> <span class='ocrx_word' id='word_1_187' title='bbox 532 2406 739 2445; x_wconf 76' lang='lat' dir='ltr'><strong>per-sulcantes</strong></span> <span class='ocrx_word' id='word_1_188' title='bbox 765 2405 934 2436; x_wconf 79' lang='lat' dir='ltr'><strong>Tritonum</strong></span> <span class='ocrx_word' id='word_1_189' title='bbox 960 2417 1009 2436; x_wconf 87' lang='lat' dir='ltr'><strong>ca-</strong></span> 
     </span>
     <span class='ocr_line' id='line_1_37' title="bbox 285 2454 1009 2495; baseline 0.003 -10"><span class='ocrx_word' id='word_1_190' title='bbox 285 2458 309 2474; x_wconf 88' lang='lat'><strong>“</strong></span> <span class='ocrx_word' id='word_1_191' title='bbox 324 2454 461 2494; x_wconf 82' lang='lat' dir='ltr'><strong>tervas,”</strong></span> <span class='ocrx_word' id='word_1_192' title='bbox 483 2457 515 2486; x_wconf 87' lang='lat' dir='ltr'><strong>in</strong></span> <span class='ocrx_word' id='word_1_193' title='bbox 534 2456 630 2495; x_wconf 87' lang='lat' dir='ltr'><strong>Apul.</strong></span> <span class='ocrx_word' id='word_1_194' title='bbox 647 2463 719 2486; x_wconf 84' lang='lat' dir='ltr'><strong>met.</strong></span> <span class='ocrx_word' id='word_1_195' title='bbox 735 2457 773 2486; x_wconf 88' lang='lat' dir='ltr'><strong>iv.</strong></span> <span class='ocrx_word' id='word_1_196' title='bbox 789 2458 847 2486; x_wconf 94' lang='lat' dir='ltr'><strong>sub</strong></span> <span class='ocrx_word' id='word_1_197' title='bbox 862 2456 914 2487; x_wconf 87' lang='lat' dir='ltr'><strong>fin.</strong></span> <span class='ocrx_word' id='word_1_198' title='bbox 929 2457 1009 2493; x_wconf 88' lang='lat' dir='ltr'><strong>libri,</strong></span> 
     </span>
     <span class='ocr_line' id='line_1_38' title="bbox 285 2505 1009 2548; baseline 0.004 -12"><span class='ocrx_word' id='word_1_199' title='bbox 285 2505 368 2536; x_wconf 81' lang='lat' dir='ltr'><strong>docti</strong></span> <span class='ocrx_word' id='word_1_200' title='bbox 391 2517 428 2537; x_wconf 87' lang='lat' dir='ltr'><strong>ex</strong></span> <span class='ocrx_word' id='word_1_201' title='bbox 452 2506 572 2546; x_wconf 85' lang='lat' dir='ltr'><strong>scriptis</strong></span> <span class='ocrx_word' id='word_1_202' title='bbox 586 2507 687 2537; x_wconf 90' lang='lat' dir='ltr'><strong>multo</strong></span> <span class='ocrx_word' id='word_1_203' title='bbox 702 2517 775 2537; x_wconf 92' lang='lat' dir='ltr'><strong>cum</strong></span> <span class='ocrx_word' id='word_1_204' title='bbox 797 2507 917 2547; x_wconf 86' lang='lat' dir='ltr'><strong>judicio</strong></span> <span class='ocrx_word' id='word_1_205' title='bbox 938 2520 1009 2548; x_wconf 83' lang='lat' dir='ltr'><strong>per—</strong></span> 
     </span>
     <span class='ocr_line' id='line_1_39' title="bbox 285 2557 1010 2599; baseline 0.006 -13"><span class='ocrx_word' id='word_1_206' title='bbox 285 2558 430 2587; x_wconf 77' lang='lat' dir='ltr'><strong>sultantes</strong></span> <span class='ocrx_word' id='word_1_207' title='bbox 462 2557 741 2588; x_wconf 63' lang='lat' dir='ltr'><strong>restituere—Sed</strong></span> <span class='ocrx_word' id='word_1_208' title='bbox 773 2559 857 2588; x_wconf 90' lang='lat' dir='ltr'><strong>enim</strong></span> <span class='ocrx_word' id='word_1_209' title='bbox 887 2565 1010 2599; x_wconf 89' lang='lat' dir='ltr'><strong>tempus</strong></span> 
     </span>
     <span class='ocr_line' id='line_1_40' title="bbox 285 2608 922 2650; baseline 0.006 -14"><span class='ocrx_word' id='word_1_210' title='bbox 285 2612 342 2644; x_wconf 83' lang='lat' dir='ltr'><strong>est,</strong></span> <span class='ocrx_word' id='word_1_211' title='bbox 358 2613 393 2637; x_wconf 85' lang='lat' dir='ltr'><strong>ut</strong></span> <span class='ocrx_word' id='word_1_212' title='bbox 407 2618 485 2646; x_wconf 91' lang='lat' dir='ltr'><strong>opus</strong></span> <span class='ocrx_word' id='word_1_213' title='bbox 499 2608 676 2639; x_wconf 84' lang='lat' dir='ltr'><strong>institutum</strong></span> <span class='ocrx_word' id='word_1_214' title='bbox 692 2619 922 2650; x_wconf 86' lang='lat' dir='ltr'><strong>persequamur.</strong></span> 
     </span>
    </p>

    <p class='ocr_par' dir='ltr' id='par_1_15' title="bbox 285 2657 1008 2848">
     <span class='ocr_line' id='line_1_41' title="bbox 330 2657 1006 2700; baseline 0.007 -13"><span class='ocrx_word' id='word_1_215' title='bbox 330 2657 402 2688; x_wconf 88' lang='lat' dir='ltr'><strong>Ver.</strong></span> <span class='ocrx_word' id='word_1_216' title='bbox 420 2662 490 2688; x_wconf 85' lang='grc'><strong>211.</strong></span> <span class='ocrx_word' id='word_1_217' title='bbox 508 2661 626 2699; x_wconf 77' lang='lat' dir='ltr'><strong>glebas:</strong></span> <span class='ocrx_word' id='word_1_218' title='bbox 653 2665 688 2691; x_wconf 85' lang='grc' dir='ltr'><strong>Σ.</strong></span> <span class='ocrx_word' id='word_1_219' title='bbox 702 2666 814 2696; x_wconf 81' lang='lat' dir='ltr'><strong>terrus,·</strong></span> <span class='ocrx_word' id='word_1_220' title='bbox 839 2671 894 2700; x_wconf 89' lang='lat' dir='ltr'><strong>pro</strong></span> <span class='ocrx_word' id='word_1_221' title='bbox 908 2661 1006 2692; x_wconf 85' lang='lat' dir='ltr'><strong>diver·</strong></span> 
     </span>
     <span class='ocr_line' id='line_1_42' title="bbox 285 2707 1007 2752; baseline 0.008 -15"><span class='ocrx_word' id='word_1_222' title='bbox 285 2707 319 2737; x_wconf 70' lang='lat' dir='ltr'><strong>sa</strong></span> <span class='ocrx_word' id='word_1_223' title='bbox 332 2708 564 2741; x_wconf 85' lang='lat' dir='ltr'><strong>lectione.—Et</strong></span> <span class='ocrx_word' id='word_1_224' title='bbox 585 2711 618 2741; x_wconf 89' lang='lat' dir='ltr'><strong>hi</strong></span> <span class='ocrx_word' id='word_1_225' title='bbox 633 2721 738 2741; x_wconf 77' lang='lat' dir='ltr'><strong>versus</strong></span> <span class='ocrx_word' id='word_1_226' title='bbox 755 2711 824 2752; x_wconf 84' lang='lat' dir='ltr'><strong>jam</strong></span> <span class='ocrx_word' id='word_1_227' title='bbox 844 2719 1007 2751; x_wconf 83' lang='lat' dir='ltr'><strong>venerunt,</strong></span> 
     </span>
     <span class='ocr_line' id='line_1_43' title="bbox 285 2758 1008 2803; baseline 0.01 -15"><span class='ocrx_word' id='word_1_228' title='bbox 285 2758 326 2788; x_wconf 85' lang='lat' dir='ltr'><strong>ad</strong></span> <span class='ocrx_word' id='word_1_229' title='bbox 347 2759 367 2788; x_wconf 86' lang='lat' dir='ltr'><strong>i.</strong></span> <span class='ocrx_word' id='word_1_230' title='bbox 387 2763 460 2790; x_wconf 87' lang='grc'><strong>212.</strong></span> <span class='ocrx_word' id='word_1_231' title='bbox 509 2762 554 2791; x_wconf 88' lang='lat' dir='ltr'><strong>At</strong></span> <span class='ocrx_word' id='word_1_232' title='bbox 577 2773 617 2792; x_wconf 87' lang='lat' dir='ltr'><strong>an</strong></span> <span class='ocrx_word' id='word_1_233' title='bbox 643 2763 860 2803; x_wconf 88' lang='lat' dir='ltr'><strong>hujuscemodi</strong></span> <span class='ocrx_word' id='word_1_234' title='bbox 883 2775 1008 2795; x_wconf 88' lang='lat' dir='ltr'><strong>carmen</strong></span> 
     </span>
     <span class='ocr_line' id='line_1_44' title="bbox 287 2812 710 2848; baseline 0.019 -12"><span class='ocrx_word' id='word_1_235' title='bbox 287 2814 356 2848; x_wconf 86' lang='lat' dir='ltr'><strong>post</strong></span> <span class='ocrx_word' id='word_1_236' title='bbox 375 2819 435 2839; x_wconf 78' lang='lat' dir='ltr'><strong>ver.</strong></span> <span class='ocrx_word' id='word_1_237' title='bbox 450 2814 522 2841; x_wconf 91' lang='grc'><strong>210.</strong></span> <span class='ocrx_word' id='word_1_238' title='bbox 544 2812 710 2844; x_wconf 82' lang='lat' dir='ltr'><strong>exciderit?</strong></span> 
     </span>
    </p>
   </div>
   <div class='ocr_carea' id='block_1_14' title="bbox 288 2881 997 2920">
    <p class='ocr_par' dir='ltr' id='par_1_16' title="bbox 288 2881 997 2920">
     <span class='ocr_line' id='line_1_45' title="bbox 288 2881 997 2920; baseline 0.011 -15"><span class='ocrx_word' id='word_1_239' title='bbox 288 2881 434 2906; x_wconf 83' lang='lat' dir='ltr'><strong>Herbarum</strong></span> <span class='ocrx_word' id='word_1_240' title='bbox 446 2889 554 2914; x_wconf 82' lang='lat' dir='ltr'><strong>genera,</strong></span> <span class='ocrx_word' id='word_1_241' title='bbox 568 2891 599 2909; x_wconf 86' lang='lat' dir='ltr'><strong>ac</strong></span> <span class='ocrx_word' id='word_1_242' title='bbox 609 2885 754 2911; x_wconf 81' lang='lat' dir='ltr'><strong>nitidarum</strong></span> <span class='ocrx_word' id='word_1_243' title='bbox 766 2887 867 2912; x_wconf 81' lang='lat' dir='ltr'><strong>semina</strong></span> <span class='ocrx_word' id='word_1_244' title='bbox 877 2887 997 2920; x_wconf 83' lang='lat' dir='ltr'><strong>frugum.</strong></span> 
     </span>
    </p>
   </div>
   <div class='ocr_carea' id='block_1_15' title="bbox 330 2944 1008 2990">
    <p class='ocr_par' dir='ltr' id='par_1_17' title="bbox 330 2944 1008 2990">
     <span class='ocr_line' id='line_1_46' title="bbox 330 2944 1008 2990; baseline 0.013 -17"><span class='ocrx_word' id='word_1_245' title='bbox 330 2944 404 2974; x_wconf 67' lang='lat' dir='ltr'><strong>Ver.</strong></span> <span class='ocrx_word' id='word_1_246' title='bbox 421 2948 490 2976; x_wconf 89' lang='grc'><strong>212.</strong></span> <span class='ocrx_word' id='word_1_247' title='bbox 513 2949 626 2978; x_wconf 78' lang='lat' dir='ltr'><strong>cimus:</strong></span> <span class='ocrx_word' id='word_1_248' title='bbox 651 2948 692 2979; x_wconf 84' lang='lat' dir='ltr'><strong>V.</strong></span> <span class='ocrx_word' id='word_1_249' title='bbox 715 2948 762 2980; x_wconf 89' lang='lat' dir='ltr'><strong>ed.</strong></span> <span class='ocrx_word' id='word_1_250' title='bbox 788 2952 909 2988; x_wconf 77' lang='lat' dir='ltr'><strong>stimus,·</strong></span> <span class='ocrx_word' id='word_1_251' title='bbox 940 2961 1008 2990; x_wconf 89' lang='lat' dir='ltr'><strong>per-</strong></span> 
     </span>
    </p>
   </div>
   <div class='ocr_carea' id='block_1_16' title="bbox 1048 933 1818 1322">
    <p class='ocr_par' dir='ltr' id='par_1_18' title="bbox 1049 933 1769 1067">
     <span class='ocr_line' id='line_1_47' title="bbox 1049 933 1769 972; baseline 0.001 -10"><span class='ocrx_word' id='word_1_252' title='bbox 1049 938 1170 963; x_wconf 86' lang='lat' dir='ltr'><strong>mutato</strong></span> <span class='ocrx_word' id='word_1_253' title='bbox 1184 943 1200 964; x_wconf 88' lang='lat' dir='ltr'><strong><em>c</em></strong></span> <span class='ocrx_word' id='word_1_254' title='bbox 1222 942 1295 963; x_wconf 82' lang='lat' dir='ltr'><strong>cum</strong></span> <span class='ocrx_word' id='word_1_255' title='bbox 1309 940 1338 964; x_wconf 87' lang='lat' dir='ltr'><strong>t:</strong></span> <span class='ocrx_word' id='word_1_256' title='bbox 1363 943 1438 964; x_wconf 86' lang='lat' dir='ltr'><strong>nam</strong></span> <span class='ocrx_word' id='word_1_257' title='bbox 1459 933 1557 964; x_wconf 79' lang='lat' dir='ltr'><strong>voluit</strong></span> <span class='ocrx_word' id='word_1_258' title='bbox 1577 935 1700 972; x_wconf 83' lang='lat' dir='ltr'><strong>scimus,</strong></span> <span class='ocrx_word' id='word_1_259' title='bbox 1722 933 1769 964; x_wconf 83' lang='lat' dir='ltr'><strong>uti</strong></span> 
     </span>
     <span class='ocr_line' id='line_1_48' title="bbox 1049 984 1768 1016; baseline 0.003 -3"><span class='ocrx_word' id='word_1_260' title='bbox 1049 984 1190 1014; x_wconf 84' lang='lat' dir='ltr'><strong>scribitur</strong></span> <span class='ocrx_word' id='word_1_261' title='bbox 1205 984 1238 1014; x_wconf 89' lang='lat' dir='ltr'><strong>in</strong></span> <span class='ocrx_word' id='word_1_262' title='bbox 1253 984 1349 1014; x_wconf 88' lang='lat' dir='ltr'><strong>vind.</strong></span> <span class='ocrx_word' id='word_1_263' title='bbox 1365 985 1402 1015; x_wconf 92' lang='lat' dir='ltr'><strong>B.</strong></span> <span class='ocrx_word' id='word_1_264' title='bbox 1420 984 1467 1015; x_wconf 92' lang='lat' dir='ltr'><strong>M.</strong></span> <span class='ocrx_word' id='word_1_265' title='bbox 1485 985 1525 1015; x_wconf 93' lang='lat' dir='ltr'><strong>O.</strong></span> <span class='ocrx_word' id='word_1_266' title='bbox 1543 991 1583 1016; x_wconf 91' lang='grc' dir='ltr'><strong>Π.</strong></span> <span class='ocrx_word' id='word_1_267' title='bbox 1605 995 1707 1016; x_wconf 88' lang='lat' dir='ltr'><strong>errore</strong></span> <span class='ocrx_word' id='word_1_268' title='bbox 1721 995 1768 1015; x_wconf 91' lang='lat' dir='ltr'><strong>re-</strong></span> 
     </span>
     <span class='ocr_line' id='line_1_49' title="bbox 1050 1034 1446 1067; baseline 0.005 -3"><span class='ocrx_word' id='word_1_269' title='bbox 1050 1034 1313 1066; x_wconf 62' lang='lat' dir='ltr'><strong>citationis—ad:</strong></span> <span class='ocrx_word' id='word_1_270' title='bbox 1340 1042 1382 1067; x_wconf 86' lang='lat'><strong>11.</strong></span> <span class='ocrx_word' id='word_1_271' title='bbox 1399 1036 1446 1066; x_wconf 82' lang='lat' dir='ltr'><strong>ab.</strong></span> 
     </span>
    </p>

    <p class='ocr_par' dir='ltr' id='par_1_19' title="bbox 1048 1085 1818 1229">
     <span class='ocr_line' id='line_1_50' title="bbox 1092 1085 1818 1133; baseline 0.004 -18"><span class='ocrx_word' id='word_1_272' title='bbox 1092 1085 1166 1116; x_wconf 88' lang='lat' dir='ltr'><strong>Ver.</strong></span> <span class='ocrx_word' id='word_1_273' title='bbox 1182 1089 1256 1116; x_wconf 80' lang='grc'><strong>215.</strong></span> <span class='ocrx_word' id='word_1_274' title='bbox 1279 1089 1433 1117; x_wconf 71' lang='lat' dir='ltr'><strong>exsistere:</strong></span> <span class='ocrx_word' id='word_1_275' title='bbox 1471 1093 1511 1116; x_wconf 89' lang='lat'><strong>11.</strong></span> <span class='ocrx_word' id='word_1_276' title='bbox 1532 1089 1707 1126; x_wconf 68' lang='lat' dir='ltr'><strong>persistes-e,-</strong></span> <span class='ocrx_word' id='word_1_277' title='bbox 1741 1092 1773 1117; x_wconf 86' lang='lat' dir='ltr'><strong>et</strong></span> <span class='ocrx_word' id='word_1_278' title='bbox 1809 1122 1818 1133; x_wconf 76' lang='lat'><strong>·</strong></span> 
     </span>
     <span class='ocr_line' id='line_1_51' title="bbox 1048 1136 1772 1179; baseline 0.004 -13"><span class='ocrx_word' id='word_1_279' title='bbox 1048 1137 1148 1176; x_wconf 83' lang='lat' dir='ltr'><strong>prisca</strong></span> <span class='ocrx_word' id='word_1_280' title='bbox 1163 1136 1215 1167; x_wconf 87' lang='lat' dir='ltr'><strong>Pii</strong></span> <span class='ocrx_word' id='word_1_281' title='bbox 1229 1136 1423 1176; x_wconf 82' lang='lat' dir='ltr'><strong>exemplaria,</strong></span> <span class='ocrx_word' id='word_1_282' title='bbox 1438 1148 1609 1177; x_wconf 70' lang='lat' dir='ltr'><strong>exsurgere5</strong></span> <span class='ocrx_word' id='word_1_283' title='bbox 1629 1137 1713 1179; x_wconf 86' lang='lat' dir='ltr'><strong>quod</strong></span> <span class='ocrx_word' id='word_1_284' title='bbox 1727 1144 1772 1169; x_wconf 88' lang='lat' dir='ltr'><strong>est</strong></span> 
     </span>
     <span class='ocr_line' id='line_1_52' title="bbox 1050 1188 1524 1229; baseline 0.004 -12"><span class='ocrx_word' id='word_1_285' title='bbox 1050 1188 1216 1227; x_wconf 58' lang='lat' dir='ltr'><strong>vulgarius</strong></span> <span class='ocrx_word' id='word_1_286' title='bbox 1231 1194 1263 1218; x_wconf 87' lang='lat' dir='ltr'><strong>et</strong></span> <span class='ocrx_word' id='word_1_287' title='bbox 1277 1198 1315 1218; x_wconf 85' lang='lat' dir='ltr'><strong>ex</strong></span> <span class='ocrx_word' id='word_1_288' title='bbox 1330 1188 1524 1229; x_wconf 84' lang='lat' dir='ltr'><strong>glossemate.</strong></span> 
     </span>
    </p>

    <p class='ocr_par' dir='ltr' id='par_1_20' title="bbox 1051 1238 1771 1322">
     <span class='ocr_line' id='line_1_53' title="bbox 1092 1238 1771 1281; baseline 0.003 -13"><span class='ocrx_word' id='word_1_289' title='bbox 1092 1238 1174 1269; x_wconf 85' lang='lat' dir='ltr'><strong>Ibid.</strong></span> <span class='ocrx_word' id='word_1_290' title='bbox 1206 1241 1342 1279; x_wconf 79' lang='lat' dir='ltr'><strong>liquidas</strong></span> <span class='ocrx_word' id='word_1_291' title='bbox 1366 1250 1469 1271; x_wconf 78' lang='lat' dir='ltr'><strong>auras.</strong></span> <span class='ocrx_word' id='word_1_292' title='bbox 1506 1239 1673 1280; x_wconf 84' lang='lat' dir='ltr'><strong>Virgilius,</strong></span> <span class='ocrx_word' id='word_1_293' title='bbox 1703 1249 1771 1281; x_wconf 82' lang='lat' dir='ltr'><strong>geo.</strong></span> 
     </span>
     <span class='ocr_line' id='line_1_54' title="bbox 1051 1290 1159 1322; baseline 0.019 -3"><span class='ocrx_word' id='word_1_294' title='bbox 1051 1290 1071 1320; x_wconf 84' lang='lat' dir='ltr'><strong>i.</strong></span> <span class='ocrx_word' id='word_1_295' title='bbox 1088 1294 1159 1322; x_wconf 81' lang='lat'>404.</span> 
     </span>
    </p>
   </div>
   <div class='ocr_carea' id='block_1_17' title="bbox 1112 1363 1659 1396">
    <p class='ocr_par' dir='ltr' id='par_1_21' title="bbox 1112 1363 1659 1396">
     <span class='ocr_line' id='line_1_55' title="bbox 1112 1363 1659 1396; baseline 0 -7"><span class='ocrx_word' id='word_1_296' title='bbox 1112 1363 1230 1395; x_wconf 79' lang='lat' dir='ltr'><strong>Adparet</strong></span> <span class='ocrx_word' id='word_1_297' title='bbox 1240 1363 1333 1396; x_wconf 82' lang='lat' dir='ltr'><strong>liquido</strong></span> <span class='ocrx_word' id='word_1_298' title='bbox 1343 1363 1461 1388; x_wconf 69' lang='lat' dir='ltr'><strong>sublim1s</strong></span> <span class='ocrx_word' id='word_1_299' title='bbox 1471 1364 1498 1388; x_wconf 85' lang='lat' dir='ltr'><strong>in</strong></span> <span class='ocrx_word' id='word_1_300' title='bbox 1508 1364 1567 1389; x_wconf 67' lang='grc' dir='ltr'><strong>αἵγε</strong></span> <span class='ocrx_word' id='word_1_301' title='bbox 1577 1364 1659 1389; x_wconf 80' lang='lat' dir='ltr'><strong>Nisus.</strong></span> 
     </span>
    </p>
   </div>
   <div class='ocr_carea' id='block_1_18' title="bbox 1054 1434 1760 1475">
    <p class='ocr_par' dir='ltr' id='par_1_22' title="bbox 1054 1434 1760 1475">
     <span class='ocr_line' id='line_1_56' title="bbox 1054 1434 1760 1475; baseline 0.003 -10"><span class='ocrx_word' id='word_1_302' title='bbox 1054 1434 1257 1473; x_wconf 84' lang='lat' dir='ltr'><strong>Claudianus,</strong></span> <span class='ocrx_word' id='word_1_303' title='bbox 1273 1435 1307 1465; x_wconf 87' lang='lat' dir='ltr'><strong>in</strong></span> <span class='ocrx_word' id='word_1_304' title='bbox 1323 1435 1418 1465; x_wconf 88' lang='lat' dir='ltr'><strong>Prob.</strong></span> <span class='ocrx_word' id='word_1_305' title='bbox 1435 1441 1467 1465; x_wconf 86' lang='lat' dir='ltr'><strong>et</strong></span> <span class='ocrx_word' id='word_1_306' title='bbox 1483 1435 1574 1475; x_wconf 84' lang='lat' dir='ltr'><strong>Olyb.</strong></span> <span class='ocrx_word' id='word_1_307' title='bbox 1588 1445 1672 1466; x_wconf 88' lang='lat' dir='ltr'><strong>cons.</strong></span> <span class='ocrx_word' id='word_1_308' title='bbox 1687 1439 1760 1468; x_wconf 90' lang='grc'><strong>272.</strong></span> 
     </span>
    </p>
   </div>
   <div class='ocr_carea' id='block_1_19' title="bbox 1077 1518 1262 1527">
    <p class='ocr_par' dir='ltr' id='par_1_23' title="bbox 1077 1518 1262 1527">
     <span class='ocr_line' id='line_1_57' title="bbox 1077 1518 1262 1527; baseline 0 0"><span class='ocrx_word' id='word_1_309' title='bbox 1077 1518 1262 1527; x_wconf 95' lang='lat' dir='ltr'><strong> </strong></span> 
     </span>
    </p>
   </div>
   <div class='ocr_carea' id='block_1_20' title="bbox 1270 1505 1740 1539">
    <p class='ocr_par' dir='ltr' id='par_1_24' title="bbox 1270 1505 1740 1539">
     <span class='ocr_line' id='line_1_58' title="bbox 1270 1505 1740 1539; baseline 0.006 -8"><span class='ocrx_word' id='word_1_310' title='bbox 1270 1506 1360 1539; x_wconf 78' lang='lat' dir='ltr'><strong>liquidi</strong></span> <span class='ocrx_word' id='word_1_311' title='bbox 1370 1505 1530 1532; x_wconf 84' lang='lat' dir='ltr'><strong>clementior</strong></span> <span class='ocrx_word' id='word_1_312' title='bbox 1539 1514 1606 1532; x_wconf 82' lang='lat' dir='ltr'><strong>aura</strong></span> <span class='ocrx_word' id='word_1_313' title='bbox 1616 1508 1740 1534; x_wconf 83' lang='lat' dir='ltr'><strong>Favonii.-</strong></span> 
     </span>
    </p>
   </div>
   <div class='ocr_carea' id='block_1_21' title="bbox 1050 1578 1773 1822">
    <p class='ocr_par' dir='ltr' id='par_1_25' title="bbox 1050 1578 1773 1822">
     <span class='ocr_line' id='line_1_59' title="bbox 1050 1578 1773 1619; baseline 0.004 -11"><span class='ocrx_word' id='word_1_314' title='bbox 1050 1583 1087 1608; x_wconf 87' lang='lat' dir='ltr'><strong>ut</strong></span> <span class='ocrx_word' id='word_1_315' title='bbox 1100 1578 1194 1608; x_wconf 73' lang='lat' dir='ltr'><strong>etiam</strong></span> <span class='ocrx_word' id='word_1_316' title='bbox 1218 1580 1353 1619; x_wconf 81' lang='lat' dir='ltr'><strong>liquidas</strong></span> <span class='ocrx_word' id='word_1_317' title='bbox 1377 1591 1484 1618; x_wconf 76' lang='lat' dir='ltr'><strong>auras,</strong></span> <span class='ocrx_word' id='word_1_318' title='bbox 1509 1580 1543 1610; x_wconf 86' lang='lat' dir='ltr'><strong>in</strong></span> <span class='ocrx_word' id='word_1_319' title='bbox 1560 1579 1669 1611; x_wconf 86' lang='lat' dir='ltr'><strong>Rufin.</strong></span> <span class='ocrx_word' id='word_1_320' title='bbox 1686 1581 1706 1611; x_wconf 91' lang='lat' dir='ltr'><strong>i.</strong></span> <span class='ocrx_word' id='word_1_321' title='bbox 1722 1583 1773 1613; x_wconf 88' lang='lat'><strong>55.</strong></span> 
     </span>
     <span class='ocr_line' id='line_1_60' title="bbox 1051 1629 1772 1670; baseline 0.004 -11"><span class='ocrx_word' id='word_1_322' title='bbox 1051 1635 1082 1659; x_wconf 88' lang='lat' dir='ltr'><strong>et</strong></span> <span class='ocrx_word' id='word_1_323' title='bbox 1096 1629 1149 1659; x_wconf 85' lang='lat' dir='ltr'><strong>alii</strong></span> <span class='ocrx_word' id='word_1_324' title='bbox 1171 1639 1262 1668; x_wconf 87' lang='lat' dir='ltr'><strong>porro</strong></span> <span class='ocrx_word' id='word_1_325' title='bbox 1283 1631 1478 1670; x_wconf 85' lang='lat' dir='ltr'><strong>saepiuscule:</strong></span> <span class='ocrx_word' id='word_1_326' title='bbox 1505 1631 1527 1661; x_wconf 87' lang='lat' dir='ltr'><strong>i.</strong></span> <span class='ocrx_word' id='word_1_327' title='bbox 1544 1641 1570 1660; x_wconf 89' lang='lat' dir='ltr'><strong>e.</strong></span> <span class='ocrx_word' id='word_1_328' title='bbox 1597 1641 1701 1670; x_wconf 78' lang='lat' dir='ltr'><strong>puras,</strong></span> <span class='ocrx_word' id='word_1_329' title='bbox 1727 1637 1772 1662; x_wconf 84' lang='lat' dir='ltr'><strong>te-</strong></span> 
     </span>
     <span class='ocr_line' id='line_1_61' title="bbox 1052 1679 1773 1721; baseline 0.004 -12"><span class='ocrx_word' id='word_1_330' title='bbox 1052 1689 1141 1709; x_wconf 89' lang='lat' dir='ltr'><strong>nues:</strong></span> <span class='ocrx_word' id='word_1_331' title='bbox 1168 1679 1253 1710; x_wconf 88' lang='lat' dir='ltr'><strong>unde</strong></span> <span class='ocrx_word' id='word_1_332' title='bbox 1267 1690 1331 1711; x_wconf 88' lang='lat' dir='ltr'><strong>non</strong></span> <span class='ocrx_word' id='word_1_333' title='bbox 1354 1688 1419 1712; x_wconf 88' lang='lat' dir='ltr'><strong>erat</strong></span> <span class='ocrx_word' id='word_1_334' title='bbox 1434 1681 1624 1712; x_wconf 85' lang='lat' dir='ltr'><strong>Prudentius</strong></span> <span class='ocrx_word' id='word_1_335' title='bbox 1645 1681 1773 1721; x_wconf 88' lang='lat' dir='ltr'><strong>culpan-</strong></span> 
     </span>
     <span class='ocr_line' id='line_1_62' title="bbox 1050 1729 1772 1773; baseline 0.007 -13"><span class='ocrx_word' id='word_1_336' title='bbox 1050 1729 1118 1766; x_wconf 88' lang='lat' dir='ltr'><strong>dus,</strong></span> <span class='ocrx_word' id='word_1_337' title='bbox 1141 1729 1180 1760; x_wconf 91' lang='lat' dir='ltr'><strong>de</strong></span> <span class='ocrx_word' id='word_1_338' title='bbox 1194 1730 1311 1767; x_wconf 74' lang='lat' dir='ltr'><strong>animci,</strong></span> <span class='ocrx_word' id='word_1_339' title='bbox 1334 1737 1370 1762; x_wconf 90' lang='lat' dir='ltr'><strong>ut</strong></span> <span class='ocrx_word' id='word_1_340' title='bbox 1387 1731 1467 1762; x_wconf 75' lang='lat' dir='ltr'><strong>aurci</strong></span> <span class='ocrx_word' id='word_1_341' title='bbox 1482 1731 1617 1773; x_wconf 85' lang='lat' dir='ltr'><strong>quadam</strong></span> <span class='ocrx_word' id='word_1_342' title='bbox 1631 1735 1772 1765; x_wconf 78' lang='lat' dir='ltr'><strong>tenuissi-</strong></span> 
     </span>
     <span class='ocr_line' id='line_1_63' title="bbox 1050 1780 1482 1822; baseline 0.002 -11"><span class='ocrx_word' id='word_1_343' title='bbox 1050 1780 1112 1819; x_wconf 72' lang='grc' dir='ltr'><strong>7ηᾶ,</strong></span> <span class='ocrx_word' id='word_1_344' title='bbox 1130 1787 1211 1812; x_wconf 89' lang='lat' dir='ltr'><strong>cont.</strong></span> <span class='ocrx_word' id='word_1_345' title='bbox 1230 1781 1348 1822; x_wconf 86' lang='lat' dir='ltr'><strong>Symm.</strong></span> <span class='ocrx_word' id='word_1_346' title='bbox 1363 1782 1395 1812; x_wconf 86' lang='lat' dir='ltr'><strong>ii.</strong></span> <span class='ocrx_word' id='word_1_347' title='bbox 1413 1786 1482 1814; x_wconf 88' lang='grc'><strong>187.</strong></span> 
     </span>
    </p>
   </div>
   <div class='ocr_carea' id='block_1_22' title="bbox 1049 1861 1774 2344">
    <p class='ocr_par' dir='ltr' id='par_1_26' title="bbox 1081 1861 1772 1895">
     <span class='ocr_line' id='line_1_64' title="bbox 1081 1861 1772 1895; baseline 0.004 -9"><span class='ocrx_word' id='word_1_348' title='bbox 1081 1863 1135 1886; x_wconf 82' lang='lat' dir='ltr'><strong>Nec</strong></span> <span class='ocrx_word' id='word_1_349' title='bbox 1147 1861 1214 1886; x_wconf 80' lang='lat' dir='ltr'><strong>mihi</strong></span> <span class='ocrx_word' id='word_1_350' title='bbox 1224 1861 1329 1887; x_wconf 72' lang='lat' dir='ltr'><strong>difficile</strong></span> <span class='ocrx_word' id='word_1_351' title='bbox 1339 1865 1378 1887; x_wconf 86' lang='lat' dir='ltr'><strong>est</strong></span> <span class='ocrx_word' id='word_1_352' title='bbox 1388 1862 1512 1895; x_wconf 78' lang='lat' dir='ltr'><strong>liquidam</strong></span> <span class='ocrx_word' id='word_1_353' title='bbox 1522 1863 1689 1890; x_wconf 73' lang='lat' dir='ltr'><strong>circumdare</strong></span> <span class='ocrx_word' id='word_1_354' title='bbox 1697 1863 1772 1889; x_wconf 83' lang='lat' dir='ltr'><strong>flam·</strong></span> 
     </span>
    </p>

    <p class='ocr_par' dir='ltr' id='par_1_27' title="bbox 1081 1908 1659 1974">
     <span class='ocr_line' id='line_1_65' title="bbox 1081 1908 1659 1974; baseline 0.005 -9"><span class='ocrx_word' id='word_1_355' title='bbox 1081 1908 1218 1971; x_wconf 53' lang='grc' dir='ltr'><em>Ναιιῗαῗη,</em></span> <span class='ocrx_word' id='word_1_356' title='bbox 1229 1942 1352 1972; x_wconf 81' lang='lat' dir='ltr'><strong>quamvis</strong></span> <span class='ocrx_word' id='word_1_357' title='bbox 1359 1941 1493 1974; x_wconf 76' lang='lat' dir='ltr'><strong>perflabilis</strong></span> <span class='ocrx_word' id='word_1_358' title='bbox 1503 1942 1546 1968; x_wconf 85' lang='lat' dir='ltr'><strong>illa</strong></span> <span class='ocrx_word' id='word_1_359' title='bbox 1557 1942 1659 1968; x_wconf 77' lang='lat' dir='ltr'><strong>feratur</strong></span> 
     </span>
    </p>

    <p class='ocr_par' dir='ltr' id='par_1_28' title="bbox 1081 1980 1291 2005">
     <span class='ocr_line' id='line_1_66' title="bbox 1081 1980 1291 2005; baseline 0.005 -1"><span class='ocrx_word' id='word_1_360' title='bbox 1081 1981 1156 2005; x_wconf 88' lang='lat' dir='ltr'><strong>More</strong></span> <span class='ocrx_word' id='word_1_361' title='bbox 1167 1980 1291 2005; x_wconf 79' lang='lat' dir='ltr'><strong>noti—.</strong></span> 
     </span>
    </p>

    <p class='ocr_par' dir='ltr' id='par_1_29' title="bbox 1049 2043 1771 2282">
     <span class='ocr_line' id='line_1_67' title="bbox 1093 2043 1769 2076; baseline 0.006 -4"><span class='ocrx_word' id='word_1_362' title='bbox 1093 2043 1168 2073; x_wconf 87' lang='lat' dir='ltr'><strong>Ver.</strong></span> <span class='ocrx_word' id='word_1_363' title='bbox 1183 2047 1254 2074; x_wconf 82' lang='grc'><strong>214.</strong></span> <span class='ocrx_word' id='word_1_364' title='bbox 1279 2043 1368 2074; x_wconf 87' lang='lat' dir='ltr'><strong>Hinc</strong></span> <span class='ocrx_word' id='word_1_365' title='bbox 1389 2044 1573 2075; x_wconf 84' lang='lat' dir='ltr'><strong>adumbrata</strong></span> <span class='ocrx_word' id='word_1_366' title='bbox 1591 2051 1663 2075; x_wconf 82' lang='lat' dir='ltr'><strong>sunt</strong></span> <span class='ocrx_word' id='word_1_367' title='bbox 1677 2045 1769 2076; x_wconf 84' lang='lat' dir='ltr'><strong>etiam</strong></span> 
     </span>
     <span class='ocr_line' id='line_1_68' title="bbox 1051 2095 1771 2140; baseline 0.007 -15"><span class='ocrx_word' id='word_1_368' title='bbox 1051 2095 1237 2136; x_wconf 87' lang='lat' dir='ltr'><strong>Virgiliana‚</strong></span> <span class='ocrx_word' id='word_1_369' title='bbox 1264 2096 1302 2126; x_wconf 86' lang='lat' dir='ltr'><strong>ad</strong></span> <span class='ocrx_word' id='word_1_370' title='bbox 1329 2107 1395 2137; x_wconf 84' lang='lat' dir='ltr'><strong>geo.</strong></span> <span class='ocrx_word' id='word_1_371' title='bbox 1422 2098 1441 2128; x_wconf 87' lang='lat' dir='ltr'><strong>i.</strong></span> <span class='ocrx_word' id='word_1_372' title='bbox 1469 2101 1539 2129; x_wconf 90' lang='grc'><strong>118.</strong></span> <span class='ocrx_word' id='word_1_373' title='bbox 1561 2104 1592 2128; x_wconf 91' lang='lat' dir='ltr'><strong>et</strong></span> <span class='ocrx_word' id='word_1_374' title='bbox 1613 2109 1694 2140; x_wconf 86' lang='lat' dir='ltr'><strong>seqq.</strong></span> <span class='ocrx_word' id='word_1_375' title='bbox 1724 2100 1771 2130; x_wconf 79' lang='lat' dir='ltr'><strong>uti</strong></span> 
     </span>
     <span class='ocr_line' id='line_1_69' title="bbox 1049 2147 1770 2189; baseline 0.004 -11"><span class='ocrx_word' id='word_1_376' title='bbox 1049 2147 1222 2178; x_wconf 82' lang='lat' dir='ltr'><strong>Lambinus</strong></span> <span class='ocrx_word' id='word_1_377' title='bbox 1235 2158 1358 2189; x_wconf 91' lang='lat' dir='ltr'><strong>quoque</strong></span> <span class='ocrx_word' id='word_1_378' title='bbox 1369 2149 1451 2188; x_wconf 87' lang='lat' dir='ltr'><strong>prior</strong></span> <span class='ocrx_word' id='word_1_379' title='bbox 1461 2150 1770 2186; x_wconf 61' lang='lat' dir='ltr'><strong>observavit—Mox,</strong></span> 
     </span>
     <span class='ocr_line' id='line_1_70' title="bbox 1050 2203 1770 2241; baseline 0.007 -12"><span class='ocrx_word' id='word_1_380' title='bbox 1050 2209 1110 2229; x_wconf 79' lang='lat' dir='ltr'><strong>ver.</strong></span> <span class='ocrx_word' id='word_1_381' title='bbox 1127 2203 1200 2230; x_wconf 87' lang='grc'><strong>216.</strong></span> <span class='ocrx_word' id='word_1_382' title='bbox 1225 2205 1259 2230; x_wconf 86' lang='grc' dir='ltr'><strong>Δ.</strong></span> <span class='ocrx_word' id='word_1_383' title='bbox 1274 2203 1416 2237; x_wconf 73' lang='lat' dir='ltr'><strong>nimium,</strong></span> <span class='ocrx_word' id='word_1_384' title='bbox 1439 2211 1495 2241; x_wconf 87' lang='lat' dir='ltr'><strong>pro</strong></span> <span class='ocrx_word' id='word_1_385' title='bbox 1515 2204 1638 2233; x_wconf 81' lang='lat' dir='ltr'><strong>nimiis:</strong></span> <span class='ocrx_word' id='word_1_386' title='bbox 1664 2208 1695 2232; x_wconf 88' lang='lat' dir='ltr'><strong>et</strong></span> <span class='ocrx_word' id='word_1_387' title='bbox 1709 2213 1770 2234; x_wconf 71' lang='lat' dir='ltr'><strong>ver.</strong></span> 
     </span>
     <span class='ocr_line' id='line_1_71' title="bbox 1052 2251 1305 2282; baseline 0.004 -1"><span class='ocrx_word' id='word_1_388' title='bbox 1052 2253 1123 2281; x_wconf 90' lang='grc'><strong>217.</strong></span> <span class='ocrx_word' id='word_1_389' title='bbox 1146 2251 1181 2281; x_wconf 89' lang='lat' dir='ltr'><strong>L.</strong></span> <span class='ocrx_word' id='word_1_390' title='bbox 1195 2253 1305 2282; x_wconf 73' lang='lat' dir='ltr'><strong>subita.</strong></span> 
     </span>
    </p>

    <p class='ocr_par' dir='ltr' id='par_1_30' title="bbox 1096 2301 1774 2344">
     <span class='ocr_line' id='line_1_72' title="bbox 1096 2301 1774 2344; baseline 0.006 -13"><span class='ocrx_word' id='word_1_391' title='bbox 1096 2301 1167 2331; x_wconf 89' lang='lat' dir='ltr'><strong>Ver.</strong></span> <span class='ocrx_word' id='word_1_392' title='bbox 1192 2305 1263 2333; x_wconf 87' lang='grc'><strong>216.</strong></span> <span class='ocrx_word' id='word_1_393' title='bbox 1287 2309 1380 2334; x_wconf 78' lang='lat' dir='ltr'><strong>torret</strong></span> <span class='ocrx_word' id='word_1_394' title='bbox 1391 2303 1573 2344; x_wconf 76' lang='lat' dir='ltr'><strong>fervoribus.</strong></span> <span class='ocrx_word' id='word_1_395' title='bbox 1618 2304 1774 2335; x_wconf 84' lang='lat' dir='ltr'><strong>Martialis</strong></span> 
     </span>
    </p>
   </div>
   <div class='ocr_carea' id='block_1_23' title="bbox 1052 2353 1771 2436">
    <p class='ocr_par' dir='ltr' id='par_1_31' title="bbox 1052 2353 1771 2436">
     <span class='ocr_line' id='line_1_73' title="bbox 1052 2353 1771 2396; baseline 0.007 -13"><span class='ocrx_word' id='word_1_396' title='bbox 1052 2353 1125 2383; x_wconf 90' lang='lat' dir='ltr'><strong>hinc</strong></span> <span class='ocrx_word' id='word_1_397' title='bbox 1150 2353 1271 2384; x_wconf 85' lang='lat' dir='ltr'><strong>videtur</strong></span> <span class='ocrx_word' id='word_1_398' title='bbox 1298 2355 1500 2396; x_wconf 85' lang='lat' dir='ltr'><strong>corrigendus</strong></span> <span class='ocrx_word' id='word_1_399' title='bbox 1528 2355 1704 2393; x_wconf 82' lang='lat' dir='ltr'><strong>certissime,</strong></span> <span class='ocrx_word' id='word_1_400' title='bbox 1731 2356 1771 2388; x_wconf 88' lang='lat' dir='ltr'><strong>ad</strong></span> 
     </span>
     <span class='ocr_line' id='line_1_74' title="bbox 1054 2404 1204 2436; baseline 0.007 -3"><span class='ocrx_word' id='word_1_401' title='bbox 1054 2404 1093 2434; x_wconf 88' lang='lat' dir='ltr'><strong>iv.</strong></span> <span class='ocrx_word' id='word_1_402' title='bbox 1109 2407 1158 2435; x_wconf 90' lang='grc'><strong>56.</strong></span> <span class='ocrx_word' id='word_1_403' title='bbox 1175 2407 1204 2436; x_wconf 87' lang='grc'><strong>5.</strong></span> 
     </span>
    </p>
   </div>
   <div class='ocr_carea' id='block_1_24' title="bbox 1085 2477 1747 2512">
    <p class='ocr_par' dir='ltr' id='par_1_32' title="bbox 1085 2477 1747 2512">
     <span class='ocr_line' id='line_1_75' title="bbox 1085 2477 1747 2512; baseline 0.005 -11"><span class='ocrx_word' id='word_1_404' title='bbox 1085 2477 1190 2502; x_wconf 61' lang='lat' dir='ltr'><strong>Tim-ida</strong></span> <span class='ocrx_word' id='word_1_405' title='bbox 1199 2479 1244 2503; x_wconf 86' lang='lat' dir='ltr'><strong>sed</strong></span> <span class='ocrx_word' id='word_1_406' title='bbox 1252 2477 1366 2509; x_wconf 77' lang='lat' dir='ltr'><strong>servent</strong></span> <span class='ocrx_word' id='word_1_407' title='bbox 1377 2478 1497 2505; x_wconf 73' lang='lat' dir='ltr'><strong>Nemeaei</strong></span> <span class='ocrx_word' id='word_1_408' title='bbox 1507 2482 1616 2512; x_wconf 83' lang='lat' dir='ltr'><strong>pectora</strong></span> <span class='ocrx_word' id='word_1_409' title='bbox 1626 2479 1747 2505; x_wconf 82' lang='lat' dir='ltr'><strong>monstri.</strong></span> 
     </span>
    </p>
   </div>
   <div class='ocr_carea' id='block_1_25' title="bbox 1050 2540 1774 2988">
    <p class='ocr_par' dir='ltr' id='par_1_33' title="bbox 1050 2540 1774 2988">
     <span class='ocr_line' id='line_1_76' title="bbox 1053 2540 1696 2578; baseline 0.002 -8"><span class='ocrx_word' id='word_1_410' title='bbox 1053 2540 1153 2578; x_wconf 68' lang='lat' dir='ltr'><strong>Etim,</strong></span> <span class='ocrx_word' id='word_1_411' title='bbox 1171 2542 1311 2572; x_wconf 85' lang='lat' dir='ltr'><strong>Horrida</strong></span> <span class='ocrx_word' id='word_1_412' title='bbox 1319 2555 1329 2572; x_wconf 92' lang='lat'><em>:</em></span> <span class='ocrx_word' id='word_1_413' title='bbox 1354 2541 1424 2572; x_wconf 77' lang='lat' dir='ltr'><strong>vide</strong></span> <span class='ocrx_word' id='word_1_414' title='bbox 1438 2552 1494 2573; x_wconf 87' lang='lat' dir='ltr'><strong>nos</strong></span> <span class='ocrx_word' id='word_1_415' title='bbox 1509 2542 1549 2572; x_wconf 89' lang='lat' dir='ltr'><strong>ad</strong></span> <span class='ocrx_word' id='word_1_416' title='bbox 1562 2542 1607 2572; x_wconf 85' lang='lat' dir='ltr'><strong>iii.</strong></span> <span class='ocrx_word' id='word_1_417' title='bbox 1626 2545 1696 2574; x_wconf 79' lang='lat'><strong>930.</strong></span> 
     </span>
     <span class='ocr_line' id='line_1_77' title="bbox 1096 2591 1769 2631; baseline 0.004 -10"><span class='ocrx_word' id='word_1_418' title='bbox 1096 2591 1176 2622; x_wconf 88' lang='lat' dir='ltr'><strong>lbid.</strong></span> <span class='ocrx_word' id='word_1_419' title='bbox 1211 2594 1353 2623; x_wconf 80' lang='lat' dir='ltr'><strong>aetherius</strong></span> <span class='ocrx_word' id='word_1_420' title='bbox 1382 2595 1440 2624; x_wconf 81' lang='lat' dir='ltr'><strong>sol:</strong></span> <span class='ocrx_word' id='word_1_421' title='bbox 1476 2594 1495 2623; x_wconf 80' lang='lat' dir='ltr'><strong>i.</strong></span> <span class='ocrx_word' id='word_1_422' title='bbox 1515 2603 1541 2622; x_wconf 89' lang='lat' dir='ltr'><strong>e.</strong></span> <span class='ocrx_word' id='word_1_423' title='bbox 1570 2594 1769 2631; x_wconf 73' lang='lat' dir='ltr'><strong>meridianus,</strong></span> 
     </span>
     <span class='ocr_line' id='line_1_78' title="bbox 1050 2645 1766 2686; baseline 0 -12"><span class='ocrx_word' id='word_1_424' title='bbox 1050 2650 1085 2674; x_wconf 86' lang='lat' dir='ltr'><strong>ut</strong></span> <span class='ocrx_word' id='word_1_425' title='bbox 1105 2645 1159 2685; x_wconf 89' lang='lat' dir='ltr'><strong>qui</strong></span> <span class='ocrx_word' id='word_1_426' title='bbox 1181 2657 1266 2677; x_wconf 82' lang='lat' dir='ltr'><strong>arces</strong></span> <span class='ocrx_word' id='word_1_427' title='bbox 1289 2648 1431 2677; x_wconf 74' lang='lat' dir='ltr'><strong>aetlzerias</strong></span> <span class='ocrx_word' id='word_1_428' title='bbox 1451 2646 1519 2686; x_wconf 85' lang='lat' dir='ltr'><strong>jam</strong></span> <span class='ocrx_word' id='word_1_429' title='bbox 1542 2645 1766 2675; x_wconf 80' lang='lat' dir='ltr'><strong>conscenderit:</strong></span> 
     </span>
     <span class='ocr_line' id='line_1_79' title="bbox 1051 2694 1771 2737; baseline 0 -12"><span class='ocrx_word' id='word_1_430' title='bbox 1051 2705 1210 2734; x_wconf 88' lang='lat' dir='ltr'><strong>compares</strong></span> <span class='ocrx_word' id='word_1_431' title='bbox 1224 2697 1315 2737; x_wconf 88' lang='lat' dir='ltr'><strong>Virg.</strong></span> <span class='ocrx_word' id='word_1_432' title='bbox 1339 2707 1407 2737; x_wconf 86' lang='lat' dir='ltr'><strong>geo.</strong></span> <span class='ocrx_word' id='word_1_433' title='bbox 1432 2696 1471 2725; x_wconf 88' lang='lat' dir='ltr'><strong>iv.</strong></span> <span class='ocrx_word' id='word_1_434' title='bbox 1497 2698 1569 2726; x_wconf 83' lang='grc'><strong>426.</strong></span> <span class='ocrx_word' id='word_1_435' title='bbox 1595 2700 1626 2724; x_wconf 88' lang='lat' dir='ltr'><strong>et</strong></span> <span class='ocrx_word' id='word_1_436' title='bbox 1644 2694 1771 2731; x_wconf 87' lang='lat' dir='ltr'><strong>ibidem,</strong></span> 
     </span>
     <span class='ocr_line' id='line_1_80' title="bbox 1051 2745 1772 2786; baseline 0.001 -11"><span class='ocrx_word' id='word_1_437' title='bbox 1051 2745 1094 2775; x_wconf 88' lang='lat' dir='ltr'><strong>iii.</strong></span> <span class='ocrx_word' id='word_1_438' title='bbox 1126 2749 1195 2778; x_wconf 84' lang='lat'><strong>154.</strong></span> <span class='ocrx_word' id='word_1_439' title='bbox 1232 2753 1269 2778; x_wconf 84' lang='lat' dir='ltr'><strong>To</strong></span> <span class='ocrx_word' id='word_1_440' title='bbox 1297 2749 1402 2777; x_wconf 81' lang='lat' dir='ltr'><strong>nimiis</strong></span> <span class='ocrx_word' id='word_1_441' title='bbox 1420 2746 1594 2786; x_wconf 75' lang='lat' dir='ltr'><strong>fervoribus</strong></span> <span class='ocrx_word' id='word_1_442' title='bbox 1622 2746 1772 2784; x_wconf 79' lang='lat' dir='ltr'><strong>Lucretii,</strong></span> 
     </span>
     <span class='ocr_line' id='line_1_81' title="bbox 1052 2797 1772 2838; baseline 0 -11"><span class='ocrx_word' id='word_1_443' title='bbox 1052 2797 1136 2837; x_wconf 88' lang='lat' dir='ltr'><strong>quod</strong></span> <span class='ocrx_word' id='word_1_444' title='bbox 1152 2797 1307 2836; x_wconf 81' lang='lat' dir='ltr'><strong>explicant</strong></span> <span class='ocrx_word' id='word_1_445' title='bbox 1327 2797 1482 2838; x_wconf 80' lang='lat' dir='ltr'><strong>adjunctae</strong></span> <span class='ocrx_word' id='word_1_446' title='bbox 1505 2807 1594 2827; x_wconf 80' lang='lat' dir='ltr'><strong>voces</strong></span> <span class='ocrx_word' id='word_1_447' title='bbox 1617 2799 1660 2827; x_wconf 85' lang='lat' dir='ltr'><strong>sol</strong></span> <span class='ocrx_word' id='word_1_448' title='bbox 1681 2800 1772 2828; x_wconf 84' lang='lat' dir='ltr'><strong>oethe-</strong></span> 
     </span>
     <span class='ocr_line' id='line_1_82' title="bbox 1051 2848 1774 2887; baseline 0 -10"><span class='ocrx_word' id='word_1_449' title='bbox 1051 2850 1130 2886; x_wconf 85' lang='lat' dir='ltr'><strong>rius,</strong></span> <span class='ocrx_word' id='word_1_450' title='bbox 1153 2859 1275 2879; x_wconf 88' lang='lat' dir='ltr'><strong>necesse</strong></span> <span class='ocrx_word' id='word_1_451' title='bbox 1296 2848 1406 2878; x_wconf 80' lang='lat' dir='ltr'><strong>habuit</strong></span> <span class='ocrx_word' id='word_1_452' title='bbox 1422 2848 1618 2878; x_wconf 85' lang='lat' dir='ltr'><strong>Mantuanus</strong></span> <span class='ocrx_word' id='word_1_453' title='bbox 1637 2848 1774 2887; x_wconf 87' lang='lat' dir='ltr'><strong>speciali-</strong></span> 
     </span>
     <span class='ocr_line' id='line_1_83' title="bbox 1051 2899 1773 2940; baseline 0.001 -12"><span class='ocrx_word' id='word_1_454' title='bbox 1051 2905 1098 2929; x_wconf 81' lang='lat' dir='ltr'><strong>ter</strong></span> <span class='ocrx_word' id='word_1_455' title='bbox 1126 2900 1297 2931; x_wconf 81' lang='lat' dir='ltr'><strong>nominare.</strong></span> <span class='ocrx_word' id='word_1_456' title='bbox 1311 2902 1419 2930; x_wconf 83' lang='lat' dir='ltr'><strong>mediis</strong></span> <span class='ocrx_word' id='word_1_457' title='bbox 1430 2900 1613 2940; x_wconf 76' lang='lat' dir='ltr'><strong>fi’rvoribus.</strong></span> <span class='ocrx_word' id='word_1_458' title='bbox 1669 2899 1773 2929; x_wconf 86' lang='lat' dir='ltr'><strong>Nimi-</strong></span> 
     </span>
     <span class='ocr_line' id='line_1_84' title="bbox 1051 2951 1772 2988; baseline 0 -7"><span class='ocrx_word' id='word_1_459' title='bbox 1051 2960 1134 2988; x_wconf 89' lang='lat' dir='ltr'><strong>rum,</strong></span> <span class='ocrx_word' id='word_1_460' title='bbox 1149 2953 1290 2983; x_wconf 77' lang='lat' dir='ltr'><strong>aetlzerius</strong></span> <span class='ocrx_word' id='word_1_461' title='bbox 1304 2953 1356 2987; x_wconf 84' lang='lat' dir='ltr'><strong>sol,</strong></span> <span class='ocrx_word' id='word_1_462' title='bbox 1372 2951 1421 2983; x_wconf 90' lang='lat' dir='ltr'><strong>vel</strong></span> <span class='ocrx_word' id='word_1_463' title='bbox 1435 2951 1609 2987; x_wconf 58' lang='lat' dir='ltr'><strong>altissimus</strong></span> <span class='ocrx_word' id='word_1_464' title='bbox 1626 2957 1656 2982; x_wconf 86' lang='lat' dir='ltr'><strong>et</strong></span> <span class='ocrx_word' id='word_1_465' title='bbox 1671 2953 1772 2983; x_wconf 57' lang='lat' dir='ltr'><strong>aerius</strong></span> 
     </span>
    </p>
   </div>
  </div>
 </body>
</html>
