1926 3224
634 230 867 283 LIBER
915 226 1280 286 QUINTUS.

1566 227 1655 268 163

320 372 437 415 Dum
457 368 572 410 rosea
592 367 679 409 face
699 366 757 407 sol
777 363 945 405 inferret
963 360 1119 402 lumina
1138 357 1253 400 coelo.

207 449 287 489 975
320 446 359 486 A
381 443 515 499 parvis
536 440 647 497 quod
667 439 777 480 enim
797 442 1043 479 consuerant
1062 446 1228 474 cernere
1247 441 1420 484 semper,

320 519 494 561 Alterno
514 515 716 562 tenebras,
741 520 781 553 et
799 512 947 558 lucem,
969 516 1155 560 tempore
1174 505 1306 560 gigni,

320 592 420 634 Non
441 598 542 638 erat,
571 595 617 627 ut
636 585 724 626 fieri
743 591 880 638 posset
898 579 1085 621 mirarier
1103 591 1316 632 umquam,

320 665 409 707 Nec
429 660 627 708 diffidere,
652 672 705 698 ne
725 665 853 698 terras
871 662 1028 695 aeterna
1046 657 1206 692 teneret

320 737 434 785 Nox,
455 735 500 775 in
519 740 764 788 perpetuum
783 730 968 771 detracto
988 725 1142 767 lumine
1163 723 1270 764 solis:

206 817 290 854 980
321 809 405 851 Sed
423 807 554 864 magis
573 805 673 846 illud
692 813 779 846 erat
799 817 925 852 curae,
948 799 1060 856 quod
1080 798 1184 839 secla
1206 795 1384 836 ferarum

323 881 519 924 Infestam
539 879 695 921 miseris
715 877 918 919 faciebant
939 888 1048 929 saepe
1071 872 1269 928 quietcnu

224 1039 307 1071 Ibid.
328 1040 425 1070 noctis
440 1039 473 1068 in
490 1037 613 1067 umbris.
657 1035 761 1073 Idem,
776 1032 850 1064 ibid.
864 1032 905 1063 ix.

183 1095 255 1124 373.

501 1154 626 1180 sublustri
636 1153 713 1178 noctis
723 1153 750 1177 in
762 1151 862 1177 umbrd.

225 1222 302 1252 Ver.
329 1223 400 1252 975.
421 1221 544 1251 lacitei:
584 1224 624 1249 Π.
646 1218 779 1257 1)ῐαει”άι’,·
805 1214 911 1244 minus

188 1274 278 1305 bene.

229 1323 311 1356 Ibid.
335 1324 409 1354 Hoc
424 1329 480 1354 est:
507 1325 528 1341 “
546 1321 620 1352 Sine
643 1319 857 1361 plangoribus,
878 1327 912 1347 se

187 1379 211 1396 “
225 1375 325 1417 quieti
339 1375 456 1406 dabant
470 1383 652 1414 somnoque,
675 1372 760 1404 diem
775 1379 913 1401 reversu-

187 1430 211 1446 “
226 1437 300 1457 rum
327 1427 362 1456 in
391 1425 498 1456 animo
523 1424 732 1464 respicientes,
755 1433 791 1453 ac
817 1419 915 1452 solide

188 1482 213 1498 ‘⁶
227 1477 415 1519 sperantes-’²
461 1476 571 1507 Odiosi
593 1482 667 1506 sunt
693 1474 833 1508 Vossius,
856 1473 915 1502 Fa-

188 1532 254 1568 ber,
279 1529 518 1569 Creechiusque,
539 1536 612 1557 cum
627 1526 691 1556 suis
705 1523 916 1556 deliramentis

190 1582 319 1619 scilicet,
349 1591 396 1612 res
424 1580 611 1620 spectabant,
638 1578 858 1618 exspectabant,
880 1587 916 1606 ac

189 1633 428 1674 resupinabant:
454 1641 524 1672 quae
549 1629 659 1669 lepidis
684 1639 836 1659 nauseam
857 1627 917 1658 cie-

191 1686 278 1716 bunt.
302 1686 326 1702 “
343 1684 500 1722 Respecto,
517 1679 717 1712 παπταινω.·”
741 1678 850 1719 glossae
865 1688 918 1708 ve-

193 1742 280 1768 teres
303 1734 430 1765 Tritum
448 1738 502 1764 est.

237 1785 319 1817 Ibid.
335 1795 494 1825 somnoque
509 1785 643 1824 sepultei.
667 1782 773 1819 Maro,
791 1781 865 1811 AEn.
880 1780 920 1810 ix.

199 1841 272 1869 189.

514 1892 588 1922 vino,
600 1898 740 1923 somnoque,
750 1889 858 1923 sepulti:

198 1958 252 2000 qui
267 1959 432 1988 verborum
447 1956 524 1987 ordo
537 1961 584 1986 est
599 1953 797 1985 Dorvilliano
811 1952 922 1984 codici.

239 2011 315 2041 Ver.
333 2013 404 2042 974.
426 2007 594 2049 rosedface
607 2009 660 2039 sol.
706 2005 922 2037 Pulcherrime

199 2061 353 2098 Hilarius,
376 2060 411 2091 in
433 2071 504 2102 gen.
529 2063 579 2092 67.
609 2060 668 2090 hoc
693 2058 789 2089 modo
812 2057 923 2088 distin-

201 2112 364 2155 guendus:

249 2191 351 2223 Lucifer
361 2191 483 2222 exsurgit
494 2196 642 2221 roseusque,
652 2191 681 2214 et
692 2188 809 2220 fulgidus
819 2194 866 2213 ore

248 2231 360 2262 Vesper:
382 2230 512 2262 puniceos
521 2230 622 2262 spargit
632 2229 735 2254 Aurora
748 2227 865 2259 capillos.

205 2293 341 2330 Ennius,
358 2293 443 2333 apud
459 2293 600 2324 Macrob.
616 2292 654 2322 vi.
670 2295 699 2322 4.
712 2290 758 2321 ita
771 2289 928 2330 corrigen-

207 2345 280 2375 dus:

257 2413 891 2444 -—————-—————intereasax

253 2455 371 2485 Obcidit‚
393 2461 579 2486 oceanumque
598 2458 677 2487 supra
698 2453 808 2478 tractim
834 2450 934 2477 obrubet

365 2496 464 2520 aethra.

216 2559 339 2600 Vulgo,
358 2561 451 2590 rubra
467 2564 498 2589 et
512 2560 621 2589 obruit.

221 2623 226 2627 ·
256 2611 330 2641 Ver.
349 2613 421 2642 975.
440 2611 472 2640 Α
480 2612 599 2650 parvis.-
619 2607 716 2638 Vind.
733 2614 779 2639 Ω..
798 2607 939 2647 Aperuis,

215 2661 265 2692 vel
295 2663 447 2701 Aperius;
482 2660 567 2691 unde
593 2659 722 2701 quidam
754 2657 837 2696 libri,
866 2663 941 2687 teste

213 2714 380 2750 Lambino,
405 2724 469 2744 non
484 2713 576 2748 male,
601 2714 632 2743 A
641 2712 771 2752 pueris3
795 2719 850 2749 per
871 2709 939 2740 lite-

213 2774 322 2795 rarum
335 2765 621 2804 transpositionem:
649 2769 690 2794 Π.
713 2763 877 2802 Asperius‚·
905 2765 939 2792 Σ.

218 2817 527 2857 Aperuisset.—quod
557 2817 651 2847 enim.-
696 2814 732 2844 P.
774 2815 936 2854 quoniam:

217 2868 310 2907 forte,
322 2871 726 2911 quodjam.—consuerant.·
753 2873 798 2898 Ω.
816 2876 940 2898 consue-

220 2925 304 2949 runt.

995 1029 1071 1059 Ver.
1088 1029 1159 1058 977.
1183 1024 1271 1055 Ordo
1294 1025 1458 1054 verborum
1473 1028 1532 1053 est:
1559 1026 1581 1042 “
1598 1023 1672 1054 Non

952 1084 975 1100 “
992 1085 1064 1115 erat,
1086 1083 1124 1108 ut
1139 1090 1172 1107 το
1186 1075 1293 1105 mirari
1305 1077 1349 1112 id,
1369 1074 1452 1115 quod
1463 1084 1584 1114 semper
1598 1085 1673 1105 con-

950 1135 973 1150 “
992 1135 1118 1161 suerant
1141 1136 1278 1163 cernere,
1301 1131 1401 1164 posset
1422 1125 1504 1162 fieri;
1528 1136 1584 1156 nec
1598 1132 1674 1162 erat,

954 1187 976 1202 “
992 1190 1026 1215 ut
1044 1197 1077 1214 ero
1098 1181 1249 1217 diffidere,
1271 1191 1312 1210 ne
1336 1191 1399 1210 nox
1427 1186 1546 1210 teneret
1570 1186 1676 1217 terras,

954 1238 977 1253 “
988 1241 1088 1275 posset
1092 1232 1203 1275 fieri.'‘
1233 1231 1343 1262 Medis
1358 1230 1519 1260 infinitivis
1532 1231 1576 1260 ita
1590 1230 1679 1260 adhi-

953 1287 1027 1317 bitis
1040 1285 1179 1317 multum
1193 1295 1270 1315 usus
1285 1290 1332 1314 est
1346 1283 1523 1314 Lucretius:
1542 1282 1612 1312 vide
1624 1292 1680 1312 nos

955 1338 995 1368 ad
1009 1338 1047 1368 iv.
1064 1327 1140 1368 769.
1172 1335 1329 1372 minores,
1353 1334 1616 1364 constructionem
1631 1343 1680 1362 ve-

956 1399 1024 1420 ram
1048 1388 1109 1419 loci
1132 1397 1244 1426 parum
1270 1386 1428 1423 callentes,
1451 1385 1682 1416 distinctionem

958 1444 1129 1480 posuerunt
1142 1444 1211 1477 post
1219 1443 1331 1477 posset,
1354 1442 1384 1466 et
1398 1436 1684 1476 interpretationem

957 1491 1042 1522 haud
1057 1489 1296 1531 grammaticam
1311 1488 1472 1519 dederunt.

1002 1543 1077 1573 Ver.
1104 1544 1175 1573 978.
1200 1542 1280 1572 Nec.-
1314 1540 1412 1570 Vind.
1439 1539 1479 1570 V.
1504 1539 1551 1570 ed.
1579 1546 1619 1570 Π.
1650 1543 1684 1569 Σ.

961 1596 1021 1626 Ne.
1064 1594 1109 1624 Et
1138 1592 1292 1633 Virgilius
1321 1591 1442 1622 videtur
1468 1591 1598 1631 hujusce
1626 1590 1687 1620 loci

961 1655 1026 1675 non
1042 1644 1166 1681 oblitus,
1194 1643 1303 1673 itidem
1318 1643 1356 1673 de
1371 1644 1429 1673 sole
1444 1642 1584 1672 numeris
1598 1650 1686 1681 mag-

962 1695 1073 1731 nificis,
1088 1694 1228 1733 Jupiter!
1254 1693 1368 1724 similia
1382 1692 1562 1733 praedicans,
1585 1702 1653 1733 geo.
1669 1692 1688 1721 i.

964 1750 1036 1778 468.

1026 1814 1155 1847 Inpiaque
1165 1816 1288 1838 aeternam
1298 1812 1439 1836 timuerunt
1449 1812 1532 1836 secula
1544 1815 1649 1836 noctem.

1006 1878 1082 1908 Ver.
1099 1881 1170 1909 980.
1192 1887 1275 1907 curae
1299 1877 1397 1916 quod:
1435 1875 1472 1905 P.
1496 1885 1579 1905 curce
1603 1884 1691 1914 quae,-

963 1931 1005 1961 V.
1023 1929 1071 1960 ed.
1087 1939 1237 1969 curaeque.
1260 1927 1448 1968 Legendum
1462 1927 1553 1964 forte,
1569 1929 1590 1945 “
1602 1936 1697 1964 curae,

965 1985 987 2000 “
1003 1980 1108 2022 quia.”
1135 1981 1187 2011 De
1200 1981 1314 2009 harum
1327 1978 1510 2009 vocularum
1521 1983 1698 2008 commuta-

966 2034 1062 2071 tione,
1083 2032 1154 2063 vide
1181 2031 1491 2069 Drakenborchium,
1515 2029 1555 2060 ad
1578 2029 1646 2061 Liv.
1668 2039 1696 2059 v,

970 2090 1019 2118 29.
1039 2089 1067 2115 1.

1010 2137 1087 2167 Ver.
1104 2136 1370 2176 981.fizciebant:
1395 2134 1438 2163 V.
1461 2131 1509 2163 ed.
1531 2133 1568 2162 L.
1595 2131 1700 2172 0·s‘¹·

971 2190 1084 2224 ciebat;
1109 2193 1145 2217 ut
1160 2185 1350 2216 constructio
1372 2185 1425 2215 sit:
1453 2187 1475 2202 “
1493 2183 1592 2220 Illud,
1615 2183 1699 2224 quod

973 2243 995 2258 “
1011 2239 1143 2269 faciebat
1158 2237 1296 2278 quietem
1311 2236 1457 2266 infestam
1469 2234 1603 2272 miseris3
1616 2245 1699 2264 nem-

975 2295 997 2310 “
1008 2303 1060 2331 pe,
1077 2291 1158 2321 secla
1173 2289 1344 2320 ferarum.''
1385 2287 1446 2318 Sed
1460 2289 1519 2318 hoc
1535 2287 1699 2317 duriuscu-

975 2343 1044 2373 lum
1059 2347 1105 2372 est
1119 2341 1160 2372 ad
1181 2347 1342 2380 receptum
1363 2339 1507 2370 ordinem
1522 2339 1701 2376 verborum,

976 2405 1079 2435 neque
1093 2394 1132 2424 de
1142 2393 1291 2424 facilitate
1307 2391 1502 2423 Lucretiana.

1021 2447 1102 2478 Ibid.
1125 2447 1275 2488 Infeseam
1291 2446 1463 2487 fizciebant,
1490 2454 1548 2483 pro
1576 2443 1702 2485 infesta-

978 2502 1059 2531 bant.
1103 2499 1262 2537 Jusfinus,
1285 2498 1370 2528 xxiii.
1388 2501 1415 2527 1.
1433 2499 1553 2527 lo.--“
1569 2505 1607 2525 ex
1622 2494 1705 2535 agris

981 2556 1005 2572 “
1020 2551 1227 2582 finitimorum
1243 2550 1373 2590 praedari
1383 2547 1645 2589 solitis-infimas
1656 2556 1704 2576 re-

984 2606 1007 2622 “
1022 2603 1132 2643 giones
1156 2600 1352 2633 reddebant.'’
1393 2599 1544 2630 Conferas
1558 2598 1706 2634 eundem,

985 2654 1024 2684 ad
1039 2653 1140 2684 xxxvi.
1154 2657 1180 2683 1.
1200 2656 1247 2683 10.

1027 2706 1101 2735 Ver.
1117 2708 1189 2736 982.
1204 2704 1340 2744 Ejeclei:
1359 2703 1400 2732 V.
1415 2701 1462 2732 ed.
1478 2711 1514 2731 ac
1531 2706 1572 2731 Π.
1589 2701 1634 2730 Et
1647 2700 1707 2729 lec-

983 2761 1023 2795 ti,·
1048 2757 1133 2798 quod
1154 2762 1298 2786 exortum
1321 2755 1360 2785 sit
1384 2754 1515 2785 forsitan
1536 2758 1707 2792 peccatum,

985 2813 998 2841 z·
1021 2812 1054 2841 in
1077 2812 1089 2840 l
1111 2815 1232 2840 mutato
1255 2818 1390 2850 quoque,
1417 2817 1454 2837 ex
1479 2812 1580 2836 vetere
1603 2805 1708 2834 ortho-

985 2859 1126 2900 graphia,
1149 2859 1295 2899 Ecsjecti,
1325 2858 1374 2889 vel
1400 2859 1535 2899 Ecjecti;
1569 2866 1668 2897 quum
1693 2865 1708 2884 c

986 2912 1020 2942 in
1035 2918 1046 2942 t
1062 2916 1211 2951 perpetuo
1226 2909 1347 2951 migret.
1371 2911 1446 2942 Hoc
1461 2909 1500 2941 de
1514 2918 1629 2950 genere
1639 2910 1712 2936 sunt
