1926 3224
235 263 329 303 254

728 254 788 301 T.
836 249 1212 298 LUCRETII

381 386 539 443 Ignem,
571 382 768 423 continuo
786 393 939 435 magno
958 379 1134 419 clamore
1153 377 1344 419 trucidat:

380 459 440 500 Ut
460 455 597 499 calidis
617 454 794 495 candens
812 452 966 493 ferrum
985 466 1008 492 e
1027 451 1259 492 fornacibus
1278 451 1376 491 olim

379 530 537 579 Stridit,
567 529 638 569 ubi
656 528 700 568 in
719 527 899 584 gelidum
918 533 1086 581 propter
1105 525 1369 566 demersimus
1388 524 1575 568 imbrem.

434 602 604 644 Aridior
623 616 748 657 porro
769 602 802 642 si
822 600 950 642 nubes
971 599 1124 654 adcipit
1143 600 1297 656 ignem,

270 683 348 719 150
381 677 528 720 Uritur
546 676 704 733 ingenti
724 675 876 724 sonitu,
907 674 1102 715 subcensa
1121 681 1301 728 repente:

383 751 650 793 Lauricomos
670 757 716 790 ut
736 749 768 789 si
787 762 861 803 per
880 747 1237 792 monteisflamma
1255 753 1438 803 vagetur,

234 905 430 947 exquisitius;
466 904 501 934 in
537 913 632 944 quam
668 902 864 933 Mantuanus
891 901 954 938 ille,

234 962 317 987 certo
332 955 453 991 certius,
475 954 612 985 curiosos
626 959 692 984 erat
705 953 811 985 oculos
823 954 954 995 injectu·

234 1017 297 1037 rus:
323 1013 416 1046 atque
436 1005 514 1036 adeo
531 1010 641 1044 sponte
655 1004 792 1035 videram
814 1015 889 1035 eum
911 1005 955 1035 sic

233 1069 298 1089 esse
313 1059 544 1090 rescribendum
556 1059 597 1090 ad
613 1059 688 1090 AEn.
703 1058 765 1089 viii.
781 1062 852 1090 258.
868 1064 954 1090 extra

233 1111 486 1143 controversiam:

248 1190 352 1214 Dexter
361 1189 388 1214 in
399 1190 542 1214 advorsum
553 1189 650 1219 nitens,
661 1188 809 1219 concussit3
826 1191 854 1213 et
864 1187 920 1212 imis

247 1229 372 1254 Avolsam
385 1229 491 1254 evolvit
501 1228 696 1254 radicibus—-

231 1299 276 1330 Et
298 1300 413 1341 magna
437 1305 540 1340 postea
570 1299 715 1340 perfusus
733 1308 804 1328 sum
832 1297 950 1336 laetitia,

231 1359 305 1380 cum
320 1350 583 1390 deprehenderim,
609 1360 710 1380 unum
736 1348 874 1379 codicem
899 1358 949 1378 ex-

232 1400 338 1431 hibere
352 1403 481 1436 volvens,·
508 1400 618 1431 eodem
641 1400 733 1439 plane
757 1410 866 1436 errore,
890 1409 952 1440 quo

231 1452 419 1492 exemplaria
440 1452 582 1492 quaedam
605 1451 801 1482 Lucretiana.
851 1451 954 1482 Aliter

230 1506 333 1540 solvit;
356 1504 394 1534 de
405 1504 536 1534 lectione
552 1503 683 1544 vulgari,
697 1504 866 1534 scribarum
881 1514 954 1544 gus-

231 1555 277 1586 tui
297 1555 390 1596 longe
411 1555 512 1595 magis
533 1555 773 1586 accommodata.
817 1556 952 1596 Apposi-

231 1611 281 1636 tus
295 1612 340 1636 est
358 1608 484 1642 Seneca,
503 1606 610 1646 OEdip.
627 1610 697 1638 966.

292 1678 384 1703 Radice
395 1679 426 1702 ab
437 1679 489 1703 imd
502 1679 622 1704 funditus
632 1679 722 1703 vuisos
732 1679 810 1704 simul

293 1717 407 1743 Evolvit
418 1718 509 1743 orbes:

230 1799 292 1830 quo
322 1799 418 1820 nemo
445 1789 591 1820 libentius
614 1790 754 1820 imitatus
779 1796 824 1821 est
848 1790 952 1831 Virgi-

230 1840 317 1870 lium.

275 1890 346 1921 Ver.
364 1893 433 1920 142.
453 1892 486 1921 in
494 1891 690 1931 frngendo:
715 1891 734 1922 i.
750 1901 778 1922 e.
795 1893 874 1922 inter
889 1891 951 1921 col-

229 1941 391 1972 lidendum
421 1951 457 1972 ac
484 1943 708 1983 frangendum.
754 1943 805 1973 Sic
837 1942 954 1983 liquido

229 1991 378 2031 scriptum
392 1992 550 2024 invenitur
570 1993 603 2023 in
621 1994 656 2024 P.
672 1994 712 2024 V.
728 1993 775 2024 ed.
799 1994 836 2024 B.
853 1994 889 2024 L.
905 1994 953 2024 M.

231 2045 271 2074 Ο.
288 2049 324 2076 Σ.
343 2050 387 2075 Ω.
409 2045 514 2085 vulgo,
531 2046 884 2087 irffriizgendo.—quod.·
910 2046 951 2076 V.

229 2094 276 2124 ed.
291 2105 357 2134 que.

272 2146 347 2176 Ver.
366 2149 434 2176 145.
456 2153 550 2178 aeslu:
577 2154 621 2178 Ω.
636 2154 742 2184 testim·
766 2155 797 2178 et
813 2148 952 2188 impense

229 2196 338 2235 placet.
385 2197 492 2227 Solent
514 2198 622 2238 utiquc
637 2198 733 2229 literae
756 2199 867 2229 finibus
887 2210 952 2230 ver·

229 2257 323 2277 suum
352 2248 500 2279 excidere.
544 2249 700 2286 Lucanus,
731 2250 793 2280 viii.
818 2253 891 2282 566.
913 2251 953 2281 si-

230 2298 358 2329 militer:

376 2372 561 2403 bhnaremque
572 2372 645 2397 vadis
653 2372 833 2405 frangentibus
844 2378 945 2400 esrum.

282 2443 357 2474 Ver.
382 2447 452 2474 144.
485 2446 611 2476 incidit:
648 2452 688 2476 Π.
717 2448 851 2483 iactitat,-
892 2457 955 2478 non

229 2493 320 2530 male,
348 2494 373 2524 si
395 2494 481 2536 legas
495 2498 554 2534 uti,
577 2496 643 2526 vice
665 2497 728 2535 ubi,
754 2503 789 2526 ut
805 2497 956 2528 editiones

229 2544 382 2584 quaedam.

273 2596 352 2627 Ibid.
375 2599 418 2628 vis
432 2600 543 2629 ardens
559 2600 735 2630 Fulminis:
761 2609 797 2630 ea
811 2600 856 2630 vis
870 2600 952 2631 scili-

229 2653 287 2686 cet,
316 2647 401 2679 unde
426 2649 548 2680 fulmen
571 2650 714 2689 efficitur,
741 2661 814 2681 mox
840 2651 953 2692 displo-

228 2697 512 2731 demum—Idem
547 2701 644 2732 codex
681 2702 786 2732 statim
814 2714 862 2741 ac,
899 2714 956 2744 pro

229 2748 303 2778 lzaec.

271 2798 345 2829 Ver.
362 2802 432 2831 146.
455 2801 611 2840 Editores,
624 2803 783 2834 temerarii
807 2814 844 2834 ex
872 2804 952 2835 arbi-

228 2847 287 2878 trio
301 2848 426 2881 dedere:

385 2931 514 2959 continuo
525 2936 553 2958 ut
565 2940 664 2967 magno
675 2935 792 2963 clamore
801 2936 920 2962 trucidet.-

995 908 1102 933 contra
1135 901 1231 932 libros
1258 906 1382 932 veteres.
1427 900 1510 931 Haec
1539 899 1715 940 turpissima

996 960 1120 994 peccata
1154 953 1334 994 propagavit
1362 952 1615 983 vindobonensis
1649 953 1715 984 edi-

996 1007 1070 1037 toris
1084 1005 1230 1036 socordia.

1040 1067 1120 1097 Ibid.
1135 1068 1288 1097 trucidat:
1308 1066 1327 1095 i.
1344 1075 1372 1096 e.
1392 1066 1526 1104 perimit,
1542 1066 1653 1104 perdit,
1663 1075 1716 1096 ex-

995 1117 1140 1157 stinguit3
1163 1117 1214 1146 cui
1226 1116 1380 1146 rarissimo
1391 1117 1474 1146 vocis
1484 1117 1555 1147 usui
1570 1128 1634 1148 non
1645 1117 1718 1148 novi

993 1167 1125 1197 similius
1153 1166 1330 1207 exemplum
1357 1167 1417 1197 hoc
1441 1167 1648 1207 Tertulliano,
1670 1169 1714 1204 d,

993 1217 1096 1256 pudic.
1119 1227 1185 1256 cap.
1211 1221 1239 1247 4.
1284 1220 1306 1236 “
1324 1217 1412 1248 Sicut
1433 1228 1490 1248 nec
1512 1217 1589 1250 locis
1611 1219 1718 1260 refert,

995 1271 1017 1286 “
1034 1268 1067 1298 in
1092 1268 1250 1304 cubiculis,
1273 1278 1314 1298 an
1336 1268 1369 1298 in
1394 1268 1541 1306 turribus,
1561 1272 1719 1310 pudicitia

995 1322 1017 1338 “
1032 1319 1278 1351 trucidetur—.”

1039 1379 1110 1410 Ver.
1138 1383 1208 1411 147.
1237 1382 1370 1412 candens
1381 1380 1515 1421 ferrum.
1560 1382 1720 1421 Opportu-

996 1440 1056 1460 nus
1070 1430 1168 1461 aderit
1182 1431 1308 1472 Virgilii
1322 1431 1450 1471 pulcher
1471 1432 1567 1469 locus,
1589 1434 1624 1464 in
1640 1434 1717 1466 AEn.

997 1482 1049 1513 xii.
1065 1486 1114 1514 91.

997 1557 1097 1585 Ensem,
1109 1562 1189 1587 quem
1201 1557 1295 1581 Dauno
1305 1556 1456 1589 ignipotens
1466 1558 1529 1583 deus
1541 1558 1596 1590 ipse
1605 1557 1711 1591 parent!

999 1597 1118 1627 Fecerat,
1130 1602 1157 1622 et
1169 1597 1259 1629 Stygia
1269 1598 1414 1624 candentem
1425 1599 1538 1624 tinxerat
1547 1600 1630 1627 undd.

1038 1667 1114 1697 Ver.
1135 1671 1203 1698 148.
1220 1675 1362 1708 propter.-
1388 1669 1408 1699 i.
1423 1680 1449 1699 e.
1473 1673 1494 1688 “
1509 1671 1562 1710 qui
1587 1670 1627 1701 ad
1649 1681 1715 1702 ma-

997 1720 1020 1737 “
1036 1727 1114 1747 num
1135 1719 1217 1758 jacet
1224 1719 1256 1756 ;”
1289 1719 1427 1760 adeoque
1458 1720 1532 1750 ferri
1557 1721 1717 1754 candentis

996 1769 1221 1810 refrigerationi
1236 1775 1373 1809 tempore
1388 1781 1449 1800 non
1462 1781 1620 1803 concesso:
1646 1773 1717 1804 vide

995 1821 1014 1851 i.
1032 1824 1081 1852 91.
1104 1821 1145 1851 iii.
1161 1825 1233 1852 655.
1257 1821 1293 1852 Ρ.
1310 1823 1402 1852 habet
1417 1834 1561 1863 propere,-
1584 1823 1617 1854 in
1632 1825 1717 1865 quod

995 1872 1129 1903 editores
1149 1873 1250 1903 insciti
1273 1873 1450 1904 avidissime
1462 1875 1651 1906 involarent:
1677 1885 1717 1908 ex

997 1924 1163 1961 arbitraria,
1200 1926 1246 1956 uti
1293 1927 1441 1965 suspicor,
1489 1927 1718 1968 emendatione,

996 1977 1138 2016 quamvis
1161 1977 1222 2007 huc
1242 1982 1357 2016 spectet
1378 1977 1471 2008 editio
1493 1977 1591 2009 Vind.
1615 1979 1716 2020 negli-

997 2028 1175 2067 gentissime
1190 2034 1366 2067 procurata;
1387 2039 1482 2068 quam
1503 2028 1581 2058 nihil
1602 2039 1715 2066 morer,

995 2084 1153 2118 utcunque
1177 2091 1210 2109 ero
1230 2089 1357 2118 propere
1379 2079 1716 2110 exhibeat-demersi-

995 2140 1076 2159 mus:
1113 2135 1152 2159 Π.
1183 2131 1333 2160 demersus
1362 2131 1412 2160 in:
1446 2130 1530 2160 unde
1559 2130 1717 2171 eleganter

996 2190 1117 2209 versum
1146 2190 1240 2220 queas
1267 2180 1439 2220 diffingere,
1471 2180 1615 2211 concessa
1639 2190 1714 2211 con-

996 2232 1155 2268 tractione,
1193 2231 1243 2260 cui
1283 2231 1396 2261 multas
1432 2231 1518 2262 haud
1553 2231 1718 2262 dissimiles
1752 2261 1758 2265 ,

997 2283 1163 2313 Lucretius
1177 2283 1345 2323 usurpavit,
1361 2283 1400 2313 ad
1415 2283 1498 2313 hunc
1513 2283 1656 2314 modum:

1098 2363 1159 2388 ubei
1169 2363 1286 2396 gelidum
1298 2367 1408 2396 propter
1416 2363 1532 2388 demersis
1541 2363 1569 2388 in
1578 2364 1705 2390 imbrem.

1042 2434 1122 2465 Ibid.
1145 2436 1285 2466 imbrem:
1310 2435 1349 2466 de
1364 2435 1501 2476 quolibet
1515 2436 1661 2473 humore;
1680 2440 1718 2466 ut

999 2485 1162 2526 Virgilius,
1188 2486 1264 2517 AEn.
1287 2487 1306 2517 i.
1325 2490 1393 2518 123.
1414 2486 1469 2517 ubi
1496 2486 1619 2518 Servius
1641 2496 1716 2518 con-

999 2536 1160 2568 sulendus:

1087 2617 1233 2650 Adcipiunt
1246 2617 1385 2643 inimicum
1397 2618 1569 2643 imbrem—.

1041 2687 1114 2718 Ver.
1142 2691 1210 2720 149.
1243 2691 1371 2720 Aridior
1406 2691 1506 2720 nubes.
1550 2686 1715 2729 Virgilius,

997 2748 1066 2778 geo.
1083 2739 1125 2769 iii.
1146 2742 1216 2771 197.

1053 2856 1066 2880 b
1113 2818 1286 2850 scythiaeque
1295 2818 1410 2850 hyemis,
1418 2821 1502 2850 atque
1510 2817 1585 2843 arida
1595 2816 1685 2842 differt

1010 2859 1052 2881 Nu
1069 2856 1174 2882 ila-—.

1038 2927 1112 2958 Ver.
1141 2931 1209 2960 150.
1239 2930 1375 2969 ingenti.-
1407 2926 1504 2960 Vind.
1529 2928 1570 2959 V.
1594 2926 1643 2958 ed.
1670 2933 1715 2958 Ω.
