1926 3224
599 248 831 295 LIBER
890 247 1249 303 QUINTUS.

1600 254 1653 293 81

318 381 426 422 Tam
447 380 576 437 magis
596 394 808 434 expressus
829 378 952 420 salsus
972 378 1024 419 de
1044 393 1216 434 corpore
1237 378 1360 420 sudor

318 454 510 511 Augebat
530 468 642 494 mare
662 452 885 501 manando,
907 467 1155 507 camposque
1175 453 1390 494 natanteis:

205 534 287 570 490
319 529 375 570 Et
394 536 509 569 tanto
529 527 660 582 magis
680 526 760 575 illa,
782 525 889 565 foras
909 525 1058 574 elabsa,
1083 526 1274 566 volabant

319 602 506 655 Corpora
525 598 652 639 multa
669 597 846 651 vaporis,
868 604 909 637 et
929 598 1052 646 a'eris3
1086 598 1244 653 altaque
1265 600 1354 639 coeli

172 757 256 799 quod
287 755 431 794 Oppiano
467 759 513 784 est
549 761 732 794 ταλυγληνος
767 767 892 794 σαγηνη,

172 809 241 839 aliis
255 811 311 844 est,
338 811 369 834 et
383 804 449 844 ipsi,
478 811 641 840 cromam-03,
658 815 766 845 cyneg.
783 806 803 835 i.
823 808 893 835 157.

172 858 262 889 Hinc
289 856 387 886 obiter
415 855 613 895 Hesychium
642 855 890 886 emendabimus:

173 915 280 945 rmum,
307 920 371 949 κορη
397 907 615 946 οφθαλμε·-η
639 913 732 937 ΟΠΗ.
778 906 894 947 Vulgo,

171 970 226 1003 opn·
248 969 318 1000 quae
331 958 434 999 glossa
451 957 688 994 Ruhnkenium‚
709 958 894 995 Kusterum‚

171 1017 202 1042 et
215 1010 302 1047 alios,
328 1010 466 1040 multum
491 1009 648 1040 cruciavit.
692 1009 815 1040 Eadem
829 1020 895 1040 me-

171 1062 275 1094 dicina
300 1072 389 1092 sanes
407 1061 546 1092 Suidam.
594 1061 771 1092 Gemellam
797 1067 896 1092 meta-

170 1115 302 1154 phoram
338 1115 377 1144 ab
412 1115 544 1144 humano
583 1124 705 1153 corpore
742 1113 898 1154 Virgilius

171 1165 316 1204 sumpsit,
342 1164 382 1195 ad
404 1174 472 1205 geo.
498 1165 518 1194 i.
544 1168 595 1195 90.
618 1164 707 1204 cujus
732 1164 898 1194 locutionis

171 1225 258 1245 veras
292 1215 426 1245 rationes
455 1224 549 1244 nemo
577 1214 698 1245 videtur
727 1221 898 1254 perspectas

171 1266 332 1303 habuisse3
348 1271 379 1296 et
393 1265 480 1296 locus
491 1265 612 1305 integer
626 1271 673 1295 est
688 1274 896 1304 φυσικωτατως

171 1316 356 1356 elaboratus,
380 1322 473 1357 atque
495 1315 724 1357 elegantissime
754 1317 896 1348 Lucreti-

171 1378 264 1400 anus:

204 1452 255 1477 Seu
266 1451 347 1483 pluris
358 1452 430 1476 calor
440 1452 484 1477 ille
493 1452 549 1476 vias
560 1455 588 1477 et
599 1458 664 1476 σει-α
675 1452 780 1477 relaxat

203 1491 372 1523 spiramenta,
387 1497 470 1517 novas
481 1492 571 1516 veniat
583 1491 636 1522 qua
647 1498 724 1516 sucus
734 1492 761 1515 in
772 1491 880 1516 herbas:

173 1561 194 1592 i.
208 1572 234 1593 e.
261 1562 355 1592 rimas
369 1562 479 1601 aperit,
505 1562 549 1592 ita
571 1568 607 1592 ut
629 1562 687 1592 ista
705 1573 786 1593 coeca
802 1562 897 1602 spira-

172 1619 281 1644 menta
294 1613 371 1644 fiant
384 1615 516 1650 lumina,
539 1613 587 1643 vel
609 1613 688 1642 lucis
701 1613 899 1651 penetrabilis

173 1664 307 1703 capacia.
344 1663 437 1694 Idem
451 1673 558 1693 rursus
574 1663 770 1693 Mantuanus
785 1669 830 1693 est
844 1674 898 1702 ap-

173 1715 303 1755 positus,
319 1714 359 1744 ad
374 1714 449 1744 AEn.
464 1713 514 1743 vii.
530 1715 602 1744 568.

205 1807 267 1815 —
275 1801 369 1827 specus
379 1794 555 1822 horrendum,
571 1793 638 1817 saevi
647 1792 773 1825 spiracula
784 1793 866 1818 Ditis:

176 1863 195 1895 i.
211 1875 237 1895 e.
259 1876 326 1903 ora,
340 1874 395 1903 per
409 1874 478 1904 quae
495 1863 556 1893 Dis
569 1865 684 1903 spirat.-
710 1863 779 1894 vide
795 1863 898 1893 Hein-

175 1914 267 1946 sium.
311 1916 355 1945 Et
383 1916 466 1950 soevi,
496 1919 621 1953 propter
649 1913 764 1943 halitus
793 1914 902 1955 utique

176 1966 310 1996 virosam
325 1965 532 1996 acerbitatem.
578 1963 658 1995 Ibid.
674 1964 737 2001 ille,
753 1975 813 1995 ver.
829 1968 880 1995 48.

339 2053 496 2078 saevamque
506 2046 610 2071 exhalat
619 2052 703 2078 opaca
713 2045 850 2078 mephitim.

178 2118 234 2149 Ad
268 2119 400 2150 eandem
427 2118 576 2160 loquendi
604 2118 740 2148 formam
774 2124 901 2155 veteres,

177 2175 243 2200 tam
257 2170 371 2207 Latini,
386 2180 483 2211 quam
503 2169 613 2205 Graeci,
626 2170 732 2210 finies
750 2169 820 2210 jam
844 2169 902 2199 sic-

177 2227 262 2251 catos
294 2230 420 2262 τυφλες,
457 2221 506 2251 vel
541 2232 646 2259 caecos,
683 2221 903 2259 nominabant3

179 2272 267 2312 quasi
280 2275 457 2309 luminibus,
473 2283 527 2312 per
540 2283 610 2314 quae
632 2272 811 2302 societatem
830 2282 904 2303 cum

180 2321 243 2352 sole
258 2330 383 2361 possent
396 2323 487 2361 inire,
500 2323 675 2353 destitutos:
695 2323 799 2353 videas
812 2323 903 2354 Ovid.

180 2378 256 2403 met.
272 2383 320 2403 xv.
337 2376 408 2405 272.
423 2381 454 2404 et
469 2380 558 2405 notas
574 2373 716 2411 Heinsii;
739 2375 806 2404 haec
820 2374 906 2404 enim

179 2422 359 2462 disputatio,
385 2430 421 2454 ut
440 2431 476 2454 ut
501 2425 694 2465 perelegans,
717 2431 749 2454 et
770 2424 904 2455 illustra-

180 2473 300 2504 tionem
328 2474 516 2511 desiderans,
542 2486 600 2505 nos
626 2486 645 2505 a
666 2475 822 2514 proposito
838 2475 907 2505 lon-

179 2524 251 2565 gius
265 2526 464 2563 abstraheret,
487 2531 519 2555 et
538 2525 735 2556 redeundum
755 2531 801 2555 est
814 2525 848 2555 in
862 2526 906 2555 vi-

181 2585 242 2605 am.
288 2575 354 2606 Adi
369 2586 441 2606 vero
455 2582 546 2607 notas
562 2575 603 2606 ad
617 2586 678 2606 ver.
695 2579 787 2606 1004.

225 2633 309 2665 Ibid.
332 2641 479 2674 apertam.
526 2634 648 2665 Omnes
663 2634 759 2664 MSS.
776 2640 908 2674 partem.

181 2685 380 2726 Legendum,
403 2689 533 2727 raptim;
558 2692 594 2717 ut
608 2686 628 2718 i.
644 2690 715 2717 665.
737 2692 769 2716 et
782 2686 864 2717 alibi.

683 2741 907 2771 Bnnumus.

183 2800 360 2832 Infeliciter
380 2801 525 2833 omnino:
555 2812 629 2832 nam
651 2801 744 2832 unice
766 2812 837 2832 vera
861 2808 908 2832 est

183 2853 360 2884 emendatio
376 2854 528 2892 Turnebi,
550 2864 645 2894 quam
660 2859 822 2884 contextus
836 2864 907 2883 nos-

184 2908 230 2933 ter
264 2911 471 2945 repraesentat.
516 2905 686 2941 Nimirum,
716 2911 785 2945 post
814 2915 907 2946 quam

936 753 1025 784 litera
1049 765 1068 784 a
1096 753 1190 784 simili
1216 753 1277 783 fine
1295 752 1499 792 praecedentis
1519 753 1664 784 dictionis

937 807 976 836 sit
991 807 1076 845 elisa,
1101 813 1222 847 peream
1253 806 1343 836 facile
1368 806 1487 845 abierit,
1517 807 1564 836 uti
1590 807 1663 837 satis

939 859 1047 899 liquet,
1064 859 1095 889 in
1107 866 1236 899 partem.

983 917 1062 948 Ibid.
1092 919 1266 949 Verberibus
1290 920 1408 948 radici:
1440 917 1542 948 multo
1567 918 1662 947 nimi-

939 978 1009 997 rum
1028 979 1174 1007 percussu.
1196 971 1322 999 telorum
1347 969 1571 1009 impingentes;
1593 968 1664 998 vide

939 1029 1021 1054 mox,
1036 1029 1097 1049 ver.
1116 1023 1208 1050 1105.
1224 1030 1316 1058 supra
1331 1020 1349 1049 i.
1371 1023 1438 1049 148.
1454 1025 1485 1049 et
1499 1019 1664 1059 utrobique

940 1079 1005 1099 nos.
1036 1069 1150 1109 Atque,
1166 1080 1238 1099 cum
1254 1071 1313 1099 hoc
1328 1069 1467 1099 Lucretii
1482 1070 1550 1100 loco
1577 1080 1663 1100 com-

939 1120 1034 1151 mode
1061 1120 1232 1161 Virgilium
1260 1130 1439 1159 componas,
1465 1121 1506 1150 ad
1531 1131 1599 1161 geo.
1626 1121 1664 1151 iv.

941 1174 1012 1202 428.
1042 1171 1116 1201 AEn.
1142 1171 1203 1202 viii.
1228 1175 1405 1202 243—247.
1450 1172 1561 1210 Porro,
1587 1172 1664 1202 Plu-

941 1224 1074 1259 tarchus,
1089 1223 1109 1253 l.
1127 1234 1153 1253 c.
1179 1223 1228 1253 his
1243 1223 1340 1253 verbis
1355 1223 1453 1262 ipsam
1468 1233 1535 1253 rem
1554 1233 1666 1262 reprae-

939 1275 1079 1311 sentavit,
1093 1281 1199 1306 nostro
1212 1285 1327 1305 navans
1343 1285 1467 1313 operam
1482 1275 1662 1314 perutilem:

942 1333 1066 1361 Πολλῆς
1084 1327 1112 1358 δε
1130 1328 1199 1361 ὕλης
1217 1341 1257 1357 sm
1274 1334 1503 1369 περιειλῆμμενης
1522 1340 1546 1357 εν
1562 1341 1598 1370 τῃ
1615 1341 1666 1370 γῃ,

942 1395 1117 1422 πυκνὲμξννις
1147 1396 1177 1413 ΤΕ
1205 1396 1315 1417 Ταθῗῆς
1341 1396 1425 1413 &afa
1451 1396 1504 1417 φας
1530 1394 1590 1413 αἵθ
1613 1396 1668 1412 των

942 1445 1111 1472 πνευματων
1127 1440 1260 1472 πληγας,
1278 1447 1328 1464 και
1346 1447 1399 1467 τας
1415 1446 1475 1464 ατο
1491 1447 1546 1464 των
1561 1447 1668 1476 αισα-ρων

942 1497 1040 1525 αυρας,
1067 1486 1258 1526 προςεέλιξετα
1282 1499 1340 1519 ποις
1365 1486 1377 1515 ὅ
1403 1498 1566 1528 μικρομερὴς
1589 1499 1668 1526 σχη-

940 1547 1087 1574 ματισμος
1104 1549 1226 1573 wau-rm,
1240 1550 1290 1566 και
1307 1549 1357 1568 ‘rm
1371 1536 1458 1578 ὑγρῶν
1470 1543 1548 1576 φασιν
1564 1549 1668 1576 εγεννα.

943 1585 1008 1615 Ubi
1032 1585 1128 1616 lector
1142 1586 1375 1622 animadvertat,
1399 1587 1433 1616 id
1454 1598 1547 1618 auras
1567 1587 1669 1616 vocari

944 1636 1121 1673 Plutarcho,
1157 1637 1194 1678 (i.
1219 1648 1245 1668 e.
1277 1638 1422 1668 virtutem
1454 1638 1667 1677 emanantem)

942 1687 1027 1727 quod
1041 1688 1205 1718 Lucretius
1220 1691 1323 1718 radios
1345 1689 1423 1718 lucis
1437 1689 1665 1719 nominaverat:

942 1737 1027 1767 unde
1041 1738 1179 1769 multum
1194 1739 1419 1769 confirmantur
1434 1746 1465 1769 et
1475 1739 1669 1769 illustrantur

942 1795 1091 1820 annotata
1113 1790 1203 1820 nobis
1232 1790 1272 1820 ad
1297 1790 1336 1821 iv.
1364 1794 1455 1821 1027.
1482 1791 1521 1821 de
1542 1791 1670 1821 Horatii

942 1851 1049 1879 versu3
1070 1847 1101 1871 et
1116 1841 1199 1872 alibi.

986 1893 1061 1923 Ver.
1077 1896 1150 1923 488.
1175 1904 1333 1933 expressus
1357 1895 1394 1924 de
1420 1905 1542 1934 corpore
1570 1895 1669 1924 sudor.

945 1944 1062 1974 Adhuc
1091 1945 1222 1975 inhaeret
1246 1945 1439 1985 imaginibus
1460 1947 1601 1975 humana
1623 1955 1670 1975 re-

945 1996 1153 2035 spicientibus.
1197 1997 1364 2037 Virgilius,
1383 1997 1458 2028 AEn.
1473 1998 1524 2027 vii.
1539 2000 1611 2028 459.

1137 2081 1197 2103 toto
1208 2082 1352 2111 proruptus
1362 2082 1460 2110 corpore
1469 2078 1555 2103 sudor.

948 2149 994 2179 Ut
1008 2152 1100 2180 sudor
1114 2151 1220 2186 maris,
1246 2149 1286 2180 ad
1300 2150 1331 2180 ii.
1347 2153 1420 2180 464.
1445 2149 1499 2179 ubi
1519 2154 1608 2179 notas
1622 2148 1671 2179 in-

948 2200 1037 2240 spice.

991 2260 1063 2290 Ver.
1080 2263 1152 2292 489.
1175 2262 1346 2291 manando:
1372 2260 1408 2290 P.
1429 2262 1619 2297 mandando‚·
1642 2265 1674 2290 et

947 2311 1106 2349 proposuit
1131 2311 1164 2340 in
1194 2311 1287 2348 notis,
1316 2313 1487 2341 mandendo
1494 2326 1505 2347 ;
1534 2311 1554 2341 i.
1570 2321 1596 2341 e.
1622 2321 1672 2341 ro-

948 2362 1064 2392 dendo:
1101 2362 1299 2401 ineptissime.
1345 2362 1437 2392 Idem
1467 2363 1672 2399 Mantuanus,

948 2412 1022 2442 ibid.
1038 2413 1082 2443 iii.
1102 2415 1171 2444 175.

1011 2487 1086 2510 Tum
1098 2486 1199 2517 gelidus
1209 2490 1269 2510 toto
1286 2485 1407 2510 manabat
1416 2489 1514 2518 corpore
1524 2485 1610 2510 sudor.

995 2556 1076 2587 Ibid.
1099 2568 1276 2597 camposque
1300 2559 1470 2594 natanteis;
1493 2558 1596 2597 priore
1619 2568 1674 2588 vo-

951 2608 1062 2638 cabulo
1091 2608 1234 2649 figurato,
1258 2615 1294 2638 ut
1319 2614 1365 2638 est
1393 2609 1477 2648 apud
1501 2609 1675 2650 Virgilium

951 2670 1067 2695 rursus,
1082 2670 1149 2700 geo.
1164 2660 1211 2690 iii.
1229 2663 1299 2691 198.
1322 2660 1484 2699 posterior:

1082 2745 1143 2766 tum
1154 2745 1255 2773 segetes
1266 2741 1342 2772 astae,
1352 2742 1481 2775 campique
1491 2745 1618 2773 natantes,

980 2782 1095 2807 Lenibus
1106 2782 1263 2806 horrescunt
1274 2781 1370 2807 flabris.

953 2853 1015 2883 Sed
1030 2854 1144 2883 abusus
1165 2858 1210 2882 est
1231 2852 1285 2883 ille
1306 2853 1378 2883 alibi
1400 2853 1582 2894 metaphora
1595 2864 1674 2895 prae-

952 2904 1092 2944 ceptoriS.
1136 2904 1187 2935 Sic
1201 2904 1242 2936 ad
1257 2906 1331 2937 AEn.
1346 2905 1385 2936 η’.
1402 2908 1472 2938 724.
