1926 3224
294 257 408 300 238*

768 254 850 302 -T.
891 253 1266 304 LUCRETII

441 381 642 440 Intellegit
660 382 759 432 ibei3
791 382 934 424 vitium
954 397 1024 424 vas
1044 371 1214 425 ecficere
1232 384 1384 439 ipsum,

441 456 673 511 Omniaque
691 454 796 497 illius
815 457 915 497 vitio
933 458 1196 511 conrumpier
1215 458 1340 507 intus,

440 530 548 578 Quae
568 542 647 569 con
665 527 759 570 laeta
777 528 891 580 foris,
913 537 954 571 et
973 530 1191 580 conmoda,
1213 544 1420 586 quomque
1438 530 1638 573 venirent:

441 602 613 651 Partim,
635 602 743 658 quod
765 602 924 644 fluxum
943 611 1233 659 pertusumque
1253 618 1338 644 esse
1359 603 1539 654 videbat,

355 680 411 716 20
443 675 504 717 Ut
525 674 632 717 nulla
652 684 788 730 posset
806 678 966 719 ratione
984 677 1184 733 explerier
1202 692 1417 733 umquam3

441 749 614 800 Partim,
636 749 749 806 quod
768 757 875 791 tetro
894 751 1008 806 quasi
1028 765 1298 806 conspurcare
1318 765 1463 806 sapore

441 822 597 864 Onmia
617 824 824 875 cernebat,
845 839 1144 881 quaequomque
1163 833 1372 880 receperat
1390 825 1513 867 intus.

297 976 393 1007 Hanc
407 977 489 1008 vocis
510 977 740 1019 exquisitiorem
752 979 817 1009 vim
837 980 939 1020 poetae
955 981 1014 1011 sci-

294 1027 369 1059 licet
383 1028 589 1069 frequentant.
612 1030 773 1070 Virgilius.
791 1032 866 1062 AEu.
876 1032 908 1062 ii.
922 1035 994 1064 559.

311 1115 347 1139 At
358 1120 403 1139 me
413 1117 473 1138 tum
484 1114 603 1146 primum
613 1121 704 1139 sevus
714 1115 893 1141 circumstetit
904 1116 998 1141 horror.

297 1181 349 1212 Sic
365 1181 513 1218 Rutilius,
533 1182 600 1213 itin.
613 1183 633 1213 i.
648 1186 720 1214 451.
747 1190 777 1214 et
805 1184 938 1214 Serenus
962 1185 1014 1214 Sa-

295 1233 447 1269 monicus,
473 1244 534 1264 ver.
561 1237 629 1265 166.
656 1246 750 1266 saevus
775 1237 866 1266 dolor.
907 1235 1016 1266 Addas

295 1283 472 1323 Valerium,
496 1285 574 1325 Arg.
589 1285 630 1316 vi.
648 1289 720 1316 453.

323 1360 448 1390 Increpat
457 1362 485 1384 et
495 1359 576 1384 saevis
588 1359 736 1384 Vulcanum
749 1363 847 1384 moesta
857 1360 971 1392 querelis.

337 1438 408 1469 Ver.
428 1442 474 1469 16.
496 1440 660 1477 Intellegit,
685 1449 740 1477 pro
762 1440 929 1470 recentiore
956 1442 1011 1470 In·

291 1492 413 1527 telles-it,
436 1489 475 1519 ad
490 1489 728 1520 vetustissimam
751 1491 834 1521 haud
849 1491 943 1522 dubie
957 1492 1010 1523 de-

291 1540 430 1572 clinandi
445 1539 593 1576 formam;
619 1546 653 1570 ut
668 1542 770 1580 seligo,
792 1544 880 1582 eligo,
907 1549 937 1572 et
952 1543 1014 1573 alia

292 1591 422 1631 hujusce
435 1590 562 1620 familiae
577 1592 678 1628 verba,
701 1591 850 1631 simplicis
864 1594 1011 1624 termina-

290 1642 409 1672 tionem
425 1651 488 1671 non
502 1641 660 1672 amittunt.
704 1642 778 1674 Jam
794 1653 866 1674 vero
887 1645 954 1675 haec
968 1651 1015 1675 est

291 1693 383 1724 lectio
409 1693 613 1723 sincerissima
641 1694 833 1733 optimorum
857 1696 1012 1736 exemplo-

291 1754 362 1775 rum
379 1744 415 1774 L.
433 1744 480 1774 M.
497 1754 554 1774 nec
569 1744 752 1784 discrepant,
776 1746 836 1776 nisi
852 1757 905 1785 per
924 1748 1010 1777 aber·

290 1797 443 1827 rationem
465 1795 558 1835 longe
579 1795 772 1833 facillimam,
796 1797 892 1828 Viud.
909 1798 949 1828 V.
965 1798 1012 1829 ed.

292 1855 333 1879 Π.
349 1853 385 1880 Σ.
402 1854 445 1878 Ω.
462 1848 640 1878 exhibentes
655 1850 824 1888 Intelligst,=
843 1849 927 1880 unde
937 1860 1011 1880 con-

285 1899 407 1940 jectans
426 1908 530 1927 veram
553 1897 720 1928 lectionem
741 1905 849 1938 sponte
870 1901 1011 1931 restitue-

290 1960 368 1980 ram:
389 1948 493 1989 vulg0,
509 1950 781 1981 Intellerie.—vas:
802 1950 898 1981 Vind.
914 1951 1011 1982 v.ed.

292 2002 332 2033 Ο.
350 2006 386 2032 Δ.
405 2007 445 2031 n.
462 2005 496 2032 Σ.
514 2000 630 2040 asos.

334 2051 415 2083 Ibid.
437 2053 609 2091 Intellegit:
636 2052 656 2082 i.
671 2063 696 2083 e.
724 2056 746 2071 “
761 2063 827 2083 rem
850 2055 943 2093 probe
964 2061 1009 2085 te-

291 2108 314 2124 “
329 2104 411 2142 nuit,
433 2109 464 2133 et
478 2103 584 2133 animo
598 2104 728 2142 pervidit
737 2104 768 2142 ;”
791 2116 846 2144 per
860 2107 1009 2137 secunda-

289 2155 374 2185 rium
394 2164 522 2184 sensum
543 2164 563 2184 a
584 2155 731 2193 primario
753 2156 881 2195 pulchre
904 2168 1010 2197 proce·

290 2207 429 2238 dentem:
456 2216 542 2244 nam,
565 2206 742 2247 quicunque
756 2217 829 2238 cum
845 2209 1010 2240 selectione

289 2268 381 2301 atque
396 2260 633 2290 discriminatim
648 2260 732 2301 legit,
751 2262 909 2302 judicium
924 2263 1011 2294 adhi-

289 2313 352 2349 bet,
381 2310 540 2352 animique
563 2313 802 2352 perceptionem.
848 2315 1012 2356 Virgilius,

290 2372 357 2403 geo.
373 2361 403 2392 ii.
419 2365 492 2392 566.

305 2445 455 2478 Carpendae
466 2446 589 2471 manibus
599 2446 717 2478 frondes,
732 2447 852 2480 interque
862 2449 982 2482 legendae:

288 2516 308 2547 i.
324 2527 350 2547 e.
373 2520 394 2535 “
411 2527 475 2547 non
491 2517 620 2548 fortuito
640 2528 677 2549 ac
699 2521 864 2551 temerario
878 2521 1009 2560 impetu,

290 2571 313 2586 “
328 2567 383 2598 sed
407 2568 541 2608 cogitate
570 2575 601 2599 et
629 2569 823 2609 pensitatim3
854 2577 890 2602 ut
913 2575 1010 2604 sciens

290 2622 314 2639 ⁶⁶
329 2619 482 2660 quispiam
512 2626 544 2650 et
561 2622 707 2660 peritus.”
751 2623 867 2653 Errant
895 2624 1008 2655 lexico-

288 2671 410 2711 graphi,
432 2671 486 2712 qui
509 2672 716 2704 differentiam
731 2674 812 2705 inter
826 2678 963 2716 intellego
979 2683 1010 2706 et

290 2724 434 2762 inter-lego
449 2724 644 2755 comminisci
659 2725 761 2756 velint.
807 2727 858 2757 De
873 2727 1008 2759 nonnul-

1060 983 1082 999 “
1097 982 1266 1012 ter-lectione
1275 980 1315 1011 ?’‘
1333 990 1388 1020 pro
1399 979 1561 1010 communi
1570 980 1778 1011 intellectione.

1059 1031 1160 1061 Vetus
1184 1032 1416 1061 onomasticon:
1450 1034 1473 1048 “
1490 1035 1681 1070 Σταχασμος,
1703 1039 1777 1060 oon-

1061 1085 1082 1100 “
1094 1082 1224 1122 jectura,
1248 1080 1445 1112 interlecti0.²’
1485 1082 1529 1110 At
1545 1081 1629 1110 enim
1645 1081 1778 1110 Lacum-

1060 1136 1081 1150 “
1096 1133 1131 1162 tii
1146 1132 1296 1171 expositio
1310 1142 1343 1161 re
1360 1131 1431 1161 vera
1442 1140 1520 1160 meae
1531 1141 1596 1160 non
1612 1130 1780 1170 discordat,

1058 1183 1117 1213 div.
1134 1184 1217 1212 instt.
1234 1183 1282 1213 vii.
1299 1187 1326 1213 Ξ.
1350 1186 1369 1200 “
1388 1182 1484 1219 Nam,
1511 1182 1536 1211 si
1562 1188 1662 1221 potest
1683 1183 1779 1214 homo

1059 1236 1081 1251 “
1097 1233 1269 1273 intelligere
1298 1232 1414 1270 divina,
1452 1233 1564 1271 poterit
1592 1240 1623 1263 et
1659 1232 1774 1264 facere:

1059 1288 1080 1303 “
1097 1295 1172 1315 nam
1187 1287 1352 1326 intelligere
1367 1292 1412 1315 est
1433 1285 1520 1326 quasi
1535 1297 1551 1316 e
1571 1288 1693 1326 vestigio
1708 1287 1779 1317 sub-

1059 1339 1080 1354 “
1096 1337 1212 1376 sequi.'’
1257 1337 1322 1373 Qui
1350 1337 1546 1377 subsequitur
1569 1337 1665 1373 enim,
1687 1343 1780 1368 caute

1057 1394 1088 1417 et
1102 1398 1174 1418 cum
1186 1387 1306 1427 judicio
1321 1398 1423 1427 pressa
1445 1389 1535 1429 signa
1556 1388 1686 1428 pedibus
1700 1399 1778 1428 prae-

1055 1441 1193 1471 cedentis
1221 1441 1335 1481 seligit,
1365 1452 1401 1472 ac
1430 1441 1562 1471 fideliter
1587 1441 1778 1482 scienterque

1055 1491 1144 1531 legit;
1166 1492 1246 1522 inter
1260 1502 1377 1528 omnes,
1400 1502 1476 1532 quas
1492 1491 1586 1530 videt,
1612 1496 1701 1522 notas
1715 1490 1779 1522 dis-

1056 1543 1211 1584 tinguens.

1099 1603 1180 1634 Ibid.
1202 1615 1271 1635 vas:
1296 1603 1316 1634 i.
1331 1613 1358 1634 e.
1381 1603 1482 1643 ipsum
1506 1603 1682 1634 hominem:
1709 1603 1779 1635 vide

1056 1655 1098 1685 iii.
1115 1659 1186 1685 441.
1202 1658 1274 1686 554.
1291 1659 1362 1687 949.
1399 1656 1443 1686 Et
1457 1655 1534 1685 Pius
1549 1661 1629 1685 recte
1643 1654 1778 1691 monuit,

1057 1706 1217 1736 consimile
1232 1717 1296 1737 esse
1310 1707 1390 1737 illud
1405 1707 1631 1744 Horatianum,
1653 1706 1741 1746 epist.
1755 1706 1776 1737 i

1056 1762 1085 1788 2.
1102 1761 1151 1789 54.
1167 1757 1248 1793 hinc,
1271 1763 1306 1788 ut
1323 1757 1440 1796 opinor,
1463 1757 1651 1788 derivatum:

1087 1849 1224 1874 sincerum
1247 1853 1287 1874 est
1305 1849 1353 1873 nisi
1369 1856 1434 1879 vas,
1455 1849 1635 1880 quodcunque
1650 1847 1781 1880 infundis,

1179 1888 1286 1914 acescit.

1098 1959 1173 1989 Ver.
1192 1962 1239 1990 17.
1263 1959 1306 1989 Et
1327 1959 1430 1998 ipsum
1451 1958 1556 1989 locum
1579 1964 1610 1989 et
1630 1957 1778 1989 orationis

1056 2009 1145 2039 filum
1161 2009 1349 2040 illuminabit
1366 2009 1497 2046 Gellius,
1520 2009 1591 2040 xvii.
1609 2013 1656 2041 19.
1682 2009 1778 2049 longe

1054 2060 1335 2099 depravatissimus,
1358 2067 1389 2091 et
1417 2060 1471 2096 sic,
1502 2060 1623 2100 opinor,
1653 2060 1777 2091 mendis

1053 2111 1285 2151 expurgandus:
1334 2115 1355 2130 ‘⁶
1384 2114 1520 2153 Ανθρωπε,
1559 2123 1601 2142 τε
1635 2115 1774 2148 βαλλειςς

1055 2166 1077 2180 “
1093 2165 1217 2201 ausimo,
1242 2176 1262 2194 ει
1278 2165 1452 2205 κεκαθαρται
1468 2177 1501 2194 το
1516 2176 1645 2203 αγγειον·
1662 2177 1696 2193 ar
1718 2175 1779 2204 γαρ

1053 2216 1076 2231 “
1092 2227 1125 2247 εις
1150 2227 1201 2247 την
1224 2226 1304 2246 omem
1327 2227 1406 2244 αντα
1427 2217 1558 2255 βαλλῃς,
1582 2219 1775 2244 ΑΠΗΛΛΟῙ·

1056 2268 1077 2282 “
1097 2270 1210 2303 ΩΤΑΙ,
1235 2271 1259 2295 H
1284 2270 1434 2303 ΕΣΑΠΗ,
1458 2279 1474 2298 n
1500 2277 1568 2307 ερον,
1600 2279 1616 2298 n
1642 2267 1709 2304 οξος,
1739 2278 1777 2296 αν

1055 2318 1077 2334 “
1096 2329 1214 2354 γενοιτο,
1239 2329 1254 2349 n
1282 2329 1309 2346 τι
1333 2328 1427 2346 τεὴ-ων
1447 2328 1547 2357 χειρον.
1593 2314 1682 2345 Nihil
1704 2325 1775 2354 pro·

1055 2371 1077 2385 “
1094 2366 1174 2397 fecto
1198 2367 1248 2396 his
1270 2367 1370 2397 verbis
1392 2367 1528 2407 gravius,
1552 2366 1630 2396 nihil
1656 2366 1771 2396 verius:

1054 2421 1075 2436 “
1091 2418 1203 2458 quibus
1217 2418 1392 2449 declarabat
1407 2419 1563 2448 maximus
1578 2417 1775 2457 philosopho—

1055 2473 1076 2488 “
1092 2479 1175 2506 rum,
1187 2469 1290 2500 literas
1299 2476 1390 2510 atque
1401 2469 1556 2500 doctrinas
1565 2469 1776 2508 philosophiae,

1055 2525 1075 2540 “
1091 2532 1189 2562 quum
1204 2523 1236 2552 in
1253 2523 1413 2552 hominem
1435 2522 1550 2552 falsum
1572 2527 1665 2561 atque
1680 2521 1774 2562 dege-

1055 2577 1076 2591 “
1094 2584 1211 2611 nerem,
1234 2580 1384 2614 tanquam
1407 2574 1439 2603 in
1456 2585 1506 2605 vas
1523 2584 1665 2613 spurcum
1681 2578 1778 2612 atque

1054 2629 1075 2643 “
1091 2626 1256 2665 pollutum,
1292 2626 1496 2664 influxissent‚
1529 2625 1616 2663 verti,
1648 2623 1776 2662 mutari,

1054 2681 1075 2696 “
1092 2681 1277 2719 corrumpi.’'
1321 2679 1419 2718 Libri,
1450 2686 1602 2714 απωλεγο,
1627 2690 1657 2710 m
1683 2687 1779 2717 cau-31.

1057 2732 1253 2770 Conrumpier
1275 2736 1379 2760 autem
1402 2731 1436 2760 in
1455 2730 1535 2760 Caro
1556 2727 1637 2757 valet
1646 2725 1774 2767 frustra

289 2771 328 2801 lis
342 2774 580 2813 exemplaribus,
603 2776 687 2815 apud
708 2777 949 2814 Tertullianum,
972 2778 1012 2809 ad
1043 2782 1134 2822 fieri,
1161 2781 1208 2811 vel
1239 2781 1323 2820 perdi
1335 2793 1344 2819 3
1372 2791 1470 2821 quum
1493 2789 1552 2809 vox
1578 2788 1642 2808 non
1667 2777 1774 2808 minus

289 2833 375 2853 uxor.
389 2824 428 2854 ii.
452 2829 480 2855 6.
506 2832 647 2858 veterum
672 2828 880 2860 formularum
901 2830 1011 2861 dictio-

1055 2839 1285 2872 conspurcatum
1302 2842 1354 2861 vas
1368 2831 1519 2871 respiciat,
1541 2839 1602 2859 ver.
1613 2832 1663 2859 ‘21-
1679 2838 1776 2869 quam.

291 2884 431 2915 numque
467 2879 743 2918 servantissimum,
779 2882 1013 2912 habemusz—
1049 2890 1220 2924 pertusum,
1242 2894 1302 2913 ver.
1323 2887 1370 2915 19.

291 2929 315 2944 ‘⁶
329 2925 382 2956 ubi
398 2926 538 2958 fomenta
559 2928 631 2960 fidei
654 2930 694 2961 de
716 2931 939 2972 scripturarum
961 2935 1011 2965 in-

1099 2934 1171 2965 Ver.
1190 2939 1237 2966 18.
1259 2945 1314 2967 con
1329 2935 1416 2967 laeta:
1442 2933 1462 2967 i.
1485 2943 1510 2966 e.
1532 2932 1606 2965 laeta
1626 2930 1771 2964 conveni-
