1926 3224
311 239 412 285 390

817 236 878 284 Τ.
931 235 1313 284 LUCRETII

453 367 558 419 Aut,
578 367 649 409 ubi
668 372 866 423 gustarat,
885 364 1107 423 languebat
1125 375 1258 409 morte
1285 368 1529 425 propinqua.

517 441 606 483 Nec
625 447 765 481 tamen
783 439 954 481 omnino
972 447 1126 482 temere
1144 440 1220 482 illis
1240 441 1391 484 solibus
1410 443 1492 486 ulla

460 513 724 569 Conparebat
742 513 842 564 avis,
862 528 996 570 neque
1014 515 1142 557 noxia
1161 515 1266 557 secla
1284 515 1465 559 ferarum

458 588 642 630 Exibant
661 588 799 644 sylvis3
820 588 1070 646 languebant
1088 590 1281 646 pleraque
1299 591 1464 642 morbo,

315 666 426 704 1220
457 662 514 704 Et
534 662 833 705 moriebantur:
855 679 949 705 cum
969 665 1112 719 primis
1131 664 1216 706 fida
1235 680 1384 706 canum
1404 666 1465 707 vis

457 737 595 779 Strata
611 737 686 779 viis
705 738 886 779 animam
906 738 1087 794 ponebat
1105 739 1150 780 in
1170 740 1360 781 omnibus
1380 754 1504 797 aegre:

311 891 451 934 quidem,
469 892 537 932 jam
561 893 754 925 monuimus,
799 894 850 925 Sic
880 897 1037 936 εμξαλλειν

313 944 430 982 Graeci,
458 949 551 984 atque
580 945 722 985 cognatis
751 946 888 985 vocibus,
922 948 1037 986 passim

310 1001 454 1027 utuntur.

354 1054 429 1085 Ver.
447 1057 538 1086 1211.
561 1056 669 1086 oblivia
676 1071 686 1092 ,·
710 1055 758 1086 uti
780 1057 883 1098 pergit
905 1058 1031 1099 Tth.

309 1105 515 1141 (iidem—‘785
531 1107 558 1138 δε
574 1121 625 1138 zm
639 1110 712 1141 anon
727 1111 874 1148 ελαμέανε
889 1121 1031 1153 aeoepoevw·

311 1173 355 1191 κα
369 1173 556 1195 avarem-ras
573 1174 628 1192 των
651 1174 766 1193 παντων
782 1163 890 1202 ὅμοιως·
914 1176 964 1193 και
980 1175 1035 1201 ny-

311 1224 411 1245 ’onear
425 1219 501 1252 σφας
517 1225 549 1243 τε
564 1226 666 1251 αμα-ες,
691 1227 742 1245 και
759 1227 808 1248 τες
827 1213 991 1248 επιτηδειες.

352 1271 428 1302 Ver.
447 1275 538 1302 1215.
570 1284 664 1312 supra
673 1287 682 1303 .-
719 1273 880 1308 Heinsius,
907 1272 1035 1303 Advers.

309 1331 341 1363 p.
356 1326 427 1354 510.
450 1323 607 1359 emendat,
623 1329 730 1362 sae1›ta,·
755 1322 808 1353 sed
823 1323 933 1353 malim
947 1324 1035 1364 equi-

309 1373 384 1404 dem
404 1387 438 1404 το
451 1385 544 1413 supra
561 1373 734 1413 intelligere
750 1373 842 1414 fungi
853 1374 956 1405 officio
963 1384 1036 1415 cog-

309 1424 376 1455 nati
391 1424 439 1455 sui
455 1435 556 1464 super,
585 1424 727 1464 quamvis
748 1424 835 1455 aliud
857 1425 1037 1465 exemplum

309 1485 375 1506 non
391 1475 431 1505 sit
445 1475 485 1506 ad
499 1485 643 1513 manum,
660 1486 757 1516 quam
771 1475 939 1508 lectionem
954 1478 1036 1508 arbi-

307 1526 436 1557 trariam
461 1536 535 1557 cum
556 1528 811 1558 membranarum
833 1528 1036 1560 Lucretiana-

307 1587 392 1616 rum,
416 1589 487 1619 quae
509 1577 694 1619 plerumque
719 1579 963 1620 castigatissima*
987 1581 1036 1611 in-

306 1630 490 1669 veniuntur,
507 1630 650 1661 unanimi
662 1630 812 1671 scriptura
828 1631 936 1663 leviter
949 1642 1035 1663 com-

311 1689 444 1715 mutare.

352 1743 433 1775 Ibid.
449 1745 609 1775 inhumata
617 1744 761 1784 jacerent
776 1756 910 1785 εοηιονα.
929 1745 1034 1784 Silius,

307 1791 393 1825 Pun.
408 1795 468 1825 xiv.
487 1798 559 1826 611.
584 1796 637 1826 ubi
655 1795 757 1826 videas
780 1796 1033 1829 Drakenborchi·

308 1856 382 1880 um:

327 1946 424 1971 Passim
435 1946 518 1971 etiam
530 1947 634 1972 deserta
642 1948 743 1978 jacent,
760 1948 966 1980 inhumataque,
982 1950 1036 1975 late

323 1995 457 2027 Corpora,
468 1995 607 2027 pestiferos
618 1996 735 2028 tetigisse
745 1997 902 2022 timentibus
912 2001 995 2022 artus.

307 2071 509 2112 Thucydides
519 2087 613 2104 τ-τα
629 2088 688 2116 ’γαρ
701 2088 775 2117 opnoe
790 2089 841 2106 και
856 2075 1032 2115 τετρωτοδσι,

306 2125 362 2156 ὅσα
377 2127 523 2165 avdpuaem
538 2126 682 2163 bora-mm,
698 2140 713 2159 n
728 2139 745 2158 κ
760 2139 878 2169 nuspa,
893 2141 909 2160 n
925 2141 1032 2167 γευσι·

305 2188 379 2215 pem
413 2175 750 2218 διεφθειρετο.-Ροπο,
793 2181 827 2209 Σ.
867 2184 946 2217 tum,
978 2188 1043 2218 pro·

305 2237 406 2267 quom.

350 2285 425 2317 Ver.
443 2289 535 2317 1214.
561 2288 711 2317 alituum:
741 2286 838 2318 Vind.
857 2287 895 2318 V.
911 2287 958 2319 ed.
973 2290 1033 2319 ali-

304 2343 519 2378 tum.-genus
535 2345 644 2378 utque:
670 2338 768 2370 Vind.
780 2346 978 2380 generatque,·
1003 2346 1035 2370 et

305 2387 392 2419 idem
406 2389 506 2420 voluit
520 2399 582 2420 var.
598 2388 668 2421 lect.
683 2389 716 2419 in
734 2390 774 2421 V.
789 2390 837 2421 ed.
857 2401 965 2430 geners
984 2397 1032 2422 at—

304 2450 372 2480 que.

350 2497 431 2530 Ibid.
446 2500 578 2530 alituum
592 2511 688 2540 genus
703 2507 794 2542 atque
803 2501 960 2543 ferarum.
985 2501 1032 2532 Si-

304 2548 392 2581 milia
407 2550 456 2580 his
470 2550 563 2580 multi
587 2561 759 2588 narravere,
782 2563 860 2593 quos
879 2562 1034 2592 apponere

303 2600 439 2642 longum
458 2608 547 2639 esset,
563 2609 593 2633 et
607 2604 766 2643 proposito
779 2604 937 2635 alienum:
964 2604 1034 2635 vide

303 2652 401 2683 modo
413 2653 547 2684 Nicand.
562 2655 640 2685 ther.
655 2658 729 2686 406.
746 2655 768 2687 J
771 2655 813 2685 ul.
826 2655 902 2686 obs.
913 2655 952 2686 de
962 2666 1032 2695 pro-

302 2704 389 2746 digg.
405 2716 470 2746 cap.
492 2706 553 2737 lxv.
580 2713 612 2738 et
636 2707 681 2739 ibi
705 2708 916 2747 Schefferum3
941 2708 1032 2740 Ovid.

302 2762 377 2787 met.
401 2756 452 2787 vii.
475 2760 655 2790 545—552.
681 2759 756 2790 Stat.
779 2758 880 2790 Theb.
909 2760 929 2790 i.
959 2763 1031 2791 624.

301 2806 394 2847 cujus
409 2809 577 2840 sublimem
599 2810 706 2841 locum
721 2821 760 2841 ex
780 2811 910 2851 ingenio
923 2817 1033 2850 sponte

302 2858 390 2899 prius
405 2861 655 2901 emendaveram,
667 2873 764 2904 quam
775 2863 864 2894 codd.
881 2863 1033 2904 quosdam

300 2910 515 2952 conspirantes
529 2913 749 2954 intellexerim,
763 2915 862 2948 Theb.
879 2915 931 2946 xii.
946 2918 1018 2947 565.

1079 894 1198 927 Septima
1204 896 1262 927 jam
1274 901 1383 927 surgens
1393 894 1502 928 trepidis
1514 895 1744 928 Aurorajaeentes

1078 940 1223 964 Aversatur
1233 939 1306 970 equis
1318 945 1325 962 ε
1341 938 1426 963 radios
1437 938 1564 969 declinat,
1576 943 1603 964 et
1615 939 1716 970 horret,

1080 978 1293 1009 StelligeriJubar
1302 984 1385 1002 omne
1395 977 1463 1009 poli:
1475 978 1580 1009 jamque
1593 978 1690 1002 emina:
1700 979 1766 1011 ipsa

1078 1017 1175 1041 Pabula
1185 1017 1242 1041 dira
1247 1016 1326 1047 ferae,
1338 1022 1521 1047 campumque
1531 1016 1612 1041 odere
1626 1016 1759 1048 volucres,

1077 1055 1226 1087 Spirantem
1237 1055 1311 1084 tabo,
1321 1057 1349 1079 et
1361 1053 1463 1079 coelum
1473 1057 1622 1085 ventosque
1631 1059 1800 1086 gravantem.

1079 1136 1198 1176 Vulgo,
1212 1136 1285 1175 jam
1301 1137 1446 1166 cominus.
1494 1134 1601 1166 Adeas
1621 1136 1717 1168 etiam
1738 1137 1804 1169 Lu-

1079 1198 1148 1220 can.
1165 1187 1204 1217 vi.
1219 1189 1290 1218 627.
1313 1197 1392 1227 quos
1409 1187 1525 1217 Graius
1545 1193 1664 1218 nostras
1690 1189 1725 1220 in
1745 1190 1806 1222 ode

1079 1237 1146 1276 sua,
1177 1239 1249 1268 Vale
1264 1236 1359 1276 dicta,
1381 1237 1522 1269 imitatus
1535 1244 1582 1269 est
1596 1238 1738 1272 feliciter.

1122 1298 1197 1328 Ver.
1225 1299 1318 1328 1215.
1350 1299 1430 1328 Aut:
1456 1298 1498 1328 V.
1524 1298 1573 1329 ed.
1599 1300 1800 1333 Haud—m.-

1080 1353 1115 1380 Δ.
1133 1355 1177 1380 Ω..
1192 1350 1418 1379 aut.——e.tiret:
1443 1348 1482 1380 P.
1499 1349 1539 1381 Ο.
1556 1355 1594 1381 Δ.
1609 1355 1644 1382 Σ.
1661 1356 1707 1382 Ω..
1721 1355 1803 1384 erci-

1079 1406 1136 1436 ret;
1160 1399 1202 1430 V.
1219 1399 1267 1430 ed.
1282 1401 1393 1430 excint.

1123 1459 1205 1491 Ibid.
1228 1461 1321 1492 exiret
1337 1461 1465 1491 odorem.
1488 1459 1656 1501 Virgilius,
1680 1461 1756 1494 AEn.
1779 1472 1808 1496 v.

1080 1513 1152 1542 438.

1079 1596 1198 1629 Corpore
1204 1595 1253 1621 tela
1261 1595 1355 1628 modo,
1366 1599 1449 1628 atque
1459 1595 1542 1622 oculis
1551 1596 1734 1630 vigilantibus,
1739 1599 1803 1626 exit.

1122 1667 1196 1698 Ver.
1214 1670 1306 1699 1217.
1321 1675 1446 1700 temere:
1467 1675 1512 1700 Ω.
1521 1672 1801 1704 tenera-solibus.-

1080 1719 1270 1757 Macrobius,
1289 1719 1351 1751 Sat.
1364 1721 1403 1751 vi.
1420 1724 1448 1751 2.
1463 1723 1590 1753 sedibus.

1120 1779 1195 1809 Ver.
1207 1782 1298 1810 1218.
1311 1781 1498 1820 Conparebat
1507 1794 1517 1811 .-
1534 1780 1574 1811 V.
1585 1780 1632 1811 ed.
1654 1787 1699 1813 Ω.
1717 1784 1803 1814 Com-

1070 1831 1370 1871 parabat.—neque:
1395 1831 1455 1861 hoc
1476 1830 1596 1872 flagitat
1614 1842 1690 1863 usus
1704 1833 1804 1872 po‘etae

1077 1881 1356 1919 constantissimus,
1371 1882 1493 1923 quoties
1506 1882 1617 1914 vocula
1632 1890 1802 1924 repetatur,

1078 1939 1110 1963 et
1122 1944 1177 1964 nec
1191 1934 1395 1973 praecesserit;
1419 1934 1559 1976 adeoque
1581 1945 1645 1966 non
1661 1935 1802 1967 dubitavi

1077 1995 1226 2024 reponere
1255 1996 1293 2016 ex
1322 1986 1451 2017 arbitrio
1480 1994 1589 2018 contra
1617 1986 1720 2024 libros»,
1748 1989 1804 2029 qui

1077 2036 1152 2066 dant
1167 2048 1238 2068 nec:
1264 2037 1325 2078 qua
1339 2037 1409 2078 lege
1424 2037 1555 2068 fidenter
1569 2038 1703 2070 dixerim
1717 2039 1801 2070 mul-

1075 2093 1108 2117 ta
1122 2097 1188 2117 esse
1210 2087 1294 2127 apud
1311 2088 1485 2128 Virgilium
1506 2089 1698 2129 castiganda,
1724 2089 1802 2121 deli-

1076 2138 1238 2169 catissimis
1252 2139 1380 2169 auribus
1395 2145 1426 2169 et
1447 2139 1667 2178 superbissimo
1682 2140 1803 2181 judicie

1078 2189 1211 2228 po‘e'tam.
1256 2189 1413 2228 Exemplo
1427 2190 1467 2219 sit
1481 2199 1549 2230 ge0.
1564 2190 1608 2220 iii.
1625 2193 1696 2221 216.

1077 2289 1139 2297 —
1148 2284 1194 2302 nec
1203 2283 1346 2303 nemorum
1353 2278 1455 2309 patitur
1462 2277 1625 2308 meminisse,
1635 2285 1680 2303 nec
1687 2278 1790 2305 herbae.

1078 2348 1189 2390 Neque
1203 2348 1300 2385 aliter,
1322 2355 1359 2379 ut
1379 2358 1465 2379 nunc
1484 2348 1586 2387 video,
1608 2347 1687 2379 liber
1700 2359 1798 2381 unus:

1076 2401 1129 2431 sed
1144 2400 1234 2431 codd.
1250 2400 1411 2431 collatores
1422 2401 1489 2431 haec
1503 2401 1615 2439 solent,
1630 2407 1667 2431 ut
1679 2401 1801 2432 minuta

1077 2451 1171 2482 nimis
1184 2457 1215 2482 et
1229 2451 1350 2482 nullius
1364 2451 1466 2491 pretii,
1490 2461 1615 2491 prorsus
1632 2451 1802 2493 negligere.

1075 2506 1227 2535 -norim
1246 2504 1290 2534 ita
1300 2503 1499 2535 scribendum
1515 2503 1593 2534 mihi
1602 2504 1802 2544 persuadent,

1076 2561 1107 2585 et
1135 2555 1204 2585 aliis
1235 2565 1421 2595 persuasere.
1458 2555 1618 2585 varietates
1647 2554 1801 2586 lectionis.

1076 2607 1114 2637 P.
1131 2607 1171 2638 0.
1188 2607 1443 2648 Macroffiusque,
1463 2609 1585 2643 tristia;
1607 2617 1696 2648 aeque
1709 2607 1800 2645 bene,

1076 2657 1130 2688 sed
1157 2658 1364 2699 antiquissimi
1394 2658 1515 2688 codices
1540 2658 1749 2698 refragantur:
1781 2668 1800 2687 a

1077 2708 1174 2740 vind.
1189 2709 1296 2739 relicto
1311 2708 1442 2748 spatiolo
1456 2716 1575 2748 tamen,
1603 2718 1692 2740 voces
1704 2719 1800 2748 neque

1075 2763 1166 2791 noxia
1190 2763 1320 2799 absunt3
1344 2767 1375 2791 et
1398 2761 1549 2801 posterior
1573 2761 1657 2791 abest
1684 2765 1719 2792 Σ.
1744 2769 1798 2790 va-

1075 2818 1166 2842 cante
1180 2812 1290 2842 itidem
1304 2812 1416 2852 spatio:
1436 2813 1476 2842 V.
1495 2811 1543 2842 ed.
1558 2813 1672 2847 noctis,-
1687 2810 1802 2841 omisso

1075 2875 1187 2904 nequa·
1212 2865 1249 2895 L.
1263 2867 1384 2900 nectia,·
1411 2865 1458 2895 M.
1472 2865 1573 2895 noctia
1585 2879 1596 2901 ;
1623 2863 1799 2904 n.furc1'a,-

1077 2915 1116 2952 Q.
1131 2917 1268 2948 noctibus
1273 2932 1284 2953 ,-
1308 2916 1333 2946 si
1349 2914 1487 2947 collatori
1503 2913 1578 2945 velis
1599 2913 1693 2945 fidem
1710 2913 1799 2944 adhi-
