1926 3224
629 264 865 316 LIBER
917 262 1225 315 SEXTUS.

1552 272 1648 314 285

301 403 358 446 Et
376 402 528 459 potius,
549 399 659 442 nulla
680 399 756 441 sibi
776 399 887 454 turpi
907 397 1092 440 conscius
1111 397 1155 438 in
1175 411 1236 448 re,

299 477 490 519 Volvitur
510 476 554 517 in
573 474 749 516 flammis
768 473 977 522 irmoxius,
998 473 1124 527 inque
1142 470 1322 527 peditur,

303 551 492 593 Turbine
512 548 662 593 coelesti
683 546 818 588 subito
838 552 1073 600 conreptus‚
1096 552 1136 584 et
1156 544 1267 601 igni?

191 629 272 667 395

363 624 486 673 Quur
505 622 628 663 etiam
647 620 737 661 loca
757 618 842 660 sola
860 626 1024 674 petunt,
1046 618 1276 674 frustraque
1296 617 1512 661 laborant?

304 699 375 740 An
395 704 483 738 tum
503 693 674 735 brachia
694 701 979 743 consuescunt,
1001 692 1250 748 firmantque
1269 691 1465 735 lacertos?

306 771 358 813 In
377 768 568 824 terraque
591 767 725 809 Patris
745 782 853 823 quur
872 767 999 810 telum
1019 767 1308 824 perpetiuntur

306 841 520 885 Obtundi?
552 856 659 898 quur
679 841 766 897 ipse
786 842 898 893 sinit,
921 857 1055 898 neque
1074 841 1207 898 parcit
1227 841 1271 882 in
1290 840 1466 882 hosteis?

360 916 571 973 Denique,
593 930 701 972 quur
719 930 949 972 numquam
969 916 1072 958 coelo
1086 916 1188 972 jacit
1207 914 1390 972 undique
1409 928 1518 971 puro

210 1088 302 1118 mum,
313 1086 485 1119 tempii-antem
495 1086 620 1119 transfixo
628 1089 725 1119 pectore
727 1087 861 1119 stammas,

213 1128 321 1154 Turbine
334 1127 468 1160 conripuit,
478 1126 641 1158 scopuloque
652 1127 748 1158 inflixit
759 1131 851 1153 acuto:

167 1194 220 1225 Ita
234 1193 402 1224 certissime
418 1191 629 1230 scribendum,
643 1192 793 1233 quicquid
803 1192 892 1224 obni-

166 1251 273 1276 tantur
290 1244 445 1274 Heinsius
462 1243 683 1284 Heyniusque:
703 1253 778 1273 nam
794 1254 895 1284 neque

165 1296 210 1326 sic
234 1296 326 1336 juxta
351 1295 466 1334 positas
480 1304 570 1324 voces
584 1300 739 1335 cognatas,
767 1305 804 1325 ac
818 1305 896 1326 sono

167 1345 275 1384 simili,
288 1347 434 1388 tranqfixo
451 1352 482 1376 et
497 1347 612 1388 ivtfirit,
628 1345 897 1377 fastidiosissimus

166 1398 283 1428 summi
299 1397 398 1437 po'etae
409 1408 518 1428 sensus
529 1398 736 1436 toleravisset3
752 1403 783 1429 et
795 1398 898 1429 effica-

167 1449 285 1480 ciorem
314 1449 483 1479 dictionem
513 1448 607 1488 plane
637 1448 756 1489 flagitat
781 1459 898 1480 nomen

171 1501 319 1538 Turbine,
343 1506 435 1540 atque
457 1499 517 1529 loci
538 1499 635 1529 totius
648 1500 795 1539 impetus.
840 1503 896 1532 In-

158 1554 249 1594 flirit
279 1558 398 1591 autem,
426 1562 481 1591 per
511 1552 696 1582 acerriinam
718 1552 898 1582 violentiam

169 1604 272 1642 illisit;
314 1607 337 1623 “
352 1604 441 1645 quasi
472 1604 669 1644 confringere
698 1603 900 1634 membratim

171 1659 193 1675 “
209 1656 314 1694 vellet,
340 1662 383 1694 et,
408 1655 548 1697 undique
572 1656 766 1695 perforatum
781 1655 901 1694 scopuli

170 1710 192 1726 “
209 1707 419 1744 acuminibus,
457 1706 506 1736 vel
541 1705 735 1737 frustulatim
770 1706 900 1736 commi.

170 1761 194 1777 “
210 1757 338 1789 nuere.'’
383 1757 474 1788 Nihil
496 1757 638 1798 undique
659 1756 838 1795 rotundius,
866 1767 903 1787 ac

171 1809 313 1841 vividius,
358 1809 471 1841 Fidem
492 1809 586 1840 faciet
599 1808 813 1840 emendationi
827 1818 901 1839 nos-

171 1866 228 1890 trae
243 1861 328 1892 haud
341 1861 443 1891 levem
457 1861 622 1901 Hyginus,
636 1860 697 1891 fab.
713 1860 857 1891 (καί-’θ
869 1860 904 1891 in

173 1916 197 1931 “
215 1912 278 1953 qua
303 1918 497 1952 tempestate,
523 1913 607 1953 Ajaz
631 1913 751 1944 Locrus
762 1912 903 1953 fulmine

174 1966 197 1982 “
212 1972 254 1995 est
273 1976 292 1994 a
320 1963 465 1995 Minerva
492 1966 582 2002 ictus,
608 1974 701 2005 quem
725 1964 839 1995 fluctus
861 1966 903 1995 ad

176 2018 200 2033 “
214 2026 288 2045 sara
305 2016 481 2052 inliserunt;
498 2014 584 2045 unde
602 2015 709 2055 Ajacis
723 2024 819 2056 petrae
834 2021 908 2052 sunt

175 2068 198 2084 “
215 2063 338 2096 dictae.‘'

216 2125 292 2156 Ver.
307 2129 380 2157 592.
401 2127 478 2156 sibi.-
507 2132 551 2156 Ω.
574 2127 685 2157 si.—z'n
711 2137 761 2158 re:
787 2127 829 2157 V.
854 2126 901 2157 ed.

163 2178 240 2218 jare
249 2193 260 2214 ,-
282 2187 357 2207 cum
371 2177 488 2208 eisdem
504 2187 629 2216 prorsus
645 2178 781 2218 vestig-iis
798 2178 903 2208 litera-

174 2238 257 2258 rum.
299 2228 322 2259 J
323 2238 375 2258 am
391 2239 462 2258 vero
472 2228 692 2267 contempleris
707 2229 906 2259 fedissimum

176 2287 314 2316 versum,
340 2289 447 2318 quem,
471 2279 716 2309 invenustissimi
740 2280 908 2310 hominum

177 2329 423 2367 etinscitiss1mi,
451 2330 632 2360 Lucretiani
661 2330 794 2361 editores
820 2332 910 2362 nobis

171 2393 216 2413 ex
227 2382 351 2413 officina
366 2382 423 2413 sua
435 2393 500 2413 non
514 2384 697 2414 erubuerint
711 2384 860 2423 proferre,
870 2384 908 2415 li-

179 2434 240 2473 bris
262 2435 390 2464 vetustis
416 2435 563 2465 omuibus
578 2435 618 2465 de
635 2434 728 2466 solito
749 2436 910 2475 praefracte

204 2485 383 2525 „chulcatisz

167 2485 178 2500 o·

273 2562 306 2585 Et
316 2560 405 2593 potius
415 2560 495 2586 nulle
505 2560 554 2585 sibi
563 2561 645 2594 turpis
658 2562 777 2587 conscius
788 2563 834 2588 rei.

180 2623 240 2662 Te,
254 2623 300 2654 mi
315 2623 426 2656 lector!
451 2630 599 2666 rogatum
613 2626 716 2663 velim,
732 2637 772 2657 an
789 2626 911 2658 noveris

178 2672 300 2705 facinus
321 2675 408 2706 aliud
431 2675 654 2716 detestabilius,
682 2677 911 2717 impudentius-

179 2725 261 2768 que?
286 2727 393 2758 Bonos
422 2728 503 2758 viros
533 2728 677 2760 labefecit
705 2730 791 2761 haud
820 2730 913 2762 dubie

179 2779 299 2819 phrasis
315 2783 452 2812 conscius
468 2783 501 2812 in
516 2793 549 2812 re
555 2798 566 2818 ;
591 2782 644 2812 sed
669 2782 800 2813 inscitiae
819 2789 914 2814 tantae

177 2831 324 2870 puditum
342 2837 397 2863 est.
436 2832 488 2863 Sic
504 2833 696 2874 Propertius,
712 2834 733 2866 i.
750 2839 799 2866 10.
814 2839 844 2867 2.
859 2835 913 2867 ubi

180 2886 325 2917 consulas
338 2885 477 2918 eruditos
492 2887 642 2919 editores:

407 2967 500 2994 vestris
510 2968 623 2995 conscius
632 2967 658 2994 in
669 2968 805 3002 lacrymis).

977 1088 1136 1120 νει-,5952
1158 1089 1294 1118 Volvitur
1305 1089 1338 1118 in
1344 1089 1496 1129 flammis.
1515 1087 1666 1120 Similiter

936 1139 1042 1177 Maro,
1056 1138 1096 1170 ad
1110 1148 1178 1180 geo.
1194 1138 1225 1169 ii.
1239 1142 1311 1170 308.

998 1214 1033 1238 Et
1043 1216 1134 1237 totum
1145 1211 1268 1237 involvit
1270 1211 1386 1243 flammis
1397 1218 1555 1237 nemus—
1563 1219 1573 1238 t

938 1278 994 1310 ubi
1008 1287 1118 1308 verum
1132 1277 1246 1316 fuerat,
1268 1279 1308 1308 ob
1322 1277 1566 1317 impensissimos
1581 1288 1668 1308 sum-

938 1331 984 1361 mi
1004 1329 1083 1360 vatis
1106 1329 1139 1359 in
1155 1328 1339 1359 Lucretium
1363 1339 1498 1368 amores,
1522 1329 1549 1360 si
1571 1329 1670 1361 codex

943 1384 992 1415 vel
1006 1394 1089 1415 unus
1098 1384 1277 1421 addixisset,
1291 1385 1351 1414 hoc
1365 1383 1474 1415 modo:

1034 1466 1068 1490 Et
1081 1468 1173 1490 totum
1185 1464 1331 1499 inflammis
1341 1463 1436 1489 volvit
1447 1470 1616 1490 nemus—.

985 1535 1058 1567 Ver.
1073 1540 1147 1569 594.
1168 1537 1304 1568 Turbine
1313 1537 1426 1567 coelesti
1438 1542 1466 1567 et
1481 1538 1557 1577 igni.
1581 1537 1672 1568 Hen-

943 1587 1057 1629 dyades
1072 1596 1130 1628 est,
1152 1600 1210 1630 pro
1233 1593 1256 1608 “
1272 1590 1398 1621 turbine
1412 1590 1544 1621 coelestis
1558 1589 1676 1630 ignis,’'

944 1651 999 1671 seu
1014 1642 1166 1672 fulminis.

989 1691 1062 1723 Ver.
1078 1696 1151 1725 595.
1163 1692 1292 1734 frustra
1315 1694 1471 1724 laborant.-
1495 1694 1531 1724 in
1549 1693 1676 1734 expedi-

945 1743 1027 1774 endo
1042 1744 1178 1774 fulmine
1192 1744 1320 1781 scilicet,
1337 1750 1368 1774 et
1381 1744 1581 1783 fabricand0;
1597 1745 1623 1774 si
1638 1745 1679 1775 sit

946 1804 1007 1824 usu
1023 1794 1111 1824 nullo
1126 1794 1202 1824 locis
1216 1794 1334 1832 vacuis,
1358 1794 1413 1824 ubi
1430 1805 1525 1825 nemo
1541 1795 1681 1835 percuti-

946 1849 1011 1882 tur,
1023 1844 1270 1875 immittendum.

988 1905 1064 1935 Ver.
1079 1908 1153 1936 596.
1175 1910 1237 1935 tam
1247 1918 1257 1935 .·
1276 1903 1375 1935 Vind.
1391 1915 1464 1942 con;
1481 1905 1524 1936 V.
1539 1906 1588 1937 ed.
1600 1918 1679 1939 cum.

948 1957 1038 1987 —Et
1052 1956 1190 1987 demiror
1205 1955 1382 1986 maximum
1396 1963 1558 1996 stuporem
1573 1958 1681 1989 docto-

951 2018 1031 2044 rum,
1058 2007 1212 2047 patienter
1237 2018 1292 2046 per
1306 2007 1405 2038 editos
1420 2008 1568 2048 putidum
1582 2019 1619 2040 ac
1634 2015 1680 2040 te-

950 2061 1124 2092 merarium
1153 2061 1302 2092 Lambini
1331 2068 1559 2101 commentum,
1594 2063 1684 2095 libris

950 2113 1078 2144 vetustis
1118 2112 1371 2151 reclamantibus,
1420 2114 1678 2155 propagandum3

946 2174 1022 2195 nam
1037 2163 1134 2194 Vind.
1150 2163 1231 2192 nihil
1246 2173 1361 2194 morer:

982 2245 1024 2270 An
1036 2251 1080 2269 con
1092 2244 1200 2269 brachia
1210 2244 1367 2276 suefaciunt,
1378 2244 1543 2278 firmantque
1556 2246 1684 2274 lacertos?

954 2317 1172 2357 Quisquamne
1187 2317 1351 2357 poetarum
1366 2324 1432 2348 tam
1447 2317 1616 2349 crudeliter
1636 2319 1685 2351 di.

952 2368 1105 2399 laceratus
1119 2374 1172 2405 est,
1196 2373 1261 2399 tam
1276 2368 1520 2399 lamentabiliter
1535 2369 1682 2410 deprava-

953 2426 1013 2456 tus,
1029 2419 1201 2456 mutilatus,
1223 2425 1394 2456 truncatus,
1424 2420 1604 2460 deperditus
1628 2421 1684 2452 de-

953 2472 1061 2513 nique,
1082 2482 1117 2503 ac
1137 2472 1237 2503 Carus
1251 2471 1378 2504 noster?
1401 2478 1444 2503 Ου
1460 2474 1561 2513 γενεῇ-3
1586 2485 1623 2505 εκ
1640 2486 1684 2506 εσ-

955 2537 1016 2554 ‘fal-

996 2583 1079 2614 Ibid.
1102 2585 1228 2615 brachia
1244 2591 1454 2616 consuescunt.
1501 2584 1637 2624 Nonius,
1649 2585 1686 2617 ii.

957 2640 1029 2668 199.
1054 2639 1078 2654 “
1095 2638 1230 2668 Desuevz·
1252 2636 1354 2673 illum,
1385 2647 1441 2676 pro
1470 2637 1621 2676 desuefici
1648 2637 1689 2668 il-

957 2689 978 2705 “
994 2687 1113 2718 lum—.
1151 2687 1313 2718 Titinnius
1338 2687 1490 2718 Geminzt:
1525 2689 1688 2720 Parasitus

958 2739 1233 2770 “—Aesuevi-J’
1290 2740 1335 2770 Et
1358 2739 1525 2779 Apuleius,
1554 2749 1583 2779 p.
1613 2743 1687 2771 502.

957 2794 1128 2823 desuescere
1144 2803 1251 2823 vocem.
1296 2792 1524 2823 Bmumus.

958 2843 1010 2873 Sic
1034 2843 1088 2873 alii
1108 2849 1219 2875 autem
1245 2842 1281 2873 in
1304 2844 1445 2884 cognatis
1469 2843 1598 2874 vocibus
1621 2853 1688 2875 non

956 2903 1034 2926 raro,

999 2958 1075 2989 Ver.
1091 2961 1164 2991 597,
1177 2960 1289 2991 telum:
1309 2957 1351 2990 V.
1366 2957 1414 2990 ed.
1433 2957 1473 2991 O.
1487 2959 1592 2990 coelum
1600 2971 1612 2995 ;
1629 2956 1649 2988 i.
1662 2966 1687 2988 et
