<?xml version="1.0" encoding="UTF-8"?>
<!DOCTYPE html PUBLIC "-//W3C//DTD XHTML 1.0 Transitional//EN"
    "http://www.w3.org/TR/xhtml1/DTD/xhtml1-transitional.dtd">
<html xmlns="http://www.w3.org/1999/xhtml" xml:lang="en" lang="en">
 <head>
  <title>
</title>
<meta http-equiv="Content-Type" content="text/html;charset=utf-8" />
  <meta name='ocr-system' content='tesseract 3.04.00' />
  <meta name='ocr-capabilities' content='ocr_page ocr_carea ocr_par ocr_line ocrx_word'/>
</head>
<body>
  <div class='ocr_page' id='page_1' title='image "./tlucretiicarider03lucruoft_0232.png"; bbox 0 0 1926 3224; ppageno 0'>
   <div class='ocr_carea' id='block_1_1' title="bbox 275 201 375 241">
    <p class='ocr_par' dir='ltr' id='par_1_1' title="bbox 275 201 375 241">
     <span class='ocr_line' id='line_1_1' title="bbox 275 201 375 241; baseline 0.01 -1"><span class='ocrx_word' id='word_1_1' title='bbox 275 201 375 241; x_wconf 76' lang='lat'>210</span> 
     </span>
    </p>
   </div>
   <div class='ocr_carea' id='block_1_2' title="bbox 724 192 1308 243">
    <p class='ocr_par' dir='ltr' id='par_1_2' title="bbox 724 192 1308 243">
     <span class='ocr_line' id='line_1_2' title="bbox 724 192 1308 243; baseline 0.002 -1"><span class='ocrx_word' id='word_1_2' title='bbox 724 196 727 199; x_wconf 85' lang='grc'><strong>’</strong></span> <span class='ocrx_word' id='word_1_3' title='bbox 781 194 844 242; x_wconf 90' lang='grc' dir='ltr'>Τ.</span> <span class='ocrx_word' id='word_1_4' title='bbox 893 192 1308 243; x_wconf 86' lang='lat' dir='ltr'><strong>LUCRETII·</strong></span> 
     </span>
    </p>
   </div>
   <div class='ocr_carea' id='block_1_3' title="bbox 277 322 1530 676">
    <p class='ocr_par' dir='ltr' id='par_1_3' title="bbox 415 322 1444 527">
     <span class='ocr_line' id='line_1_3' title="bbox 415 322 1427 382; baseline -0.002 -15"><span class='ocrx_word' id='word_1_5' title='bbox 415 324 717 382; x_wconf 84' lang='lat' dir='ltr'>Anguimanos,</span> <span class='ocrx_word' id='word_1_6' title='bbox 738 322 832 363; x_wconf 88' lang='lat' dir='ltr'>belli</span> <span class='ocrx_word' id='word_1_7' title='bbox 850 322 1079 365; x_wconf 87' lang='lat' dir='ltr'>docuerunt</span> <span class='ocrx_word' id='word_1_8' title='bbox 1097 323 1264 365; x_wconf 88' lang='lat' dir='ltr'>volnera</span> <span class='ocrx_word' id='word_1_9' title='bbox 1284 323 1427 366; x_wconf 89' lang='lat' dir='ltr'>Poenei</span> 
     </span>
     <span class='ocr_line' id='line_1_4' title="bbox 418 396 1444 453; baseline -0.002 -13"><span class='ocrx_word' id='word_1_10' title='bbox 418 398 622 447; x_wconf 86' lang='lat' dir='ltr'>Subferre‚</span> <span class='ocrx_word' id='word_1_11' title='bbox 645 403 686 438; x_wconf 90' lang='lat' dir='ltr'>et</span> <span class='ocrx_word' id='word_1_12' title='bbox 704 410 875 453; x_wconf 85' lang='lat' dir='ltr'>magnas</span> <span class='ocrx_word' id='word_1_13' title='bbox 896 396 1048 438; x_wconf 85' lang='lat' dir='ltr'>Martis</span> <span class='ocrx_word' id='word_1_14' title='bbox 1065 396 1233 438; x_wconf 86' lang='lat' dir='ltr'>turbare</span> <span class='ocrx_word' id='word_1_15' title='bbox 1252 405 1444 438; x_wconf 83' lang='lat' dir='ltr'>catervas.</span> 
     </span>
     <span class='ocr_line' id='line_1_5' title="bbox 418 471 1317 527; baseline -0.001 -14"><span class='ocrx_word' id='word_1_16' title='bbox 418 473 485 514; x_wconf 90' lang='lat' dir='ltr'>Sic</span> <span class='ocrx_word' id='word_1_17' title='bbox 506 471 586 513; x_wconf 85' lang='lat' dir='ltr'>alid</span> <span class='ocrx_word' id='word_1_18' title='bbox 606 485 659 513; x_wconf 88' lang='lat' dir='ltr'>ex</span> <span class='ocrx_word' id='word_1_19' title='bbox 677 471 757 513; x_wconf 83' lang='lat' dir='ltr'>alio</span> <span class='ocrx_word' id='word_1_20' title='bbox 775 472 934 527; x_wconf 85' lang='lat' dir='ltr'>peperit</span> <span class='ocrx_word' id='word_1_21' title='bbox 953 471 1158 513; x_wconf 85' lang='lat' dir='ltr'><strong>discordia</strong></span> <span class='ocrx_word' id='word_1_22' title='bbox 1177 471 1317 522; x_wconf 85' lang='lat' dir='ltr'>tristis,</span> 
     </span>
    </p>

    <p class='ocr_par' dir='ltr' id='par_1_4' title="bbox 277 544 1530 676">
     <span class='ocr_line' id='line_1_6' title="bbox 277 544 1530 603; baseline -0.001 -17"><span class='ocrx_word' id='word_1_23' title='bbox 277 550 383 586; x_wconf 80' lang='lat'>1305</span> <span class='ocrx_word' id='word_1_24' title='bbox 416 545 633 587; x_wconf 88' lang='lat' dir='ltr'>Horribile</span> <span class='ocrx_word' id='word_1_25' title='bbox 651 545 842 587; x_wconf 88' lang='lat' dir='ltr'>humanis</span> <span class='ocrx_word' id='word_1_26' title='bbox 861 545 973 601; x_wconf 89' lang='lat' dir='ltr'>quod</span> <span class='ocrx_word' id='word_1_27' title='bbox 992 546 1182 603; x_wconf 85' lang='lat' dir='ltr'>gentibus</span> <span class='ocrx_word' id='word_1_28' title='bbox 1203 553 1306 587; x_wconf 89' lang='lat' dir='ltr'>esset</span> <span class='ocrx_word' id='word_1_29' title='bbox 1324 545 1369 586; x_wconf 91' lang='lat' dir='ltr'>in</span> <span class='ocrx_word' id='word_1_30' title='bbox 1388 544 1530 594; x_wconf 80' lang='lat' dir='ltr'>armis3</span> 
     </span>
     <span class='ocr_line' id='line_1_7' title="bbox 416 619 1401 676; baseline -0.001 -16"><span class='ocrx_word' id='word_1_31' title='bbox 416 619 548 675; x_wconf 89' lang='lat' dir='ltr'>Inque</span> <span class='ocrx_word' id='word_1_32' title='bbox 567 619 653 660; x_wconf 89' lang='lat' dir='ltr'>dies</span> <span class='ocrx_word' id='word_1_33' title='bbox 673 619 768 661; x_wconf 89' lang='lat' dir='ltr'>belli</span> <span class='ocrx_word' id='word_1_34' title='bbox 787 620 1013 662; x_wconf 85' lang='lat' dir='ltr'>terroribus</span> <span class='ocrx_word' id='word_1_35' title='bbox 1032 619 1192 661; x_wconf 84' lang='lat' dir='ltr'>addidit</span> <span class='ocrx_word' id='word_1_36' title='bbox 1211 634 1401 676; x_wconf 85' lang='lat' dir='ltr'><strong>augmen.</strong></span> 
     </span>
    </p>
   </div>
   <div class='ocr_carea' id='block_1_4' title="bbox 415 693 1500 823">
    <p class='ocr_par' dir='ltr' id='par_1_5' title="bbox 415 693 1500 823">
     <span class='ocr_line' id='line_1_8' title="bbox 475 693 1389 743; baseline -0.001 -9"><span class='ocrx_word' id='word_1_37' title='bbox 475 693 710 735; x_wconf 86' lang='lat' dir='ltr'>Tentarunt</span> <span class='ocrx_word' id='word_1_38' title='bbox 729 694 852 735; x_wconf 87' lang='lat' dir='ltr'>etiam</span> <span class='ocrx_word' id='word_1_39' title='bbox 871 702 1010 735; x_wconf 79' lang='lat' dir='ltr'>tauros</span> <span class='ocrx_word' id='word_1_40' title='bbox 1029 694 1073 735; x_wconf 93' lang='lat' dir='ltr'>in</span> <span class='ocrx_word' id='word_1_41' title='bbox 1092 708 1262 735; x_wconf 89' lang='lat' dir='ltr'>munere</span> <span class='ocrx_word' id='word_1_42' title='bbox 1281 693 1389 743; x_wconf 88' lang='lat' dir='ltr'>belli,</span> 
     </span>
     <span class='ocr_line' id='line_1_9' title="bbox 415 766 1500 823; baseline -0.001 -15"><span class='ocrx_word' id='word_1_43' title='bbox 415 767 695 823; x_wconf 88' lang='lat' dir='ltr'>Experteique</span> <span class='ocrx_word' id='word_1_44' title='bbox 715 781 804 808; x_wconf 87' lang='lat' dir='ltr'>sues</span> <span class='ocrx_word' id='word_1_45' title='bbox 824 781 951 809; x_wconf 88' lang='lat' dir='ltr'>saevos</span> <span class='ocrx_word' id='word_1_46' title='bbox 972 776 1066 809; x_wconf 85' lang='lat' dir='ltr'>sunt</span> <span class='ocrx_word' id='word_1_47' title='bbox 1085 768 1246 808; x_wconf 88' lang='lat' dir='ltr'>mittere</span> <span class='ocrx_word' id='word_1_48' title='bbox 1265 767 1310 807; x_wconf 92' lang='lat' dir='ltr'>in</span> <span class='ocrx_word' id='word_1_49' title='bbox 1327 766 1480 808; x_wconf 86' lang='lat' dir='ltr'>hosteis</span> <span class='ocrx_word' id='word_1_50' title='bbox 1487 784 1500 817; x_wconf 84' lang='lat'><em>3</em></span> 
     </span>
    </p>
   </div>
   <div class='ocr_carea' id='block_1_5' title="bbox 264 920 994 1316">
    <p class='ocr_par' dir='ltr' id='par_1_6' title="bbox 264 920 994 1316">
     <span class='ocr_line' id='line_1_10' title="bbox 270 920 994 960; baseline 0 -8"><span class='ocrx_word' id='word_1_51' title='bbox 270 925 376 952; x_wconf 78' lang='lat' dir='ltr'>autem</span> <span class='ocrx_word' id='word_1_52' title='bbox 390 921 508 952; x_wconf 78' lang='lat' dir='ltr'>bovibus</span> <span class='ocrx_word' id='word_1_53' title='bbox 523 920 630 951; x_wconf 88' lang='lat' dir='ltr'>omnia</span> <span class='ocrx_word' id='word_1_54' title='bbox 643 921 771 960; x_wconf 77' lang='lat' dir='ltr'>protrita</span> <span class='ocrx_word' id='word_1_55' title='bbox 784 927 858 952; x_wconf 86' lang='lat' dir='ltr'>sunt</span> <span class='ocrx_word' id='word_1_56' title='bbox 876 932 912 952; x_wconf 87' lang='lat' dir='ltr'>ac</span> <span class='ocrx_word' id='word_1_57' title='bbox 926 922 994 953; x_wconf 87' lang='lat' dir='ltr'>vul-</span> 
     </span>
     <span class='ocr_line' id='line_1_11' title="bbox 269 972 994 1014; baseline 0.001 -11"><span class='ocrx_word' id='word_1_58' title='bbox 269 978 356 1013; x_wconf 85' lang='lat' dir='ltr'>gata:</span> <span class='ocrx_word' id='word_1_59' title='bbox 375 972 446 1003; x_wconf 83' lang='lat' dir='ltr'>vide</span> <span class='ocrx_word' id='word_1_60' title='bbox 462 972 583 1004; x_wconf 89' lang='lat' dir='ltr'>Hessel.</span> <span class='ocrx_word' id='word_1_61' title='bbox 599 972 639 1003; x_wconf 86' lang='lat' dir='ltr'>ad</span> <span class='ocrx_word' id='word_1_62' title='bbox 655 973 737 1003; x_wconf 91' lang='lat' dir='ltr'>Enn.</span> <span class='ocrx_word' id='word_1_63' title='bbox 753 973 864 1014; x_wconf 83' lang='lat' dir='ltr'>fragm.</span> <span class='ocrx_word' id='word_1_64' title='bbox 879 984 908 1013; x_wconf 89' lang='lat' dir='ltr'>p.</span> <span class='ocrx_word' id='word_1_65' title='bbox 922 977 994 1005; x_wconf 81' lang='lat'>505.</span> 
     </span>
     <span class='ocr_line' id='line_1_12' title="bbox 271 1024 994 1065; baseline 0.001 -11"><span class='ocrx_word' id='word_1_66' title='bbox 271 1024 380 1055; x_wconf 84' lang='lat' dir='ltr'>Senec.</span> <span class='ocrx_word' id='word_1_67' title='bbox 397 1024 526 1064; x_wconf 89' lang='lat' dir='ltr'>Hippol.</span> <span class='ocrx_word' id='word_1_68' title='bbox 541 1027 614 1055; x_wconf 85' lang='grc'><strong>552.</strong></span> <span class='ocrx_word' id='word_1_69' title='bbox 637 1024 746 1055; x_wconf 86' lang='lat' dir='ltr'>Isidor.</span> <span class='ocrx_word' id='word_1_70' title='bbox 769 1025 868 1065; x_wconf 82' lang='lat' dir='ltr'>origg.</span> <span class='ocrx_word' id='word_1_71' title='bbox 890 1025 942 1056; x_wconf 84' lang='lat' dir='ltr'>xii.</span> <span class='ocrx_word' id='word_1_72' title='bbox 967 1029 994 1055; x_wconf 91' lang='grc'>2.</span> 
     </span>
     <span class='ocr_line' id='line_1_13' title="bbox 269 1074 994 1114; baseline 0.001 -9"><span class='ocrx_word' id='word_1_73' title='bbox 269 1074 355 1106; x_wconf 87' lang='lat' dir='ltr'>Plin.</span> <span class='ocrx_word' id='word_1_74' title='bbox 371 1081 434 1106; x_wconf 85' lang='lat' dir='ltr'>nat.</span> <span class='ocrx_word' id='word_1_75' title='bbox 452 1075 522 1105; x_wconf 82' lang='lat' dir='ltr'>hist.</span> <span class='ocrx_word' id='word_1_76' title='bbox 536 1075 598 1105; x_wconf 86' lang='lat' dir='ltr'>viii.</span> <span class='ocrx_word' id='word_1_77' title='bbox 622 1079 650 1106; x_wconf 90' lang='lat'>6.</span> <span class='ocrx_word' id='word_1_78' title='bbox 673 1075 854 1114; x_wconf 83' lang='lat' dir='ltr'>interpretes</span> <span class='ocrx_word' id='word_1_79' title='bbox 874 1076 914 1106; x_wconf 92' lang='lat' dir='ltr'>ad</span> <span class='ocrx_word' id='word_1_80' title='bbox 929 1076 994 1106; x_wconf 87' lang='lat' dir='ltr'>Ve-</span> 
     </span>
     <span class='ocr_line' id='line_1_14' title="bbox 268 1125 994 1165; baseline 0 -9"><span class='ocrx_word' id='word_1_81' title='bbox 268 1132 331 1165; x_wconf 79' lang='lat' dir='ltr'>get.</span> <span class='ocrx_word' id='word_1_82' title='bbox 346 1126 385 1156; x_wconf 92' lang='lat' dir='ltr'>de</span> <span class='ocrx_word' id='word_1_83' title='bbox 405 1137 439 1156; x_wconf 87' lang='lat' dir='ltr'>re</span> <span class='ocrx_word' id='word_1_84' title='bbox 453 1126 545 1156; x_wconf 84' lang='lat' dir='ltr'>m1lit.</span> <span class='ocrx_word' id='word_1_85' title='bbox 568 1125 612 1156; x_wconf 82' lang='lat' dir='ltr'>iii.</span> <span class='ocrx_word' id='word_1_86' title='bbox 643 1129 692 1156; x_wconf 85' lang='grc'>24.</span> <span class='ocrx_word' id='word_1_87' title='bbox 717 1125 813 1156; x_wconf 91' lang='lat' dir='ltr'>Solin.</span> <span class='ocrx_word' id='word_1_88' title='bbox 837 1136 903 1165; x_wconf 89' lang='lat' dir='ltr'>cap.</span> <span class='ocrx_word' id='word_1_89' title='bbox 926 1136 994 1156; x_wconf 85' lang='lat' dir='ltr'>xxv.</span> 
     </span>
     <span class='ocr_line' id='line_1_15' title="bbox 268 1176 994 1207; baseline -0.001 0"><span class='ocrx_word' id='word_1_90' title='bbox 268 1177 322 1207; x_wconf 84' lang='lat' dir='ltr'>fin.</span> <span class='ocrx_word' id='word_1_91' title='bbox 367 1177 436 1207; x_wconf 90' lang='lat' dir='ltr'>Nec</span> <span class='ocrx_word' id='word_1_92' title='bbox 461 1176 602 1207; x_wconf 83' lang='lat' dir='ltr'>Lucilius</span> <span class='ocrx_word' id='word_1_93' title='bbox 625 1177 704 1206; x_wconf 90' lang='lat' dir='ltr'>mihi</span> <span class='ocrx_word' id='word_1_94' title='bbox 731 1177 853 1207; x_wconf 83' lang='lat' dir='ltr'>videtur</span> <span class='ocrx_word' id='word_1_95' title='bbox 876 1177 915 1207; x_wconf 86' lang='lat' dir='ltr'>de</span> <span class='ocrx_word' id='word_1_96' title='bbox 936 1178 994 1207; x_wconf 85' lang='lat' dir='ltr'>ele-</span> 
     </span>
     <span class='ocr_line' id='line_1_16' title="bbox 264 1226 993 1268; baseline -0.005 -8"><span class='ocrx_word' id='word_1_97' title='bbox 264 1230 392 1268; x_wconf 75' lang='lat' dir='ltr'>phantis</span> <span class='ocrx_word' id='word_1_98' title='bbox 407 1239 470 1259; x_wconf 91' lang='lat' dir='ltr'>non</span> <span class='ocrx_word' id='word_1_99' title='bbox 486 1234 568 1258; x_wconf 86' lang='lat' dir='ltr'>recte</span> <span class='ocrx_word' id='word_1_100' title='bbox 584 1227 764 1267; x_wconf 89' lang='lat' dir='ltr'>capiendus,</span> <span class='ocrx_word' id='word_1_101' title='bbox 786 1227 870 1267; x_wconf 89' lang='lat' dir='ltr'>apud</span> <span class='ocrx_word' id='word_1_102' title='bbox 893 1226 993 1257; x_wconf 93' lang='lat' dir='ltr'>Noni-</span> 
     </span>
     <span class='ocr_line' id='line_1_17' title="bbox 269 1280 487 1316; baseline -0.005 -6"><span class='ocrx_word' id='word_1_103' title='bbox 269 1289 337 1316; x_wconf 89' lang='lat' dir='ltr'>um,</span> <span class='ocrx_word' id='word_1_104' title='bbox 361 1280 399 1310; x_wconf 83' lang='lat' dir='ltr'>iv.</span> <span class='ocrx_word' id='word_1_105' title='bbox 415 1282 487 1311; x_wconf 80' lang='grc'><strong>549.</strong></span> 
     </span>
    </p>
   </div>
   <div class='ocr_carea' id='block_1_6' title="bbox 298 1349 938 1423">
    <p class='ocr_par' dir='ltr' id='par_1_7' title="bbox 298 1349 938 1423">
     <span class='ocr_line' id='line_1_18' title="bbox 299 1349 938 1384; baseline -0.008 -6"><span class='ocrx_word' id='word_1_106' title='bbox 299 1354 388 1384; x_wconf 79' lang='lat' dir='ltr'>Quem</span> <span class='ocrx_word' id='word_1_107' title='bbox 402 1358 489 1383; x_wconf 86' lang='lat' dir='ltr'>neque</span> <span class='ocrx_word' id='word_1_108' title='bbox 499 1351 608 1376; x_wconf 74' lang='lat' dir='ltr'>Lucanis</span> <span class='ocrx_word' id='word_1_109' title='bbox 619 1350 723 1375; x_wconf 86' lang='lat' dir='ltr'>oriundi</span> <span class='ocrx_word' id='word_1_110' title='bbox 735 1349 856 1374; x_wconf 74' lang='lat' dir='ltr'>montibus</span> <span class='ocrx_word' id='word_1_111' title='bbox 868 1349 938 1374; x_wconf 76' lang='lat' dir='ltr'>tauri</span> 
     </span>
     <span class='ocr_line' id='line_1_19' title="bbox 298 1388 912 1423; baseline -0.005 -7"><span class='ocrx_word' id='word_1_112' title='bbox 298 1392 404 1416; x_wconf 86' lang='lat' dir='ltr'><strong>Ducere</strong></span> <span class='ocrx_word' id='word_1_113' title='bbox 415 1390 520 1423; x_wconf 83' lang='lat' dir='ltr'>protelo</span> <span class='ocrx_word' id='word_1_114' title='bbox 531 1389 631 1414; x_wconf 78' lang='lat' dir='ltr'>validis</span> <span class='ocrx_word' id='word_1_115' title='bbox 642 1388 785 1413; x_wconf 67' lang='lat' dir='ltr'>cervicibus</span> <span class='ocrx_word' id='word_1_116' title='bbox 797 1392 912 1420; x_wconf 79' lang='lat' dir='ltr'>possent.</span> 
     </span>
    </p>
   </div>
   <div class='ocr_carea' id='block_1_7' title="bbox 266 1464 996 1906">
    <p class='ocr_par' dir='ltr' id='par_1_8' title="bbox 266 1464 996 1812">
     <span class='ocr_line' id='line_1_20' title="bbox 269 1464 993 1503; baseline -0.003 -7"><span class='ocrx_word' id='word_1_117' title='bbox 269 1465 322 1497; x_wconf 87' lang='lat' dir='ltr'>Ex</span> <span class='ocrx_word' id='word_1_118' title='bbox 336 1465 430 1496; x_wconf 88' lang='lat' dir='ltr'>simili</span> <span class='ocrx_word' id='word_1_119' title='bbox 446 1464 564 1502; x_wconf 66' lang='lat' dir='ltr'>caussa,</span> <span class='ocrx_word' id='word_1_120' title='bbox 583 1465 795 1503; x_wconf 79' lang='lat' dir='ltr'>magnitudine</span> <span class='ocrx_word' id='word_1_121' title='bbox 810 1465 897 1494; x_wconf 84' lang='lat' dir='ltr'>boum</span> <span class='ocrx_word' id='word_1_122' title='bbox 912 1464 993 1495; x_wconf 86' lang='lat' dir='ltr'>scili-</span> 
     </span>
     <span class='ocr_line' id='line_1_21' title="bbox 270 1515 996 1555; baseline -0.001 -8"><span class='ocrx_word' id='word_1_123' title='bbox 270 1522 332 1554; x_wconf 79' lang='lat' dir='ltr'>cet,</span> <span class='ocrx_word' id='word_1_124' title='bbox 349 1522 393 1546; x_wconf 81' lang='lat' dir='ltr'>tot</span> <span class='ocrx_word' id='word_1_125' title='bbox 408 1516 588 1555; x_wconf 82' lang='lat' dir='ltr'>compositae</span> <span class='ocrx_word' id='word_1_126' title='bbox 603 1525 692 1545; x_wconf 77' lang='lat' dir='ltr'>voces</span> <span class='ocrx_word' id='word_1_127' title='bbox 713 1515 896 1545; x_wconf 85' lang='lat' dir='ltr'>Graecorum</span> <span class='ocrx_word' id='word_1_128' title='bbox 911 1525 996 1546; x_wconf 85' lang='lat' dir='ltr'>ema-</span> 
     </span>
     <span class='ocr_line' id='line_1_22' title="bbox 269 1566 996 1604; baseline -0.001 -6"><span class='ocrx_word' id='word_1_129' title='bbox 269 1577 397 1604; x_wconf 83' lang='lat' dir='ltr'>navere;</span> <span class='ocrx_word' id='word_1_130' title='bbox 421 1574 457 1598; x_wconf 87' lang='lat' dir='ltr'>ut</span> <span class='ocrx_word' id='word_1_131' title='bbox 470 1571 589 1604; x_wconf 65' lang='lat' dir='ltr'>fieus-zm,</span> <span class='ocrx_word' id='word_1_132' title='bbox 612 1570 731 1602; x_wconf 62' lang='lat' dir='ltr'>numm,</span> <span class='ocrx_word' id='word_1_133' title='bbox 749 1573 781 1596; x_wconf 90' lang='lat' dir='ltr'>et</span> <span class='ocrx_word' id='word_1_134' title='bbox 795 1566 918 1597; x_wconf 82' lang='lat' dir='ltr'>similia.</span> <span class='ocrx_word' id='word_1_135' title='bbox 943 1566 996 1597; x_wconf 87' lang='lat' dir='ltr'>Ad</span> 
     </span>
     <span class='ocr_line' id='line_1_23' title="bbox 267 1618 996 1659; baseline -0.001 -9"><span class='ocrx_word' id='word_1_136' title='bbox 267 1620 326 1650; x_wconf 81' lang='lat' dir='ltr'>has</span> <span class='ocrx_word' id='word_1_137' title='bbox 339 1626 446 1650; x_wconf 86' lang='lat' dir='ltr'>autem</span> <span class='ocrx_word' id='word_1_138' title='bbox 461 1619 688 1649; x_wconf 61' lang='lat' dir='ltr'>observationes</span> <span class='ocrx_word' id='word_1_139' title='bbox 699 1618 854 1658; x_wconf 82' lang='lat' dir='ltr'>pertinent</span> <span class='ocrx_word' id='word_1_140' title='bbox 866 1628 911 1654; x_wconf 84' lang='lat' dir='ltr'>ea,</span> <span class='ocrx_word' id='word_1_141' title='bbox 926 1629 996 1659; x_wconf 85' lang='lat' dir='ltr'>quae</span> 
     </span>
     <span class='ocr_line' id='line_1_24' title="bbox 266 1668 994 1710; baseline -0.005 -10"><span class='ocrx_word' id='word_1_142' title='bbox 266 1670 398 1710; x_wconf 83' lang='lat' dir='ltr'>protulit</span> <span class='ocrx_word' id='word_1_143' title='bbox 422 1670 607 1701; x_wconf 83' lang='lat' dir='ltr'>Eustathius</span> <span class='ocrx_word' id='word_1_144' title='bbox 638 1669 678 1700; x_wconf 91' lang='lat' dir='ltr'>de</span> <span class='ocrx_word' id='word_1_145' title='bbox 703 1668 924 1700; x_wconf 83' lang='lat' dir='ltr'>vocabulorum</span> <span class='ocrx_word' id='word_1_146' title='bbox 945 1669 994 1700; x_wconf 89' lang='lat' dir='ltr'>in.</span> 
     </span>
     <span class='ocr_line' id='line_1_25' title="bbox 269 1719 993 1759; baseline -0.003 -8"><span class='ocrx_word' id='word_1_147' title='bbox 269 1721 426 1759; x_wconf 78' lang='lat' dir='ltr'>ventione,</span> <span class='ocrx_word' id='word_1_148' title='bbox 449 1722 484 1751; x_wconf 88' lang='lat' dir='ltr'>in</span> <span class='ocrx_word' id='word_1_149' title='bbox 498 1726 666 1752; x_wconf 83' lang='lat' dir='ltr'>comment.</span> <span class='ocrx_word' id='word_1_150' title='bbox 693 1720 825 1750; x_wconf 87' lang='lat' dir='ltr'>Homer.</span> <span class='ocrx_word' id='word_1_151' title='bbox 848 1719 888 1749; x_wconf 88' lang='lat' dir='ltr'>ad</span> <span class='ocrx_word' id='word_1_152' title='bbox 905 1719 942 1750; x_wconf 89' lang='lat' dir='ltr'>Il.</span> <span class='ocrx_word' id='word_1_153' title='bbox 958 1726 993 1750; x_wconf 76' lang='lat' dir='ltr'>A.</span> 
     </span>
     <span class='ocr_line' id='line_1_26' title="bbox 267 1770 974 1812; baseline 0 -10"><span class='ocrx_word' id='word_1_154' title='bbox 267 1781 298 1811; x_wconf 85' lang='lat' dir='ltr'>p.</span> <span class='ocrx_word' id='word_1_155' title='bbox 314 1776 367 1810; x_wconf 85' lang='lat'>29,</span> <span class='ocrx_word' id='word_1_156' title='bbox 383 1775 433 1803; x_wconf 83' lang='lat'>45.</span> <span class='ocrx_word' id='word_1_157' title='bbox 448 1779 479 1802; x_wconf 89' lang='lat' dir='ltr'>et</span> <span class='ocrx_word' id='word_1_158' title='bbox 493 1782 573 1812; x_wconf 83' lang='lat' dir='ltr'>seqq.</span> <span class='ocrx_word' id='word_1_159' title='bbox 589 1771 637 1802; x_wconf 85' lang='lat' dir='ltr'>ed.</span> <span class='ocrx_word' id='word_1_160' title='bbox 654 1770 747 1802; x_wconf 87' lang='lat' dir='ltr'>Basil.</span> <span class='ocrx_word' id='word_1_161' title='bbox 763 1781 857 1811; x_wconf 89' lang='lat' dir='ltr'>quem</span> <span class='ocrx_word' id='word_1_162' title='bbox 872 1770 974 1802; x_wconf 83' lang='lat' dir='ltr'>adeas.</span> 
     </span>
    </p>

    <p class='ocr_par' dir='ltr' id='par_1_9' title="bbox 272 1821 993 1906">
     <span class='ocr_line' id='line_1_27' title="bbox 313 1821 993 1862; baseline 0 -9"><span class='ocrx_word' id='word_1_163' title='bbox 313 1823 394 1853; x_wconf 90' lang='lat' dir='ltr'>Ibid.</span> <span class='ocrx_word' id='word_1_164' title='bbox 417 1825 527 1854; x_wconf 71' lang='lat' dir='ltr'>turrito</span> <span class='ocrx_word' id='word_1_165' title='bbox 543 1833 674 1862; x_wconf 79' lang='lat' dir='ltr'>corpore.</span> <span class='ocrx_word' id='word_1_166' title='bbox 713 1821 820 1860; x_wconf 83' lang='lat' dir='ltr'>Silius,</span> <span class='ocrx_word' id='word_1_167' title='bbox 844 1822 927 1853; x_wconf 84' lang='lat' dir='ltr'>Pun.</span> <span class='ocrx_word' id='word_1_168' title='bbox 954 1822 993 1853; x_wconf 88' lang='lat' dir='ltr'>iv.</span> 
     </span>
     <span class='ocr_line' id='line_1_28' title="bbox 272 1877 345 1906; baseline -0.041 0"><span class='ocrx_word' id='word_1_169' title='bbox 272 1877 345 1906; x_wconf 91' lang='grc'><strong>601.</strong></span> 
     </span>
    </p>
   </div>
   <div class='ocr_carea' id='block_1_8' title="bbox 330 1939 892 1973">
    <p class='ocr_par' dir='ltr' id='par_1_10' title="bbox 330 1939 892 1973">
     <span class='ocr_line' id='line_1_29' title="bbox 330 1939 892 1973; baseline 0 -9"><span class='ocrx_word' id='word_1_170' title='bbox 330 1941 374 1965; x_wconf 85' lang='lat' dir='ltr'>Vis</span> <span class='ocrx_word' id='word_1_171' title='bbox 384 1940 580 1973; x_wconf 78' lang='lat' dir='ltr'>elephantorum,</span> <span class='ocrx_word' id='word_1_172' title='bbox 590 1940 682 1965; x_wconf 78' lang='lat' dir='ltr'>turrito</span> <span class='ocrx_word' id='word_1_173' title='bbox 693 1939 801 1965; x_wconf 85' lang='lat' dir='ltr'>concita</span> <span class='ocrx_word' id='word_1_174' title='bbox 811 1940 892 1965; x_wconf 84' lang='lat' dir='ltr'>dorso.</span> 
     </span>
    </p>
   </div>
   <div class='ocr_carea' id='block_1_9' title="bbox 265 2003 998 2914">
    <p class='ocr_par' dir='ltr' id='par_1_11' title="bbox 265 2003 998 2752">
     <span class='ocr_line' id='line_1_30' title="bbox 312 2003 995 2043; baseline -0.001 -9"><span class='ocrx_word' id='word_1_175' title='bbox 312 2003 395 2034; x_wconf 84' lang='lat' dir='ltr'>Ibid.</span> <span class='ocrx_word' id='word_1_176' title='bbox 418 2010 526 2035; x_wconf 80' lang='lat' dir='ltr'>eetros:</span> <span class='ocrx_word' id='word_1_177' title='bbox 552 2003 715 2042; x_wconf 84' lang='lat' dir='ltr'>interpres,</span> <span class='ocrx_word' id='word_1_178' title='bbox 730 2005 906 2039; x_wconf 78' lang='lat' dir='ltr'>korrendos;</span> <span class='ocrx_word' id='word_1_179' title='bbox 926 2014 995 2043; x_wconf 88' lang='lat' dir='ltr'>per-</span> 
     </span>
     <span class='ocr_line' id='line_1_31' title="bbox 269 2054 996 2094; baseline 0.001 -10"><span class='ocrx_word' id='word_1_180' title='bbox 269 2064 391 2094; x_wconf 85' lang='lat' dir='ltr'>peram:</span> <span class='ocrx_word' id='word_1_181' title='bbox 417 2055 495 2092; x_wconf 89' lang='lat' dir='ltr'>imo,</span> <span class='ocrx_word' id='word_1_182' title='bbox 519 2058 543 2073; x_wconf 83' lang='lat'>“</span> <span class='ocrx_word' id='word_1_183' title='bbox 559 2054 638 2084; x_wconf 91' lang='lat' dir='ltr'>cutis</span> <span class='ocrx_word' id='word_1_184' title='bbox 653 2054 755 2084; x_wconf 88' lang='lat' dir='ltr'>colore</span> <span class='ocrx_word' id='word_1_185' title='bbox 777 2055 996 2093; x_wconf 79' lang='lat' dir='ltr'>nigricantes.”</span> 
     </span>
     <span class='ocr_line' id='line_1_32' title="bbox 269 2104 994 2144; baseline -0.001 -8"><span class='ocrx_word' id='word_1_186' title='bbox 269 2105 442 2143; x_wconf 86' lang='lat' dir='ltr'>Arnobius,</span> <span class='ocrx_word' id='word_1_187' title='bbox 465 2104 517 2135; x_wconf 89' lang='lat' dir='ltr'>lib.</span> <span class='ocrx_word' id='word_1_188' title='bbox 540 2105 571 2135; x_wconf 88' lang='lat' dir='ltr'>ii.</span> <span class='ocrx_word' id='word_1_189' title='bbox 594 2115 622 2144; x_wconf 88' lang='lat' dir='ltr'>p.</span> <span class='ocrx_word' id='word_1_190' title='bbox 647 2107 765 2135; x_wconf 87' lang='grc'><strong>52.-“</strong></span> <span class='ocrx_word' id='word_1_191' title='bbox 781 2104 912 2135; x_wconf 84' lang='lat' dir='ltr'>flumina</span> <span class='ocrx_word' id='word_1_192' title='bbox 930 2111 994 2135; x_wconf 88' lang='lat' dir='ltr'>tor-</span> 
     </span>
     <span class='ocr_line' id='line_1_33' title="bbox 268 2155 997 2196; baseline 0 -10"><span class='ocrx_word' id='word_1_193' title='bbox 268 2159 292 2174; x_wconf 86' lang='lat'><strong>“</strong></span> <span class='ocrx_word' id='word_1_194' title='bbox 307 2156 407 2187; x_wconf 84' lang='lat' dir='ltr'>rentia</span> <span class='ocrx_word' id='word_1_195' title='bbox 438 2155 638 2186; x_wconf 87' lang='lat' dir='ltr'>flammarum</span> <span class='ocrx_word' id='word_1_196' title='bbox 667 2155 779 2196; x_wconf 86' lang='lat' dir='ltr'>globis,</span> <span class='ocrx_word' id='word_1_197' title='bbox 811 2161 842 2186; x_wconf 90' lang='lat' dir='ltr'>et</span> <span class='ocrx_word' id='word_1_198' title='bbox 867 2156 997 2186; x_wconf 85' lang='lat' dir='ltr'>coenosis</span> 
     </span>
     <span class='ocr_line' id='line_1_34' title="bbox 269 2207 995 2249; baseline 0 -12"><span class='ocrx_word' id='word_1_199' title='bbox 269 2210 292 2227; x_wconf 88' lang='lat'><strong>“</strong></span> <span class='ocrx_word' id='word_1_200' title='bbox 307 2208 509 2249; x_wconf 81' lang='lat' dir='ltr'>voraginibus</span> <span class='ocrx_word' id='word_1_201' title='bbox 535 2207 651 2238; x_wconf 80' lang='lat' dir='ltr'>tetra:‘&#39;</span> <span class='ocrx_word' id='word_1_202' title='bbox 674 2207 838 2238; x_wconf 84' lang='lat' dir='ltr'>aemulatus</span> <span class='ocrx_word' id='word_1_203' title='bbox 865 2207 995 2248; x_wconf 84' lang='lat' dir='ltr'>Virgili-</span> 
     </span>
     <span class='ocr_line' id='line_1_35' title="bbox 268 2259 998 2300; baseline -0.001 -10"><span class='ocrx_word' id='word_1_204' title='bbox 268 2270 335 2298; x_wconf 90' lang='lat' dir='ltr'>um,</span> <span class='ocrx_word' id='word_1_205' title='bbox 361 2259 401 2290; x_wconf 87' lang='lat' dir='ltr'>ad</span> <span class='ocrx_word' id='word_1_206' title='bbox 420 2259 495 2290; x_wconf 86' lang='lat' dir='ltr'>AEn.</span> <span class='ocrx_word' id='word_1_207' title='bbox 511 2259 552 2290; x_wconf 86' lang='lat' dir='ltr'>ix.</span> <span class='ocrx_word' id='word_1_208' title='bbox 576 2262 646 2290; x_wconf 81' lang='grc'><strong>103.</strong></span> <span class='ocrx_word' id='word_1_209' title='bbox 668 2269 763 2300; x_wconf 89' lang='lat' dir='ltr'>quem</span> <span class='ocrx_word' id='word_1_210' title='bbox 785 2259 946 2297; x_wconf 88' lang='lat' dir='ltr'>consulas;</span> <span class='ocrx_word' id='word_1_211' title='bbox 967 2266 998 2290; x_wconf 85' lang='lat' dir='ltr'>et</span> 
     </span>
     <span class='ocr_line' id='line_1_36' title="bbox 268 2310 998 2348; baseline 0.001 -8"><span class='ocrx_word' id='word_1_212' title='bbox 268 2317 421 2348; x_wconf 88' lang='lat' dir='ltr'>nostrum,</span> <span class='ocrx_word' id='word_1_213' title='bbox 445 2311 483 2341; x_wconf 78' lang='lat' dir='ltr'>iv,</span> <span class='ocrx_word' id='word_1_214' title='bbox 501 2314 571 2342; x_wconf 82' lang='lat'>173.</span> <span class='ocrx_word' id='word_1_215' title='bbox 604 2310 655 2340; x_wconf 83' lang='lat' dir='ltr'>Ita</span> <span class='ocrx_word' id='word_1_216' title='bbox 682 2310 784 2345; x_wconf 84' lang='lat' dir='ltr'>Silius,</span> <span class='ocrx_word' id='word_1_217' title='bbox 807 2311 846 2340; x_wconf 86' lang='lat' dir='ltr'>iv.</span> <span class='ocrx_word' id='word_1_218' title='bbox 873 2314 945 2341; x_wconf 85' lang='grc'><strong>620.</strong></span> <span class='ocrx_word' id='word_1_219' title='bbox 968 2317 998 2341; x_wconf 91' lang='lat' dir='ltr'>et</span> 
     </span>
     <span class='ocr_line' id='line_1_37' title="bbox 268 2360 996 2401; baseline 0 -9"><span class='ocrx_word' id='word_1_220' title='bbox 268 2362 341 2392; x_wconf 85' lang='lat' dir='ltr'>alibi</span> <span class='ocrx_word' id='word_1_221' title='bbox 368 2371 598 2401; x_wconf 83' lang='lat' dir='ltr'>saepenumero:</span> <span class='ocrx_word' id='word_1_222' title='bbox 632 2361 744 2391; x_wconf 87' lang='lat' dir='ltr'>Horat.</span> <span class='ocrx_word' id='word_1_223' title='bbox 773 2360 862 2400; x_wconf 86' lang='lat' dir='ltr'>epod.</span> <span class='ocrx_word' id='word_1_224' title='bbox 887 2362 939 2391; x_wconf 83' lang='lat' dir='ltr'>xii.</span> <span class='ocrx_word' id='word_1_225' title='bbox 968 2365 996 2392; x_wconf 89' lang='lat'>1.</span> 
     </span>
     <span class='ocr_line' id='line_1_38' title="bbox 268 2411 998 2453; baseline 0 -10"><span class='ocrx_word' id='word_1_226' title='bbox 268 2415 292 2431; x_wconf 89' lang='lat'><strong>“</strong></span> <span class='ocrx_word' id='word_1_227' title='bbox 308 2415 407 2453; x_wconf 79' lang='lat' dir='ltr'>nigris</span> <span class='ocrx_word' id='word_1_228' title='bbox 421 2413 561 2450; x_wconf 84' lang='lat' dir='ltr'>barris;&#39;’</span> <span class='ocrx_word' id='word_1_229' title='bbox 583 2412 689 2443; x_wconf 86' lang='lat' dir='ltr'>Sidon.</span> <span class='ocrx_word' id='word_1_230' title='bbox 707 2411 812 2451; x_wconf 86' lang='lat' dir='ltr'>Apoll.</span> <span class='ocrx_word' id='word_1_231' title='bbox 828 2412 859 2442; x_wconf 88' lang='lat' dir='ltr'>ii.</span> <span class='ocrx_word' id='word_1_232' title='bbox 874 2415 948 2443; x_wconf 82' lang='lat'>575.</span> <span class='ocrx_word' id='word_1_233' title='bbox 965 2418 998 2443; x_wconf 87' lang='lat' dir='ltr'>et</span> 
     </span>
     <span class='ocr_line' id='line_1_39' title="bbox 267 2464 996 2504; baseline 0 -10"><span class='ocrx_word' id='word_1_234' title='bbox 267 2464 341 2494; x_wconf 82' lang='lat' dir='ltr'>xxii.</span> <span class='ocrx_word' id='word_1_235' title='bbox 357 2468 406 2496; x_wconf 89' lang='lat'>58.</span> <span class='ocrx_word' id='word_1_236' title='bbox 424 2468 446 2483; x_wconf 84' lang='lat'><strong>“</strong></span> <span class='ocrx_word' id='word_1_237' title='bbox 456 2467 614 2504; x_wconf 78' lang='lat' dir='ltr'>nigrantes</span> <span class='ocrx_word' id='word_1_238' title='bbox 626 2464 820 2503; x_wconf 88' lang='lat' dir='ltr'>elephanti;”</span> <span class='ocrx_word' id='word_1_239' title='bbox 839 2471 876 2494; x_wconf 88' lang='lat' dir='ltr'>ut</span> <span class='ocrx_word' id='word_1_240' title='bbox 887 2464 996 2495; x_wconf 87' lang='lat' dir='ltr'>Claud.</span> 
     </span>
     <span class='ocr_line' id='line_1_40' title="bbox 268 2513 994 2547; baseline 0.001 -2"><span class='ocrx_word' id='word_1_241' title='bbox 268 2513 308 2545; x_wconf 88' lang='lat' dir='ltr'>de</span> <span class='ocrx_word' id='word_1_242' title='bbox 323 2525 406 2546; x_wconf 88' lang='lat' dir='ltr'>cons.</span> <span class='ocrx_word' id='word_1_243' title='bbox 425 2515 491 2545; x_wconf 80' lang='lat' dir='ltr'>Stil.</span> <span class='ocrx_word' id='word_1_244' title='bbox 507 2515 550 2545; x_wconf 90' lang='lat' dir='ltr'>iii.</span> <span class='ocrx_word' id='word_1_245' title='bbox 565 2519 640 2547; x_wconf 82' lang='lat'>551.</span> <span class='ocrx_word' id='word_1_246' title='bbox 666 2515 804 2545; x_wconf 83' lang='lat' dir='ltr'>Martial.</span> <span class='ocrx_word' id='word_1_247' title='bbox 821 2516 840 2546; x_wconf 88' lang='lat' dir='ltr'>i.</span> <span class='ocrx_word' id='word_1_248' title='bbox 859 2519 927 2547; x_wconf 92' lang='lat'>105.</span> <span class='ocrx_word' id='word_1_249' title='bbox 947 2519 994 2546; x_wconf 89' lang='lat'>10.</span> 
     </span>
     <span class='ocr_line' id='line_1_41' title="bbox 268 2565 993 2602; baseline 0.001 -6"><span class='ocrx_word' id='word_1_250' title='bbox 268 2565 307 2595; x_wconf 85' lang='lat' dir='ltr'>vi.</span> <span class='ocrx_word' id='word_1_251' title='bbox 325 2568 374 2597; x_wconf 90' lang='grc'>77.</span> <span class='ocrx_word' id='word_1_252' title='bbox 389 2569 419 2596; x_wconf 89' lang='grc'>8.</span> <span class='ocrx_word' id='word_1_253' title='bbox 441 2566 572 2597; x_wconf 90' lang='lat' dir='ltr'>Lucian.</span> <span class='ocrx_word' id='word_1_254' title='bbox 597 2567 720 2602; x_wconf 81' lang='lat' dir='ltr'>Zeuxis,</span> <span class='ocrx_word' id='word_1_255' title='bbox 744 2573 816 2597; x_wconf 87' lang='lat' dir='ltr'>sect.</span> <span class='ocrx_word' id='word_1_256' title='bbox 843 2570 889 2598; x_wconf 93' lang='lat'>10.</span> <span class='ocrx_word' id='word_1_257' title='bbox 913 2567 993 2597; x_wconf 89' lang='lat' dir='ltr'>Pru-</span> 
     </span>
     <span class='ocr_line' id='line_1_42' title="bbox 265 2615 995 2657; baseline 0.004 -11"><span class='ocrx_word' id='word_1_258' title='bbox 265 2615 348 2647; x_wconf 86' lang='lat' dir='ltr'>dent.</span> <span class='ocrx_word' id='word_1_259' title='bbox 379 2619 481 2657; x_wconf 85' lang='lat' dir='ltr'>apoth.</span> <span class='ocrx_word' id='word_1_260' title='bbox 510 2621 600 2649; x_wconf 92' lang='grc'><strong>1084.</strong></span> <span class='ocrx_word' id='word_1_261' title='bbox 625 2619 741 2649; x_wconf 89' lang='lat' dir='ltr'>Alcim.</span> <span class='ocrx_word' id='word_1_262' title='bbox 766 2618 850 2650; x_wconf 72' lang='lat' dir='ltr'>Avit.</span> <span class='ocrx_word' id='word_1_263' title='bbox 877 2619 897 2649; x_wconf 89' lang='lat' dir='ltr'>i.</span> <span class='ocrx_word' id='word_1_264' title='bbox 924 2622 995 2651; x_wconf 88' lang='lat'>199.</span> 
     </span>
     <span class='ocr_line' id='line_1_43' title="bbox 266 2670 994 2702; baseline 0.001 -4"><span class='ocrx_word' id='word_1_265' title='bbox 266 2670 338 2698; x_wconf 91' lang='grc'><strong>200.</strong></span> <span class='ocrx_word' id='word_1_266' title='bbox 373 2670 502 2700; x_wconf 79' lang='lat' dir='ltr'>Anthol.</span> <span class='ocrx_word' id='word_1_267' title='bbox 527 2670 595 2701; x_wconf 86' lang='lat' dir='ltr'>Lat.</span> <span class='ocrx_word' id='word_1_268' title='bbox 623 2671 732 2701; x_wconf 85' lang='lat' dir='ltr'>Burm.</span> <span class='ocrx_word' id='word_1_269' title='bbox 757 2671 776 2701; x_wconf 91' lang='lat' dir='ltr'>i.</span> <span class='ocrx_word' id='word_1_270' title='bbox 808 2674 878 2702; x_wconf 87' lang='lat'>107.</span> <span class='ocrx_word' id='word_1_271' title='bbox 908 2675 937 2701; x_wconf 84' lang='lat'>2.</span> <span class='ocrx_word' id='word_1_272' title='bbox 967 2681 994 2700; x_wconf 78' lang='lat' dir='ltr'>v.</span> 
     </span>
     <span class='ocr_line' id='line_1_44' title="bbox 270 2720 676 2752; baseline 0.012 -5"><span class='ocrx_word' id='word_1_273' title='bbox 270 2720 339 2747; x_wconf 84' lang='lat'>104.</span> <span class='ocrx_word' id='word_1_274' title='bbox 354 2723 383 2749; x_wconf 85' lang='grc'>2.</span> <span class='ocrx_word' id='word_1_275' title='bbox 400 2726 430 2750; x_wconf 90' lang='lat' dir='ltr'>et</span> <span class='ocrx_word' id='word_1_276' title='bbox 447 2720 563 2751; x_wconf 86' lang='lat' dir='ltr'>ibidem</span> <span class='ocrx_word' id='word_1_277' title='bbox 578 2727 676 2752; x_wconf 84' lang='lat' dir='ltr'>notas.</span> 
     </span>
    </p>

    <p class='ocr_par' dir='ltr' id='par_1_12' title="bbox 266 2769 995 2914">
     <span class='ocr_line' id='line_1_45' title="bbox 308 2769 993 2812; baseline 0.006 -14"><span class='ocrx_word' id='word_1_278' title='bbox 308 2769 384 2800; x_wconf 89' lang='lat' dir='ltr'>Ver.</span> <span class='ocrx_word' id='word_1_279' title='bbox 403 2775 491 2802; x_wconf 81' lang='grc'><strong>1302.</strong></span> <span class='ocrx_word' id='word_1_280' title='bbox 516 2775 748 2812; x_wconf 77' lang='lat' dir='ltr'>Angm‘manos:</span> <span class='ocrx_word' id='word_1_281' title='bbox 774 2774 809 2804; x_wconf 89' lang='lat' dir='ltr'>P.</span> <span class='ocrx_word' id='word_1_282' title='bbox 836 2772 929 2803; x_wconf 75' lang='lat' dir='ltr'>vind.</span> <span class='ocrx_word' id='word_1_283' title='bbox 955 2772 993 2802; x_wconf 72' lang='lat' dir='ltr'>V.</span> 
     </span>
     <span class='ocr_line' id='line_1_46' title="bbox 267 2819 994 2865; baseline 0.007 -15"><span class='ocrx_word' id='word_1_284' title='bbox 267 2819 315 2850; x_wconf 69' lang='lat' dir='ltr'>od.</span> <span class='ocrx_word' id='word_1_285' title='bbox 333 2821 372 2851; x_wconf 95' lang='grc' dir='ltr'>Ο.</span> <span class='ocrx_word' id='word_1_286' title='bbox 391 2828 431 2852; x_wconf 91' lang='grc' dir='ltr'><strong>Π.</strong></span> <span class='ocrx_word' id='word_1_287' title='bbox 450 2829 483 2854; x_wconf 82' lang='grc' dir='ltr'>Σ.</span> <span class='ocrx_word' id='word_1_288' title='bbox 509 2831 552 2855; x_wconf 85' lang='grc' dir='ltr'>Ω.</span> <span class='ocrx_word' id='word_1_289' title='bbox 577 2828 799 2865; x_wconf 81' lang='lat' dir='ltr'>Anguimanus</span> <span class='ocrx_word' id='word_1_290' title='bbox 813 2839 823 2855; x_wconf 90' lang='lat'>.·</span> <span class='ocrx_word' id='word_1_291' title='bbox 848 2825 928 2856; x_wconf 81' lang='lat' dir='ltr'>sorte</span> <span class='ocrx_word' id='word_1_292' title='bbox 942 2835 994 2855; x_wconf 91' lang='lat' dir='ltr'>vo-</span> 
     </span>
     <span class='ocr_line' id='line_1_47' title="bbox 266 2870 995 2914; baseline 0.01 -14"><span class='ocrx_word' id='word_1_293' title='bbox 266 2870 374 2903; x_wconf 80' lang='lat' dir='ltr'>lebant</span> <span class='ocrx_word' id='word_1_294' title='bbox 388 2875 616 2914; x_wconf 79' lang='lat' dir='ltr'>Anguimanes;</span> <span class='ocrx_word' id='word_1_295' title='bbox 641 2876 748 2907; x_wconf 58' lang='lat' dir='ltr'>redeas</span> <span class='ocrx_word' id='word_1_296' title='bbox 769 2875 810 2907; x_wconf 79' lang='lat' dir='ltr'>ad</span> <span class='ocrx_word' id='word_1_297' title='bbox 824 2876 855 2907; x_wconf 86' lang='lat' dir='ltr'>ii.</span> <span class='ocrx_word' id='word_1_298' title='bbox 871 2879 943 2908; x_wconf 84' lang='lat'>537.</span> <span class='ocrx_word' id='word_1_299' title='bbox 960 2881 995 2907; x_wconf 87' lang='grc' dir='ltr'>Δ.</span> 
     </span>
    </p>
   </div>
   <div class='ocr_carea' id='block_1_10' title="bbox 1036 921 1765 2036">
    <p class='ocr_par' dir='ltr' id='par_1_13' title="bbox 1039 921 1765 1308">
     <span class='ocr_line' id='line_1_48' title="bbox 1039 921 1761 963; baseline -0.001 -9"><span class='ocrx_word' id='word_1_300' title='bbox 1039 924 1221 963; x_wconf 77' lang='lat' dir='ltr'>Ignivomis;</span> <span class='ocrx_word' id='word_1_301' title='bbox 1247 928 1277 953; x_wconf 83' lang='lat' dir='ltr'>et</span> <span class='ocrx_word' id='word_1_302' title='bbox 1292 933 1348 961; x_wconf 89' lang='lat' dir='ltr'>pro</span> <span class='ocrx_word' id='word_1_303' title='bbox 1362 932 1423 952; x_wconf 89' lang='lat' dir='ltr'>var.</span> <span class='ocrx_word' id='word_1_304' title='bbox 1438 921 1507 952; x_wconf 81' lang='lat' dir='ltr'>lect.</span> <span class='ocrx_word' id='word_1_305' title='bbox 1519 924 1657 961; x_wconf 76' lang='lat' dir='ltr'>Ignaros.</span> <span class='ocrx_word' id='word_1_306' title='bbox 1679 922 1761 953; x_wconf 82' lang='lat' dir='ltr'>Lac·-</span> 
     </span>
     <span class='ocr_line' id='line_1_49' title="bbox 1039 973 1763 1012; baseline 0 -8"><span class='ocrx_word' id='word_1_307' title='bbox 1039 974 1165 1009; x_wconf 82' lang='lat' dir='ltr'>tantius,</span> <span class='ocrx_word' id='word_1_308' title='bbox 1188 973 1227 1004; x_wconf 93' lang='lat' dir='ltr'>de</span> <span class='ocrx_word' id='word_1_309' title='bbox 1242 974 1316 1012; x_wconf 83' lang='lat' dir='ltr'>opif.</span> <span class='ocrx_word' id='word_1_310' title='bbox 1332 974 1405 1008; x_wconf 87' lang='lat' dir='ltr'>Dei,</span> <span class='ocrx_word' id='word_1_311' title='bbox 1421 983 1486 1011; x_wconf 86' lang='lat' dir='ltr'>cap.</span> <span class='ocrx_word' id='word_1_312' title='bbox 1499 983 1526 1003; x_wconf 81' lang='lat' dir='ltr'>v.</span> <span class='ocrx_word' id='word_1_313' title='bbox 1549 977 1572 991; x_wconf 90' lang='lat'><strong>“</strong></span> <span class='ocrx_word' id='word_1_314' title='bbox 1587 973 1662 1004; x_wconf 90' lang='lat' dir='ltr'>Jam</span> <span class='ocrx_word' id='word_1_315' title='bbox 1677 974 1763 1004; x_wconf 88' lang='lat' dir='ltr'>enim</span> 
     </span>
     <span class='ocr_line' id='line_1_50' title="bbox 1039 1023 1763 1063; baseline 0.001 -9"><span class='ocrx_word' id='word_1_316' title='bbox 1039 1028 1062 1044; x_wconf 85' lang='lat'><strong>“</strong></span> <span class='ocrx_word' id='word_1_317' title='bbox 1078 1035 1199 1060; x_wconf 89' lang='lat' dir='ltr'>manus,</span> <span class='ocrx_word' id='word_1_318' title='bbox 1224 1023 1336 1054; x_wconf 75' lang='lat' dir='ltr'>amissa</span> <span class='ocrx_word' id='word_1_319' title='bbox 1365 1023 1524 1063; x_wconf 78' lang='lat' dir='ltr'>dignitate,</span> <span class='ocrx_word' id='word_1_320' title='bbox 1557 1033 1652 1063; x_wconf 83' lang='lat' dir='ltr'>quam</span> <span class='ocrx_word' id='word_1_321' title='bbox 1677 1034 1763 1055; x_wconf 89' lang='lat' dir='ltr'>nunc</span> 
     </span>
     <span class='ocr_line' id='line_1_51' title="bbox 1039 1073 1761 1112; baseline 0 -8"><span class='ocrx_word' id='word_1_322' title='bbox 1039 1078 1062 1094; x_wconf 73' lang='lat'>‘⁶</span> <span class='ocrx_word' id='word_1_323' title='bbox 1078 1076 1178 1110; x_wconf 84' lang='lat' dir='ltr'>habet,</span> <span class='ocrx_word' id='word_1_324' title='bbox 1206 1074 1380 1104; x_wconf 77' lang='lat' dir='ltr'>mobilitate</span> <span class='ocrx_word' id='word_1_325' title='bbox 1402 1073 1501 1103; x_wconf 68' lang='lat' dir='ltr'>nimia</span> <span class='ocrx_word' id='word_1_326' title='bbox 1526 1074 1697 1112; x_wconf 86' lang='lat' dir='ltr'>proboscidi</span> <span class='ocrx_word' id='word_1_327' title='bbox 1719 1074 1761 1104; x_wconf 91' lang='lat' dir='ltr'>si-</span> 
     </span>
     <span class='ocr_line' id='line_1_52' title="bbox 1040 1124 1765 1164; baseline 0.003 -10"><span class='ocrx_word' id='word_1_328' title='bbox 1040 1128 1061 1143; x_wconf 87' lang='grc'>“</span> <span class='ocrx_word' id='word_1_329' title='bbox 1076 1124 1161 1154; x_wconf 90' lang='lat' dir='ltr'>milis</span> <span class='ocrx_word' id='word_1_330' title='bbox 1189 1124 1353 1162; x_wconf 84' lang='lat' dir='ltr'>videretur,</span> <span class='ocrx_word' id='word_1_331' title='bbox 1383 1129 1522 1164; x_wconf 74' lang='lat' dir='ltr'>essetque</span> <span class='ocrx_word' id='word_1_332' title='bbox 1544 1125 1640 1155; x_wconf 89' lang='lat' dir='ltr'>homo</span> <span class='ocrx_word' id='word_1_333' title='bbox 1671 1124 1765 1164; x_wconf 73' lang='lat' dir='ltr'>plane</span> 
     </span>
     <span class='ocr_line' id='line_1_53' title="bbox 1040 1175 1764 1216; baseline 0 -10"><span class='ocrx_word' id='word_1_334' title='bbox 1040 1179 1062 1194; x_wconf 88' lang='lat'><strong>“</strong></span> <span class='ocrx_word' id='word_1_335' title='bbox 1077 1178 1301 1215; x_wconf 77' lang='lat' dir='ltr'>anguimanus:</span> <span class='ocrx_word' id='word_1_336' title='bbox 1327 1176 1412 1216; x_wconf 87' lang='lat' dir='ltr'>quod</span> <span class='ocrx_word' id='word_1_337' title='bbox 1436 1186 1539 1216; x_wconf 89' lang='lat' dir='ltr'>genus</span> <span class='ocrx_word' id='word_1_338' title='bbox 1563 1176 1598 1206; x_wconf 89' lang='lat' dir='ltr'>in</span> <span class='ocrx_word' id='word_1_339' title='bbox 1625 1175 1681 1207; x_wconf 67' lang='lat' dir='ltr'>ina</span> <span class='ocrx_word' id='word_1_340' title='bbox 1703 1177 1764 1207; x_wconf 88' lang='lat' dir='ltr'>im.</span> 
     </span>
     <span class='ocr_line' id='line_1_54' title="bbox 1039 1226 1764 1260; baseline 0.006 -4"><span class='ocrx_word' id='word_1_341' title='bbox 1039 1230 1060 1245; x_wconf 88' lang='lat'><strong>“</strong></span> <span class='ocrx_word' id='word_1_342' title='bbox 1077 1226 1257 1257; x_wconf 63' lang='lat' dir='ltr'>manissima</span> <span class='ocrx_word' id='word_1_343' title='bbox 1284 1226 1378 1258; x_wconf 70' lang='lat' dir='ltr'>belua</span> <span class='ocrx_word' id='word_1_344' title='bbox 1406 1227 1591 1258; x_wconf 82' lang='lat' dir='ltr'>mirabiliter</span> <span class='ocrx_word' id='word_1_345' title='bbox 1617 1228 1764 1260; x_wconf 81' lang='lat' dir='ltr'>effectum</span> 
     </span>
     <span class='ocr_line' id='line_1_55' title="bbox 1040 1278 1154 1308; baseline 0 -11"><span class='ocrx_word' id='word_1_346' title='bbox 1040 1281 1062 1297; x_wconf 71' lang='lat' dir='ltr'>u</span> <span class='ocrx_word' id='word_1_347' title='bbox 1079 1278 1154 1308; x_wconf 56' lang='lat' dir='ltr'>est-’⁸</span> 
     </span>
    </p>

    <p class='ocr_par' dir='ltr' id='par_1_14' title="bbox 1036 1329 1763 1419">
     <span class='ocr_line' id='line_1_56' title="bbox 1079 1329 1763 1370; baseline 0.004 -11"><span class='ocrx_word' id='word_1_348' title='bbox 1079 1329 1155 1359; x_wconf 88' lang='lat' dir='ltr'>Ver.</span> <span class='ocrx_word' id='word_1_349' title='bbox 1171 1332 1261 1360; x_wconf 78' lang='lat'>1503.</span> <span class='ocrx_word' id='word_1_350' title='bbox 1270 1340 1402 1369; x_wconf 81' lang='lat' dir='ltr'>magnas</span> <span class='ocrx_word' id='word_1_351' title='bbox 1413 1335 1557 1361; x_wconf 79' lang='lat' dir='ltr'>catervas.</span> <span class='ocrx_word' id='word_1_352' title='bbox 1573 1331 1680 1370; x_wconf 82' lang='lat' dir='ltr'>Maro,</span> <span class='ocrx_word' id='word_1_353' title='bbox 1689 1331 1763 1362; x_wconf 82' lang='lat' dir='ltr'>AEn.</span> 
     </span>
     <span class='ocr_line' id='line_1_57' title="bbox 1036 1378 1423 1419; baseline 0.003 -10"><span class='ocrx_word' id='word_1_354' title='bbox 1036 1378 1056 1409; x_wconf 81' lang='lat' dir='ltr'>i.</span> <span class='ocrx_word' id='word_1_355' title='bbox 1071 1382 1143 1411; x_wconf 89' lang='grc'><strong>497.</strong></span> <span class='ocrx_word' id='word_1_356' title='bbox 1163 1379 1276 1419; x_wconf 69' lang='lat' dir='ltr'>maguti</span> <span class='ocrx_word' id='word_1_357' title='bbox 1294 1378 1423 1412; x_wconf 62' lang='lat' dir='ltr'>caterva.</span> 
     </span>
    </p>

    <p class='ocr_par' dir='ltr' id='par_1_15' title="bbox 1040 1430 1765 1567">
     <span class='ocr_line' id='line_1_58' title="bbox 1078 1430 1765 1464; baseline 0.006 -4"><span class='ocrx_word' id='word_1_358' title='bbox 1078 1430 1153 1461; x_wconf 90' lang='lat' dir='ltr'>Ver.</span> <span class='ocrx_word' id='word_1_359' title='bbox 1171 1433 1261 1461; x_wconf 78' lang='lat'>1504.</span> <span class='ocrx_word' id='word_1_360' title='bbox 1284 1433 1367 1462; x_wconf 84' lang='lat' dir='ltr'>alid.-</span> <span class='ocrx_word' id='word_1_361' title='bbox 1395 1430 1492 1461; x_wconf 89' lang='lat' dir='ltr'>vind.</span> <span class='ocrx_word' id='word_1_362' title='bbox 1516 1431 1558 1461; x_wconf 92' lang='lat' dir='ltr'>V.</span> <span class='ocrx_word' id='word_1_363' title='bbox 1583 1431 1631 1462; x_wconf 86' lang='lat' dir='ltr'>ed.</span> <span class='ocrx_word' id='word_1_364' title='bbox 1657 1437 1692 1463; x_wconf 94' lang='grc' dir='ltr'>Δ.</span> <span class='ocrx_word' id='word_1_365' title='bbox 1723 1439 1765 1464; x_wconf 89' lang='lat'>11.</span> 
     </span>
     <span class='ocr_line' id='line_1_59' title="bbox 1041 1483 1763 1525; baseline 0.004 -12"><span class='ocrx_word' id='word_1_366' title='bbox 1041 1487 1075 1514; x_wconf 82' lang='grc' dir='ltr'>Σ.</span> <span class='ocrx_word' id='word_1_367' title='bbox 1091 1485 1166 1519; x_wconf 81' lang='lat' dir='ltr'>alii‚-</span> <span class='ocrx_word' id='word_1_368' title='bbox 1188 1483 1222 1513; x_wconf 89' lang='lat' dir='ltr'>in</span> <span class='ocrx_word' id='word_1_369' title='bbox 1244 1493 1380 1523; x_wconf 90' lang='lat' dir='ltr'>quorum</span> <span class='ocrx_word' id='word_1_370' title='bbox 1395 1483 1508 1514; x_wconf 87' lang='lat' dir='ltr'>ultimo</span> <span class='ocrx_word' id='word_1_371' title='bbox 1526 1489 1634 1515; x_wconf 78' lang='lat' dir='ltr'>tamen</span> <span class='ocrx_word' id='word_1_372' title='bbox 1647 1491 1763 1525; x_wconf 82' lang='lat' dir='ltr'>postre-</span> 
     </span>
     <span class='ocr_line' id='line_1_60' title="bbox 1040 1535 1551 1567; baseline 0.004 -3"><span class='ocrx_word' id='word_1_373' title='bbox 1040 1545 1093 1565; x_wconf 82' lang='lat' dir='ltr'>ma</span> <span class='ocrx_word' id='word_1_374' title='bbox 1106 1535 1196 1565; x_wconf 87' lang='lat' dir='ltr'>litera</span> <span class='ocrx_word' id='word_1_375' title='bbox 1211 1545 1298 1566; x_wconf 83' lang='lat' dir='ltr'>erasa</span> <span class='ocrx_word' id='word_1_376' title='bbox 1312 1542 1371 1566; x_wconf 83' lang='lat' dir='ltr'>est:</span> <span class='ocrx_word' id='word_1_377' title='bbox 1400 1536 1440 1567; x_wconf 91' lang='grc' dir='ltr'>Ο.</span> <span class='ocrx_word' id='word_1_378' title='bbox 1455 1537 1551 1566; x_wconf 84' lang='lat' dir='ltr'>aliud.</span> 
     </span>
    </p>

    <p class='ocr_par' dir='ltr' id='par_1_16' title="bbox 1039 1587 1762 1679">
     <span class='ocr_line' id='line_1_61' title="bbox 1084 1587 1762 1619; baseline 0.004 -3"><span class='ocrx_word' id='word_1_379' title='bbox 1084 1588 1158 1617; x_wconf 82' lang='lat' dir='ltr'>Ver.</span> <span class='ocrx_word' id='word_1_380' title='bbox 1177 1591 1269 1618; x_wconf 80' lang='lat'>1506.</span> <span class='ocrx_word' id='word_1_381' title='bbox 1294 1589 1381 1619; x_wconf 86' lang='lat' dir='ltr'>belli:</span> <span class='ocrx_word' id='word_1_382' title='bbox 1406 1588 1503 1618; x_wconf 86' lang='lat' dir='ltr'>Vind.</span> <span class='ocrx_word' id='word_1_383' title='bbox 1526 1588 1567 1618; x_wconf 87' lang='lat' dir='ltr'>V.</span> <span class='ocrx_word' id='word_1_384' title='bbox 1583 1587 1631 1618; x_wconf 85' lang='lat' dir='ltr'>ed.</span> <span class='ocrx_word' id='word_1_385' title='bbox 1654 1587 1691 1618; x_wconf 92' lang='lat' dir='ltr'>L.</span> <span class='ocrx_word' id='word_1_386' title='bbox 1713 1588 1762 1619; x_wconf 89' lang='lat' dir='ltr'>M.</span> 
     </span>
     <span class='ocr_line' id='line_1_62' title="bbox 1039 1640 1547 1679; baseline 0.004 -11"><span class='ocrx_word' id='word_1_387' title='bbox 1039 1640 1323 1678; x_wconf 79' lang='lat' dir='ltr'>bellis.—augmen.·</span> <span class='ocrx_word' id='word_1_388' title='bbox 1350 1645 1392 1669; x_wconf 86' lang='grc' dir='ltr'>Π.</span> <span class='ocrx_word' id='word_1_389' title='bbox 1406 1650 1547 1679; x_wconf 80' lang='lat' dir='ltr'>anguem.</span> 
     </span>
    </p>

    <p class='ocr_par' dir='ltr' id='par_1_17' title="bbox 1037 1690 1765 2036">
     <span class='ocr_line' id='line_1_63' title="bbox 1079 1690 1765 1722; baseline 0.004 -3"><span class='ocrx_word' id='word_1_390' title='bbox 1079 1690 1154 1720; x_wconf 89' lang='lat' dir='ltr'>Ver.</span> <span class='ocrx_word' id='word_1_391' title='bbox 1181 1693 1272 1720; x_wconf 83' lang='lat'>1507.</span> <span class='ocrx_word' id='word_1_392' title='bbox 1294 1701 1436 1721; x_wconf 83' lang='lat' dir='ltr'>munere.-</span> <span class='ocrx_word' id='word_1_393' title='bbox 1472 1690 1516 1721; x_wconf 87' lang='lat' dir='ltr'>sic</span> <span class='ocrx_word' id='word_1_394' title='bbox 1539 1690 1576 1720; x_wconf 90' lang='lat' dir='ltr'>P.</span> <span class='ocrx_word' id='word_1_395' title='bbox 1601 1690 1698 1721; x_wconf 87' lang='lat' dir='ltr'>Vind.</span> <span class='ocrx_word' id='word_1_396' title='bbox 1723 1691 1765 1722; x_wconf 90' lang='lat' dir='ltr'>V.</span> 
     </span>
     <span class='ocr_line' id='line_1_64' title="bbox 1038 1740 1764 1782; baseline 0.001 -11"><span class='ocrx_word' id='word_1_397' title='bbox 1038 1740 1085 1771; x_wconf 87' lang='lat' dir='ltr'>ed.</span> <span class='ocrx_word' id='word_1_398' title='bbox 1113 1741 1152 1771; x_wconf 93' lang='grc' dir='ltr'>Ο.</span> <span class='ocrx_word' id='word_1_399' title='bbox 1170 1746 1204 1772; x_wconf 90' lang='grc' dir='ltr'>Δ.</span> <span class='ocrx_word' id='word_1_400' title='bbox 1222 1747 1262 1772; x_wconf 90' lang='grc' dir='ltr'>Π.</span> <span class='ocrx_word' id='word_1_401' title='bbox 1279 1746 1314 1772; x_wconf 80' lang='grc' dir='ltr'>Σ.</span> <span class='ocrx_word' id='word_1_402' title='bbox 1332 1748 1376 1772; x_wconf 80' lang='grc' dir='ltr'>Ω..</span> <span class='ocrx_word' id='word_1_403' title='bbox 1399 1741 1506 1782; x_wconf 84' lang='lat' dir='ltr'>vulgo,</span> <span class='ocrx_word' id='word_1_404' title='bbox 1530 1752 1676 1778; x_wconf 83' lang='lat' dir='ltr'>moenere,-</span> <span class='ocrx_word' id='word_1_405' title='bbox 1701 1741 1764 1778; x_wconf 83' lang='lat' dir='ltr'>sed,</span> 
     </span>
     <span class='ocr_line' id='line_1_65' title="bbox 1038 1791 1759 1830; baseline 0.001 -9"><span class='ocrx_word' id='word_1_406' title='bbox 1038 1797 1073 1821; x_wconf 90' lang='lat' dir='ltr'>ut</span> <span class='ocrx_word' id='word_1_407' title='bbox 1088 1802 1167 1830; x_wconf 84' lang='lat' dir='ltr'>reor,</span> <span class='ocrx_word' id='word_1_408' title='bbox 1191 1797 1299 1822; x_wconf 88' lang='lat' dir='ltr'>contra</span> <span class='ocrx_word' id='word_1_409' title='bbox 1314 1792 1416 1822; x_wconf 86' lang='lat' dir='ltr'>libros.</span> <span class='ocrx_word' id='word_1_410' title='bbox 1448 1791 1595 1830; x_wconf 65' lang='lat' dir='ltr'>llIallem,</span> <span class='ocrx_word' id='word_1_411' title='bbox 1617 1802 1759 1827; x_wconf 84' lang='lat' dir='ltr'>munera,-</span> 
     </span>
     <span class='ocr_line' id='line_1_66' title="bbox 1037 1841 1764 1882; baseline 0.001 -10"><span class='ocrx_word' id='word_1_412' title='bbox 1037 1841 1121 1882; x_wconf 88' lang='lat' dir='ltr'>quod</span> <span class='ocrx_word' id='word_1_413' title='bbox 1147 1848 1177 1872; x_wconf 84' lang='lat' dir='ltr'>et</span> <span class='ocrx_word' id='word_1_414' title='bbox 1203 1842 1272 1872; x_wconf 84' lang='lat' dir='ltr'>aliis</span> <span class='ocrx_word' id='word_1_415' title='bbox 1297 1842 1449 1882; x_wconf 87' lang='lat' dir='ltr'>placuisse</span> <span class='ocrx_word' id='word_1_416' title='bbox 1470 1842 1574 1873; x_wconf 87' lang='lat' dir='ltr'>video:</span> <span class='ocrx_word' id='word_1_417' title='bbox 1600 1842 1667 1873; x_wconf 82' lang='lat' dir='ltr'>redi</span> <span class='ocrx_word' id='word_1_418' title='bbox 1688 1842 1729 1873; x_wconf 79' lang='lat' dir='ltr'>ad</span> <span class='ocrx_word' id='word_1_419' title='bbox 1745 1843 1764 1873; x_wconf 92' lang='lat' dir='ltr'>i.</span> 
     </span>
     <span class='ocr_line' id='line_1_67' title="bbox 1038 1893 1764 1934; baseline 0.001 -11"><span class='ocrx_word' id='word_1_420' title='bbox 1038 1896 1088 1923; x_wconf 80' lang='lat'>55.</span> <span class='ocrx_word' id='word_1_421' title='bbox 1112 1895 1246 1924; x_wconf 81' lang='lat' dir='ltr'>Munera</span> <span class='ocrx_word' id='word_1_422' title='bbox 1261 1901 1366 1924; x_wconf 81' lang='lat' dir='ltr'>autem</span> <span class='ocrx_word' id='word_1_423' title='bbox 1390 1899 1463 1923; x_wconf 85' lang='lat' dir='ltr'>sunt</span> <span class='ocrx_word' id='word_1_424' title='bbox 1485 1893 1667 1934; x_wconf 82' lang='lat' dir='ltr'>exquisitius</span> <span class='ocrx_word' id='word_1_425' title='bbox 1683 1894 1764 1933; x_wconf 86' lang='lat' dir='ltr'>posi-</span> 
     </span>
     <span class='ocr_line' id='line_1_68' title="bbox 1038 1945 1765 1985; baseline 0.003 -12"><span class='ocrx_word' id='word_1_426' title='bbox 1038 1951 1081 1981; x_wconf 78' lang='lat' dir='ltr'>ta,</span> <span class='ocrx_word' id='word_1_427' title='bbox 1097 1954 1152 1983; x_wconf 88' lang='lat' dir='ltr'>pro</span> <span class='ocrx_word' id='word_1_428' title='bbox 1167 1945 1279 1982; x_wconf 87' lang='lat' dir='ltr'>officia,</span> <span class='ocrx_word' id='word_1_429' title='bbox 1295 1945 1344 1975; x_wconf 84' lang='lat' dir='ltr'>vel</span> <span class='ocrx_word' id='word_1_430' title='bbox 1358 1945 1497 1985; x_wconf 84' lang='lat' dir='ltr'>negotia;</span> <span class='ocrx_word' id='word_1_431' title='bbox 1522 1955 1585 1985; x_wconf 93' lang='lat' dir='ltr'>quo</span> <span class='ocrx_word' id='word_1_432' title='bbox 1600 1956 1693 1976; x_wconf 85' lang='lat' dir='ltr'>sensu</span> <span class='ocrx_word' id='word_1_433' title='bbox 1708 1955 1765 1976; x_wconf 90' lang='lat' dir='ltr'>nec</span> 
     </span>
     <span class='ocr_line' id='line_1_69' title="bbox 1041 1995 1671 2036; baseline 0.002 -11"><span class='ocrx_word' id='word_1_434' title='bbox 1041 1995 1197 2036; x_wconf 71' lang='lat' dir='ltr'>Virgilius</span> <span class='ocrx_word' id='word_1_435' title='bbox 1211 1996 1336 2026; x_wconf 82' lang='lat' dir='ltr'>nolebat</span> <span class='ocrx_word' id='word_1_436' title='bbox 1350 1996 1409 2034; x_wconf 88' lang='lat' dir='ltr'>uti,</span> <span class='ocrx_word' id='word_1_437' title='bbox 1433 1997 1473 2026; x_wconf 87' lang='lat' dir='ltr'>ad</span> <span class='ocrx_word' id='word_1_438' title='bbox 1487 2006 1555 2036; x_wconf 89' lang='lat' dir='ltr'>geo.</span> <span class='ocrx_word' id='word_1_439' title='bbox 1567 1997 1605 2027; x_wconf 90' lang='lat' dir='ltr'>iv.</span> <span class='ocrx_word' id='word_1_440' title='bbox 1621 2001 1671 2027; x_wconf 80' lang='lat'>40.</span> 
     </span>
    </p>
   </div>
   <div class='ocr_carea' id='block_1_11' title="bbox 1055 2069 1756 2102">
    <p class='ocr_par' dir='ltr' id='par_1_18' title="bbox 1055 2069 1756 2102">
     <span class='ocr_line' id='line_1_70' title="bbox 1055 2069 1756 2102; baseline 0.003 -8"><span class='ocrx_word' id='word_1_441' title='bbox 1055 2083 1117 2090; x_wconf 95' lang='lat'><strong>—</strong></span> <span class='ocrx_word' id='word_1_442' title='bbox 1127 2069 1336 2101; x_wconf 84' lang='lat' dir='ltr'>conlectumque</span> <span class='ocrx_word' id='word_1_443' title='bbox 1347 2070 1408 2095; x_wconf 79' lang='lat' dir='ltr'>haec</span> <span class='ocrx_word' id='word_1_444' title='bbox 1419 2070 1474 2102; x_wconf 81' lang='lat' dir='ltr'>ipsa</span> <span class='ocrx_word' id='word_1_445' title='bbox 1484 2071 1518 2095; x_wconf 88' lang='lat' dir='ltr'>ad</span> <span class='ocrx_word' id='word_1_446' title='bbox 1528 2077 1634 2094; x_wconf 84' lang='lat' dir='ltr'>munera</span> <span class='ocrx_word' id='word_1_447' title='bbox 1646 2070 1756 2102; x_wconf 80' lang='lat' dir='ltr'>gluten:</span> 
     </span>
    </p>
   </div>
   <div class='ocr_carea' id='block_1_12' title="bbox 1039 2135 1766 2378">
    <p class='ocr_par' dir='ltr' id='par_1_19' title="bbox 1039 2135 1766 2217">
     <span class='ocr_line' id='line_1_71' title="bbox 1039 2135 1766 2176; baseline 0.003 -12"><span class='ocrx_word' id='word_1_448' title='bbox 1039 2135 1198 2171; x_wconf 83' lang='lat' dir='ltr'>nimirum,</span> <span class='ocrx_word' id='word_1_449' title='bbox 1229 2138 1252 2153; x_wconf 83' lang='lat'><strong>“</strong></span> <span class='ocrx_word' id='word_1_450' title='bbox 1269 2135 1310 2165; x_wconf 91' lang='lat' dir='ltr'>ad</span> <span class='ocrx_word' id='word_1_451' title='bbox 1334 2135 1434 2175; x_wconf 72' lang='lat' dir='ltr'>officia</span> <span class='ocrx_word' id='word_1_452' title='bbox 1461 2135 1766 2176; x_wconf 80' lang='lat' dir='ltr'>coangustandamm</span> 
     </span>
     <span class='ocr_line' id='line_1_72' title="bbox 1040 2187 1465 2217; baseline 0.002 -1"><span class='ocrx_word' id='word_1_453' title='bbox 1040 2190 1062 2204; x_wconf 90' lang='lat'><strong>“</strong></span> <span class='ocrx_word' id='word_1_454' title='bbox 1078 2187 1308 2217; x_wconf 86' lang='lat' dir='ltr'>cavernarum.”</span> <span class='ocrx_word' id='word_1_455' title='bbox 1335 2187 1465 2217; x_wconf 76' lang='lat' dir='ltr'>Servius.</span> 
     </span>
    </p>

    <p class='ocr_par' dir='ltr' id='par_1_20' title="bbox 1041 2238 1764 2378">
     <span class='ocr_line' id='line_1_73' title="bbox 1083 2238 1761 2278; baseline 0.003 -10"><span class='ocrx_word' id='word_1_456' title='bbox 1083 2239 1158 2268; x_wconf 83' lang='lat' dir='ltr'>Ver.</span> <span class='ocrx_word' id='word_1_457' title='bbox 1177 2241 1266 2269; x_wconf 82' lang='grc'><strong>1308.</strong></span> <span class='ocrx_word' id='word_1_458' title='bbox 1288 2245 1375 2270; x_wconf 84' lang='lat' dir='ltr'>sunt:</span> <span class='ocrx_word' id='word_1_459' title='bbox 1405 2245 1444 2270; x_wconf 88' lang='grc' dir='ltr'>Π.</span> <span class='ocrx_word' id='word_1_460' title='bbox 1464 2240 1514 2275; x_wconf 84' lang='lat' dir='ltr'>in‚-</span> <span class='ocrx_word' id='word_1_461' title='bbox 1539 2248 1597 2269; x_wconf 88' lang='lat' dir='ltr'>nec</span> <span class='ocrx_word' id='word_1_462' title='bbox 1618 2238 1761 2278; x_wconf 87' lang='lat' dir='ltr'>displice-</span> 
     </span>
     <span class='ocr_line' id='line_1_74' title="bbox 1041 2289 1764 2330; baseline 0.003 -11"><span class='ocrx_word' id='word_1_463' title='bbox 1041 2295 1088 2320; x_wconf 86' lang='lat' dir='ltr'>ret</span> <span class='ocrx_word' id='word_1_464' title='bbox 1116 2289 1302 2328; x_wconf 86' lang='lat' dir='ltr'>praepositio,</span> <span class='ocrx_word' id='word_1_465' title='bbox 1335 2290 1503 2330; x_wconf 77' lang='lat' dir='ltr'>conjuncta</span> <span class='ocrx_word' id='word_1_466' title='bbox 1526 2291 1618 2321; x_wconf 77' lang='lat' dir='ltr'>verbo</span> <span class='ocrx_word' id='word_1_467' title='bbox 1640 2290 1764 2321; x_wconf 89' lang='lat' dir='ltr'>scilicet.</span> 
     </span>
     <span class='ocr_line' id='line_1_75' title="bbox 1043 2342 1596 2378; baseline 0.002 -6"><span class='ocrx_word' id='word_1_468' title='bbox 1043 2342 1093 2373; x_wconf 91' lang='lat' dir='ltr'>Sic</span> <span class='ocrx_word' id='word_1_469' title='bbox 1107 2343 1224 2372; x_wconf 82' lang='lat' dir='ltr'>etenim</span> <span class='ocrx_word' id='word_1_470' title='bbox 1242 2342 1345 2378; x_wconf 86' lang='lat' dir='ltr'>Maro,</span> <span class='ocrx_word' id='word_1_471' title='bbox 1362 2343 1436 2372; x_wconf 68' lang='lat' dir='ltr'>[En.</span> <span class='ocrx_word' id='word_1_472' title='bbox 1453 2342 1506 2372; x_wconf 77' lang='lat' dir='ltr'>xii.</span> <span class='ocrx_word' id='word_1_473' title='bbox 1524 2346 1596 2373; x_wconf 85' lang='grc'><strong>521.</strong></span> 
     </span>
    </p>
   </div>
   <div class='ocr_carea' id='block_1_13' title="bbox 1101 2427 1193 2434">
    <p class='ocr_par' dir='ltr' id='par_1_21' title="bbox 1101 2427 1193 2434">
     <span class='ocr_line' id='line_1_76' title="bbox 1101 2427 1193 2434; baseline 0 0"><span class='ocrx_word' id='word_1_474' title='bbox 1101 2427 1193 2434; x_wconf 95' lang='lat' dir='ltr'> </span> 
     </span>
    </p>
   </div>
   <div class='ocr_carea' id='block_1_14' title="bbox 1038 2414 1763 2915">
    <p class='ocr_par' dir='ltr' id='par_1_22' title="bbox 1101 2414 1634 2485">
     <span class='ocr_line' id='line_1_77' title="bbox 1203 2414 1634 2448; baseline 0.002 -9"><span class='ocrx_word' id='word_1_475' title='bbox 1203 2414 1300 2439; x_wconf 74' lang='lat' dir='ltr'>inmissi</span> <span class='ocrx_word' id='word_1_476' title='bbox 1312 2415 1419 2440; x_wconf 73' lang='lat' dir='ltr'>diversis</span> <span class='ocrx_word' id='word_1_477' title='bbox 1430 2415 1549 2447; x_wconf 85' lang='lat' dir='ltr'>partibus</span> <span class='ocrx_word' id='word_1_478' title='bbox 1559 2415 1634 2448; x_wconf 68' lang='lat' dir='ltr'>ignee</span> 
     </span>
     <span class='ocr_line' id='line_1_78' title="bbox 1101 2453 1456 2485; baseline -0.003 -6"><span class='ocrx_word' id='word_1_479' title='bbox 1101 2455 1231 2479; x_wconf 73' lang='lat' dir='ltr'>Arentem</span> <span class='ocrx_word' id='word_1_480' title='bbox 1243 2453 1269 2478; x_wconf 76' lang='lat' dir='ltr'>in</span> <span class='ocrx_word' id='word_1_481' title='bbox 1280 2453 1456 2485; x_wconf 80' lang='lat' dir='ltr'>sylvam—.</span> 
     </span>
    </p>

    <p class='ocr_par' dir='ltr' id='par_1_23' title="bbox 1039 2515 1761 2608">
     <span class='ocr_line' id='line_1_79' title="bbox 1082 2515 1761 2557; baseline -0.001 -10"><span class='ocrx_word' id='word_1_482' title='bbox 1082 2517 1162 2547; x_wconf 88' lang='lat' dir='ltr'>Ibid.</span> <span class='ocrx_word' id='word_1_483' title='bbox 1185 2528 1250 2548; x_wconf 82' lang='lat' dir='ltr'>sues</span> <span class='ocrx_word' id='word_1_484' title='bbox 1264 2528 1363 2549; x_wconf 82' lang='lat' dir='ltr'>saevos.</span> <span class='ocrx_word' id='word_1_485' title='bbox 1399 2517 1490 2548; x_wconf 89' lang='lat' dir='ltr'>Idem</span> <span class='ocrx_word' id='word_1_486' title='bbox 1514 2523 1608 2553; x_wconf 80' lang='lat' dir='ltr'>vates,</span> <span class='ocrx_word' id='word_1_487' title='bbox 1630 2515 1670 2547; x_wconf 83' lang='lat' dir='ltr'>ad</span> <span class='ocrx_word' id='word_1_488' title='bbox 1694 2525 1761 2557; x_wconf 83' lang='lat' dir='ltr'>geo.</span> 
     </span>
     <span class='ocr_line' id='line_1_80' title="bbox 1039 2568 1373 2608; baseline 0.003 -10"><span class='ocrx_word' id='word_1_489' title='bbox 1039 2568 1080 2598; x_wconf 91' lang='lat' dir='ltr'>iii.</span> <span class='ocrx_word' id='word_1_490' title='bbox 1097 2572 1167 2599; x_wconf 81' lang='grc'><strong>248.</strong></span> <span class='ocrx_word' id='word_1_491' title='bbox 1184 2579 1280 2599; x_wconf 82' lang='lat' dir='ltr'>soevus</span> <span class='ocrx_word' id='word_1_492' title='bbox 1291 2580 1373 2608; x_wconf 81' lang='lat' dir='ltr'>aper.</span> 
     </span>
    </p>

    <p class='ocr_par' dir='ltr' id='par_1_24' title="bbox 1038 2618 1763 2915">
     <span class='ocr_line' id='line_1_81' title="bbox 1081 2618 1763 2652; baseline -0.001 -3"><span class='ocrx_word' id='word_1_493' title='bbox 1081 2620 1155 2650; x_wconf 86' lang='lat' dir='ltr'>Ver.</span> <span class='ocrx_word' id='word_1_494' title='bbox 1175 2623 1265 2652; x_wconf 81' lang='lat'>1509.</span> <span class='ocrx_word' id='word_1_495' title='bbox 1290 2622 1402 2651; x_wconf 80' lang='lat' dir='ltr'>Parthi</span> <span class='ocrx_word' id='word_1_496' title='bbox 1410 2634 1420 2650; x_wconf 88' lang='lat'>.-</span> <span class='ocrx_word' id='word_1_497' title='bbox 1449 2620 1491 2650; x_wconf 86' lang='lat' dir='ltr'>sic</span> <span class='ocrx_word' id='word_1_498' title='bbox 1517 2619 1554 2649; x_wconf 92' lang='lat' dir='ltr'>L.</span> <span class='ocrx_word' id='word_1_499' title='bbox 1581 2618 1628 2649; x_wconf 92' lang='lat' dir='ltr'>M.</span> <span class='ocrx_word' id='word_1_500' title='bbox 1657 2622 1692 2648; x_wconf 94' lang='grc' dir='ltr'>Δ.</span> <span class='ocrx_word' id='word_1_501' title='bbox 1719 2624 1763 2648; x_wconf 83' lang='grc' dir='ltr'>Ω.</span> 
     </span>
     <span class='ocr_line' id='line_1_82' title="bbox 1039 2667 1763 2709; baseline -0.006 -9"><span class='ocrx_word' id='word_1_502' title='bbox 1039 2680 1112 2700; x_wconf 89' lang='lat' dir='ltr'>cum</span> <span class='ocrx_word' id='word_1_503' title='bbox 1134 2671 1225 2700; x_wconf 81' lang='lat' dir='ltr'>castis</span> <span class='ocrx_word' id='word_1_504' title='bbox 1252 2670 1303 2701; x_wconf 90' lang='lat' dir='ltr'>Pii</span> <span class='ocrx_word' id='word_1_505' title='bbox 1327 2670 1568 2709; x_wconf 79' lang='lat' dir='ltr'>exemplaribu53</span> <span class='ocrx_word' id='word_1_506' title='bbox 1592 2667 1701 2707; x_wconf 89' lang='lat' dir='ltr'>reliqui</span> <span class='ocrx_word' id='word_1_507' title='bbox 1725 2667 1763 2697; x_wconf 89' lang='lat' dir='ltr'>li-</span> 
     </span>
     <span class='ocr_line' id='line_1_83' title="bbox 1038 2719 1761 2762; baseline -0.004 -11"><span class='ocrx_word' id='word_1_508' title='bbox 1038 2723 1096 2755; x_wconf 77' lang='lat' dir='ltr'>bri.</span> <span class='ocrx_word' id='word_1_509' title='bbox 1114 2725 1230 2762; x_wconf 77' lang='lat' dir='ltr'>partim</span> <span class='ocrx_word' id='word_1_510' title='bbox 1237 2738 1248 2759; x_wconf 89' lang='lat'><em>;</em></span> <span class='ocrx_word' id='word_1_511' title='bbox 1273 2723 1368 2753; x_wconf 85' lang='lat' dir='ltr'>etiam</span> <span class='ocrx_word' id='word_1_512' title='bbox 1393 2723 1487 2751; x_wconf 86' lang='lat' dir='ltr'>bene:</span> <span class='ocrx_word' id='word_1_513' title='bbox 1520 2719 1540 2750; x_wconf 88' lang='lat' dir='ltr'>i.</span> <span class='ocrx_word' id='word_1_514' title='bbox 1556 2729 1582 2749; x_wconf 90' lang='lat' dir='ltr'>e.</span> <span class='ocrx_word' id='word_1_515' title='bbox 1604 2721 1761 2756; x_wconf 74' lang='lat' dir='ltr'>nonnulli,-</span> 
     </span>
     <span class='ocr_line' id='line_1_84' title="bbox 1038 2772 1762 2812; baseline 0 -11"><span class='ocrx_word' id='word_1_516' title='bbox 1038 2772 1107 2802; x_wconf 77' lang='lat' dir='ltr'>vide</span> <span class='ocrx_word' id='word_1_517' title='bbox 1121 2784 1224 2812; x_wconf 77' lang='lat' dir='ltr'>supra,</span> <span class='ocrx_word' id='word_1_518' title='bbox 1251 2783 1327 2803; x_wconf 88' lang='lat' dir='ltr'>verr.</span> <span class='ocrx_word' id='word_1_519' title='bbox 1354 2776 1423 2803; x_wconf 80' lang='lat'>8:38.</span> <span class='ocrx_word' id='word_1_520' title='bbox 1447 2775 1519 2803; x_wconf 88' lang='grc'><strong>950.</strong></span> <span class='ocrx_word' id='word_1_521' title='bbox 1553 2773 1644 2802; x_wconf 87' lang='grc'><strong>1082.</strong></span> <span class='ocrx_word' id='word_1_522' title='bbox 1672 2774 1762 2801; x_wconf 83' lang='grc'><strong>1142.</strong></span> 
     </span>
     <span class='ocr_line' id='line_1_85' title="bbox 1040 2821 1763 2862; baseline -0.003 -8"><span class='ocrx_word' id='word_1_523' title='bbox 1040 2824 1226 2854; x_wconf 69' lang='lat' dir='ltr'>Constante-r</span> <span class='ocrx_word' id='word_1_524' title='bbox 1240 2830 1344 2854; x_wconf 85' lang='lat' dir='ltr'>tamen</span> <span class='ocrx_word' id='word_1_525' title='bbox 1369 2823 1402 2853; x_wconf 90' lang='lat' dir='ltr'>in</span> <span class='ocrx_word' id='word_1_526' title='bbox 1428 2822 1608 2852; x_wconf 88' lang='lat' dir='ltr'>nominibus</span> <span class='ocrx_word' id='word_1_527' title='bbox 1631 2821 1763 2862; x_wconf 89' lang='lat' dir='ltr'>propriis</span> 
     </span>
     <span class='ocr_line' id='line_1_86' title="bbox 1038 2874 1761 2915; baseline -0.003 -9"><span class='ocrx_word' id='word_1_528' title='bbox 1038 2875 1155 2906; x_wconf 87' lang='lat' dir='ltr'>librarii</span> <span class='ocrx_word' id='word_1_529' title='bbox 1171 2881 1306 2915; x_wconf 82' lang='lat' dir='ltr'>peccant.</span> <span class='ocrx_word' id='word_1_530' title='bbox 1353 2877 1483 2906; x_wconf 76' lang='lat' dir='ltr'>Parthos</span> <span class='ocrx_word' id='word_1_531' title='bbox 1510 2880 1616 2905; x_wconf 87' lang='lat' dir='ltr'>autem</span> <span class='ocrx_word' id='word_1_532' title='bbox 1639 2874 1761 2914; x_wconf 83' lang='lat' dir='ltr'>potissi-</span> 
     </span>
    </p>
   </div>
  </div>
 </body>
</html>
