<?xml version="1.0" encoding="UTF-8"?>
<!DOCTYPE html PUBLIC "-//W3C//DTD XHTML 1.0 Transitional//EN"
    "http://www.w3.org/TR/xhtml1/DTD/xhtml1-transitional.dtd">
<html xmlns="http://www.w3.org/1999/xhtml" xml:lang="en" lang="en">
 <head>
  <title>
</title>
<meta http-equiv="Content-Type" content="text/html;charset=utf-8" />
  <meta name='ocr-system' content='tesseract 3.04.00' />
  <meta name='ocr-capabilities' content='ocr_page ocr_carea ocr_par ocr_line ocrx_word'/>
</head>
<body>
  <div class='ocr_page' id='page_1' title='image "./tlucretiicarider03lucruoft_0022.png"; bbox 0 0 1926 3224; ppageno 0'>
   <div class='ocr_carea' id='block_1_1' title="bbox 697 205 1190 255">
    <p class='ocr_par' dir='ltr' id='par_1_1' title="bbox 697 205 1190 255">
     <span class='ocr_line' id='line_1_1' title="bbox 697 205 1190 255; baseline 0.002 -2"><span class='ocrx_word' id='word_1_1' title='bbox 697 206 756 254; x_wconf 92' lang='lat' dir='ltr'>T.</span> <span class='ocrx_word' id='word_1_2' title='bbox 815 205 1190 255; x_wconf 88' lang='lat' dir='ltr'>LUCRETII</span> 
     </span>
    </p>
   </div>
   <div class='ocr_carea' id='block_1_2' title="bbox 265 333 1449 754">
    <p class='ocr_par' dir='ltr' id='par_1_2' title="bbox 350 333 1449 608">
     <span class='ocr_line' id='line_1_2' title="bbox 350 333 1449 387; baseline 0.002 -11"><span class='ocrx_word' id='word_1_3' title='bbox 350 333 492 383; x_wconf 85' lang='lat' dir='ltr'>Quom</span> <span class='ocrx_word' id='word_1_4' title='bbox 511 341 648 375; x_wconf 85' lang='lat' dir='ltr'>tamen</span> <span class='ocrx_word' id='word_1_5' title='bbox 667 333 745 373; x_wconf 87' lang='lat' dir='ltr'>hiis</span> <span class='ocrx_word' id='word_1_6' title='bbox 764 342 899 387; x_wconf 87' lang='lat' dir='ltr'>posset</span> <span class='ocrx_word' id='word_1_7' title='bbox 919 335 1005 374; x_wconf 86' lang='lat' dir='ltr'>sine</span> <span class='ocrx_word' id='word_1_8' title='bbox 1025 334 1144 374; x_wconf 89' lang='lat' dir='ltr'>rebus</span> <span class='ocrx_word' id='word_1_9' title='bbox 1163 335 1247 374; x_wconf 83' lang='lat' dir='ltr'>vita</span> <span class='ocrx_word' id='word_1_10' title='bbox 1266 349 1429 379; x_wconf 87' lang='lat' dir='ltr'>manere</span> <span class='ocrx_word' id='word_1_11' title='bbox 1436 356 1449 387; x_wconf 82' lang='lat'>3</span> 
     </span>
     <span class='ocr_line' id='line_1_3' title="bbox 353 405 1421 462; baseline -0.001 -13"><span class='ocrx_word' id='word_1_12' title='bbox 353 407 415 450; x_wconf 87' lang='lat' dir='ltr'>Ut</span> <span class='ocrx_word' id='word_1_13' title='bbox 433 407 541 448; x_wconf 86' lang='lat' dir='ltr'>fama</span> <span class='ocrx_word' id='word_1_14' title='bbox 560 413 633 455; x_wconf 87' lang='lat' dir='ltr'>est,</span> <span class='ocrx_word' id='word_1_15' title='bbox 655 405 808 459; x_wconf 82' lang='lat' dir='ltr'>aliquas</span> <span class='ocrx_word' id='word_1_16' title='bbox 827 405 949 446; x_wconf 82' lang='lat' dir='ltr'>etiam</span> <span class='ocrx_word' id='word_1_17' title='bbox 968 419 1080 446; x_wconf 91' lang='lat' dir='ltr'>nunc</span> <span class='ocrx_word' id='word_1_18' title='bbox 1099 405 1233 446; x_wconf 87' lang='lat' dir='ltr'>vivere</span> <span class='ocrx_word' id='word_1_19' title='bbox 1251 408 1421 462; x_wconf 83' lang='lat' dir='ltr'>genteis:</span> 
     </span>
     <span class='ocr_line' id='line_1_4' title="bbox 350 479 1347 533; baseline -0.002 -12"><span class='ocrx_word' id='word_1_20' title='bbox 350 480 409 521; x_wconf 85' lang='lat' dir='ltr'>At</span> <span class='ocrx_word' id='word_1_21' title='bbox 427 481 531 520; x_wconf 88' lang='lat' dir='ltr'>bene</span> <span class='ocrx_word' id='word_1_22' title='bbox 556 492 641 518; x_wconf 89' lang='lat' dir='ltr'>non</span> <span class='ocrx_word' id='word_1_23' title='bbox 660 486 821 533; x_wconf 87' lang='lat' dir='ltr'>poterat</span> <span class='ocrx_word' id='word_1_24' title='bbox 841 479 927 519; x_wconf 88' lang='lat' dir='ltr'>sine</span> <span class='ocrx_word' id='word_1_25' title='bbox 945 491 1051 533; x_wconf 89' lang='lat' dir='ltr'>puro</span> <span class='ocrx_word' id='word_1_26' title='bbox 1070 485 1235 533; x_wconf 85' lang='lat' dir='ltr'>pectore</span> <span class='ocrx_word' id='word_1_27' title='bbox 1255 479 1347 519; x_wconf 90' lang='lat' dir='ltr'>vivi.</span> 
     </span>
     <span class='ocr_line' id='line_1_5' title="bbox 351 550 1423 608; baseline -0.002 -14"><span class='ocrx_word' id='word_1_28' title='bbox 351 554 449 602; x_wconf 85' lang='lat' dir='ltr'>Quo</span> <span class='ocrx_word' id='word_1_29' title='bbox 468 551 597 608; x_wconf 87' lang='lat' dir='ltr'>magis</span> <span class='ocrx_word' id='word_1_30' title='bbox 616 551 684 592; x_wconf 91' lang='lat' dir='ltr'>hic</span> <span class='ocrx_word' id='word_1_31' title='bbox 703 551 850 591; x_wconf 86' lang='lat' dir='ltr'>merito</span> <span class='ocrx_word' id='word_1_32' title='bbox 869 550 988 591; x_wconf 89' lang='lat' dir='ltr'>nobis</span> <span class='ocrx_word' id='word_1_33' title='bbox 1008 551 1123 592; x_wconf 88' lang='lat' dir='ltr'>Deus</span> <span class='ocrx_word' id='word_1_34' title='bbox 1143 565 1228 592; x_wconf 89' lang='lat' dir='ltr'>esse</span> <span class='ocrx_word' id='word_1_35' title='bbox 1249 551 1423 592; x_wconf 86' lang='lat' dir='ltr'>videtur:</span> 
     </span>
    </p>

    <p class='ocr_par' dir='ltr' id='par_1_3' title="bbox 265 624 1432 754">
     <span class='ocr_line' id='line_1_6' title="bbox 265 624 1432 682; baseline -0.002 -14"><span class='ocrx_word' id='word_1_36' title='bbox 265 631 320 668; x_wconf 83' lang='lat'>20</span> <span class='ocrx_word' id='word_1_37' title='bbox 350 627 420 668; x_wconf 88' lang='lat' dir='ltr'>Ex</span> <span class='ocrx_word' id='word_1_38' title='bbox 440 639 522 681; x_wconf 91' lang='lat' dir='ltr'>quo</span> <span class='ocrx_word' id='word_1_39' title='bbox 542 638 653 665; x_wconf 91' lang='lat' dir='ltr'>nunc</span> <span class='ocrx_word' id='word_1_40' title='bbox 672 625 810 674; x_wconf 84' lang='lat' dir='ltr'>etiam,</span> <span class='ocrx_word' id='word_1_41' title='bbox 831 639 905 679; x_wconf 88' lang='lat' dir='ltr'>per</span> <span class='ocrx_word' id='word_1_42' title='bbox 923 638 1095 681; x_wconf 85' lang='lat' dir='ltr'>magnas</span> <span class='ocrx_word' id='word_1_43' title='bbox 1114 624 1244 666; x_wconf 84' lang='lat' dir='ltr'>didita</span> <span class='ocrx_word' id='word_1_44' title='bbox 1261 625 1432 682; x_wconf 83' lang='lat' dir='ltr'>genteis‚</span> 
     </span>
     <span class='ocr_line' id='line_1_7' title="bbox 348 697 1232 754; baseline -0.005 -12"><span class='ocrx_word' id='word_1_45' title='bbox 348 699 499 742; x_wconf 90' lang='lat' dir='ltr'>Dulcia</span> <span class='ocrx_word' id='word_1_46' title='bbox 516 697 770 754; x_wconf 84' lang='lat' dir='ltr'>permulcent</span> <span class='ocrx_word' id='word_1_47' title='bbox 788 697 946 738; x_wconf 80' lang='lat' dir='ltr'>animos</span> <span class='ocrx_word' id='word_1_48' title='bbox 966 698 1108 738; x_wconf 82' lang='lat' dir='ltr'>solatia</span> <span class='ocrx_word' id='word_1_49' title='bbox 1127 699 1232 739; x_wconf 85' lang='lat' dir='ltr'>vitae.</span> 
     </span>
    </p>
   </div>
   <div class='ocr_carea' id='block_1_3' title="bbox 208 851 930 944">
    <p class='ocr_par' dir='ltr' id='par_1_4' title="bbox 208 851 930 944">
     <span class='ocr_line' id='line_1_8' title="bbox 208 851 930 893; baseline -0.012 -4"><span class='ocrx_word' id='word_1_50' title='bbox 208 857 383 888; x_wconf 77' lang='lat' dir='ltr'>instituisse.</span> <span class='ocrx_word' id='word_1_51' title='bbox 415 852 570 893; x_wconf 80' lang='lat' dir='ltr'>Virgilius</span> <span class='ocrx_word' id='word_1_52' title='bbox 591 853 676 881; x_wconf 90' lang='lat' dir='ltr'>hunc</span> <span class='ocrx_word' id='word_1_53' title='bbox 703 851 810 881; x_wconf 90' lang='lat' dir='ltr'>locum</span> <span class='ocrx_word' id='word_1_54' title='bbox 832 851 930 890; x_wconf 85' lang='lat' dir='ltr'>respi-</span> 
     </span>
     <span class='ocr_line' id='line_1_9' title="bbox 209 904 576 944; baseline -0.016 -6"><span class='ocrx_word' id='word_1_55' title='bbox 209 907 317 943; x_wconf 85' lang='lat' dir='ltr'>ciebat,</span> <span class='ocrx_word' id='word_1_56' title='bbox 333 905 372 936; x_wconf 90' lang='lat' dir='ltr'>ad</span> <span class='ocrx_word' id='word_1_57' title='bbox 386 914 453 944; x_wconf 81' lang='lat' dir='ltr'>geo.</span> <span class='ocrx_word' id='word_1_58' title='bbox 468 904 488 933; x_wconf 89' lang='lat' dir='ltr'>i.</span> <span class='ocrx_word' id='word_1_59' title='bbox 506 906 576 933; x_wconf 84' lang='lat'><strong>147.</strong></span> 
     </span>
    </p>
   </div>
   <div class='ocr_carea' id='block_1_4' title="bbox 237 985 835 1054">
    <p class='ocr_par' dir='ltr' id='par_1_5' title="bbox 237 985 835 1054">
     <span class='ocr_line' id='line_1_10' title="bbox 237 985 835 1015; baseline -0.008 0"><span class='ocrx_word' id='word_1_60' title='bbox 237 990 325 1015; x_wconf 81' lang='lat' dir='ltr'>Prima</span> <span class='ocrx_word' id='word_1_61' title='bbox 336 990 403 1013; x_wconf 78' lang='lat' dir='ltr'>Ceres</span> <span class='ocrx_word' id='word_1_62' title='bbox 413 986 485 1012; x_wconf 77' lang='lat' dir='ltr'>ferro</span> <span class='ocrx_word' id='word_1_63' title='bbox 496 985 608 1011; x_wconf 80' lang='lat' dir='ltr'>mortalis</span> <span class='ocrx_word' id='word_1_64' title='bbox 620 989 726 1011; x_wconf 86' lang='lat' dir='ltr'>vertere</span> <span class='ocrx_word' id='word_1_65' title='bbox 737 987 835 1011; x_wconf 86' lang='lat' dir='ltr'>terram</span> 
     </span>
     <span class='ocr_line' id='line_1_11' title="bbox 240 1028 362 1054; baseline -0.008 0"><span class='ocrx_word' id='word_1_66' title='bbox 240 1028 362 1054; x_wconf 73' lang='lat' dir='ltr'><em>Instituit.</em></span> 
     </span>
    </p>
   </div>
   <div class='ocr_carea' id='block_1_5' title="bbox 207 1102 928 1189">
    <p class='ocr_par' dir='ltr' id='par_1_6' title="bbox 207 1102 928 1189">
     <span class='ocr_line' id='line_1_12' title="bbox 207 1102 928 1144; baseline -0.01 -5"><span class='ocrx_word' id='word_1_67' title='bbox 207 1106 320 1144; x_wconf 87' lang='lat' dir='ltr'>Porro,</span> <span class='ocrx_word' id='word_1_68' title='bbox 344 1104 386 1136; x_wconf 91' lang='lat' dir='ltr'>V.</span> <span class='ocrx_word' id='word_1_69' title='bbox 405 1104 453 1135; x_wconf 89' lang='lat' dir='ltr'>ed.</span> <span class='ocrx_word' id='word_1_70' title='bbox 481 1105 634 1143; x_wconf 77' lang='lat' dir='ltr'>Virigeni:</span> <span class='ocrx_word' id='word_1_71' title='bbox 659 1108 691 1133; x_wconf 85' lang='lat' dir='ltr'>et</span> <span class='ocrx_word' id='word_1_72' title='bbox 711 1112 797 1141; x_wconf 85' lang='lat' dir='ltr'>mox,</span> <span class='ocrx_word' id='word_1_73' title='bbox 819 1102 853 1132; x_wconf 90' lang='lat' dir='ltr'>in</span> <span class='ocrx_word' id='word_1_74' title='bbox 867 1112 928 1133; x_wconf 89' lang='lat' dir='ltr'>ver.</span> 
     </span>
     <span class='ocr_line' id='line_1_13' title="bbox 212 1161 410 1189; baseline -0.015 0"><span class='ocrx_word' id='word_1_75' title='bbox 212 1161 260 1189; x_wconf 88' lang='lat'>16.</span> <span class='ocrx_word' id='word_1_76' title='bbox 283 1166 410 1188; x_wconf 82' lang='lat' dir='ltr'>monere.</span> 
     </span>
    </p>
   </div>
   <div class='ocr_carea' id='block_1_6' title="bbox 207 1213 933 2484">
    <p class='ocr_par' dir='ltr' id='par_1_7' title="bbox 208 1213 932 1715">
     <span class='ocr_line' id='line_1_14' title="bbox 250 1213 928 1248; baseline -0.007 0"><span class='ocrx_word' id='word_1_77' title='bbox 250 1217 325 1248; x_wconf 86' lang='lat' dir='ltr'>Ver.</span> <span class='ocrx_word' id='word_1_78' title='bbox 343 1221 390 1248; x_wconf 90' lang='grc'>16.</span> <span class='ocrx_word' id='word_1_79' title='bbox 413 1217 473 1246; x_wconf 81' lang='lat' dir='ltr'>lziz&#39;s</span> <span class='ocrx_word' id='word_1_80' title='bbox 487 1217 552 1246; x_wconf 79' lang='lat' dir='ltr'>sine</span> <span class='ocrx_word' id='word_1_81' title='bbox 565 1217 669 1245; x_wconf 82' lang='lat' dir='ltr'>rebus:</span> <span class='ocrx_word' id='word_1_82' title='bbox 695 1219 833 1244; x_wconf 86' lang='lat' dir='ltr'>sustenta</span> <span class='ocrx_word' id='word_1_83' title='bbox 846 1213 928 1244; x_wconf 89' lang='lat' dir='ltr'>scili-</span> 
     </span>
     <span class='ocr_line' id='line_1_15' title="bbox 208 1264 928 1307; baseline -0.006 -8"><span class='ocrx_word' id='word_1_84' title='bbox 208 1273 257 1299; x_wconf 88' lang='lat' dir='ltr'>cet</span> <span class='ocrx_word' id='word_1_85' title='bbox 270 1267 435 1302; x_wconf 82' lang='lat' dir='ltr'>radicibus,</span> <span class='ocrx_word' id='word_1_86' title='bbox 453 1266 526 1296; x_wconf 80' lang='lat' dir='ltr'>feris</span> <span class='ocrx_word' id='word_1_87' title='bbox 540 1265 705 1304; x_wconf 84' lang='lat' dir='ltr'>fructibus,</span> <span class='ocrx_word' id='word_1_88' title='bbox 720 1271 751 1295; x_wconf 87' lang='lat' dir='ltr'>et</span> <span class='ocrx_word' id='word_1_89' title='bbox 766 1264 928 1307; x_wconf 75' lang='grc' dir='ltr'><strong><em>ακροδρυως,</em></strong></span> 
     </span>
     <span class='ocr_line' id='line_1_16' title="bbox 208 1316 928 1351; baseline -0.006 -1"><span class='ocrx_word' id='word_1_90' title='bbox 208 1320 272 1351; x_wconf 87' lang='lat' dir='ltr'>sive</span> <span class='ocrx_word' id='word_1_91' title='bbox 294 1318 408 1349; x_wconf 80' lang='lat' dir='ltr'>teneris</span> <span class='ocrx_word' id='word_1_92' title='bbox 431 1317 680 1348; x_wconf 85' lang='lat' dir='ltr'>ramusculorum</span> <span class='ocrx_word' id='word_1_93' title='bbox 708 1316 928 1347; x_wconf 81' lang='lat' dir='ltr'>cacuminibus.</span> 
     </span>
     <span class='ocr_line' id='line_1_17' title="bbox 208 1368 929 1405; baseline -0.004 -4"><span class='ocrx_word' id='word_1_94' title='bbox 208 1370 400 1402; x_wconf 83' lang='lat' dir='ltr'>Ammianus</span> <span class='ocrx_word' id='word_1_95' title='bbox 410 1368 622 1405; x_wconf 82' lang='lat' dir='ltr'>Marcellinus,</span> <span class='ocrx_word' id='word_1_96' title='bbox 634 1368 693 1398; x_wconf 87' lang='lat' dir='ltr'>xiv.</span> <span class='ocrx_word' id='word_1_97' title='bbox 706 1371 738 1399; x_wconf 87' lang='lat'>4.</span> <span class='ocrx_word' id='word_1_98' title='bbox 748 1368 800 1398; x_wconf 91' lang='lat' dir='ltr'>fin.</span> <span class='ocrx_word' id='word_1_99' title='bbox 818 1371 841 1386; x_wconf 78' lang='lat'>‘⁶</span> <span class='ocrx_word' id='word_1_100' title='bbox 853 1368 929 1398; x_wconf 89' lang='lat' dir='ltr'>Vic-</span> 
     </span>
     <span class='ocr_line' id='line_1_18' title="bbox 208 1419 929 1461; baseline -0.007 -8"><span class='ocrx_word' id='word_1_101' title='bbox 208 1425 232 1442; x_wconf 91' lang='lat'>“</span> <span class='ocrx_word' id='word_1_102' title='bbox 247 1427 298 1453; x_wconf 87' lang='lat' dir='ltr'>tus</span> <span class='ocrx_word' id='word_1_103' title='bbox 313 1420 462 1452; x_wconf 87' lang='lat' dir='ltr'>universis</span> <span class='ocrx_word' id='word_1_104' title='bbox 475 1419 666 1461; x_wconf 84' lang='lat' dir='ltr'>(Saracenis)</span> <span class='ocrx_word' id='word_1_105' title='bbox 679 1429 750 1449; x_wconf 89' lang='lat' dir='ltr'>caro</span> <span class='ocrx_word' id='word_1_106' title='bbox 764 1419 863 1449; x_wconf 81' lang='lat' dir='ltr'>ferina</span> <span class='ocrx_word' id='word_1_107' title='bbox 877 1425 929 1456; x_wconf 81' lang='lat' dir='ltr'>est,</span> 
     </span>
     <span class='ocr_line' id='line_1_19' title="bbox 209 1469 931 1514; baseline -0.007 -10"><span class='ocrx_word' id='word_1_108' title='bbox 209 1476 232 1493; x_wconf 82' lang='lat'><strong>“</strong></span> <span class='ocrx_word' id='word_1_109' title='bbox 247 1473 394 1514; x_wconf 82' lang='lat' dir='ltr'>lactisque</span> <span class='ocrx_word' id='word_1_110' title='bbox 417 1471 579 1502; x_wconf 86' lang='lat' dir='ltr'>abundans</span> <span class='ocrx_word' id='word_1_111' title='bbox 600 1471 697 1510; x_wconf 88' lang='lat' dir='ltr'>copia,</span> <span class='ocrx_word' id='word_1_112' title='bbox 723 1469 785 1510; x_wconf 63' lang='lat' dir='ltr'>qua</span> <span class='ocrx_word' id='word_1_113' title='bbox 810 1476 931 1500; x_wconf 85' lang='lat' dir='ltr'>susten-</span> 
     </span>
     <span class='ocr_line' id='line_1_20' title="bbox 208 1520 932 1561; baseline -0.008 -6"><span class='ocrx_word' id='word_1_114' title='bbox 208 1527 231 1543; x_wconf 88' lang='lat'><strong>“</strong></span> <span class='ocrx_word' id='word_1_115' title='bbox 246 1530 368 1561; x_wconf 73' lang='lat' dir='ltr'>tantur-3</span> <span class='ocrx_word' id='word_1_116' title='bbox 392 1529 422 1553; x_wconf 87' lang='lat' dir='ltr'>et</span> <span class='ocrx_word' id='word_1_117' title='bbox 436 1523 538 1552; x_wconf 87' lang='lat' dir='ltr'>herbae</span> <span class='ocrx_word' id='word_1_118' title='bbox 555 1521 751 1559; x_wconf 80' lang='lat' dir='ltr'>multiplices,</span> <span class='ocrx_word' id='word_1_119' title='bbox 763 1526 804 1555; x_wconf 81' lang='lat' dir='ltr'>et,</span> <span class='ocrx_word' id='word_1_120' title='bbox 820 1520 846 1550; x_wconf 87' lang='lat' dir='ltr'>si</span> <span class='ocrx_word' id='word_1_121' title='bbox 863 1530 932 1561; x_wconf 85' lang='lat' dir='ltr'>quae</span> 
     </span>
     <span class='ocr_line' id='line_1_21' title="bbox 208 1571 932 1612; baseline -0.007 -7"><span class='ocrx_word' id='word_1_122' title='bbox 208 1577 232 1593; x_wconf 91' lang='lat'>“</span> <span class='ocrx_word' id='word_1_123' title='bbox 247 1575 334 1605; x_wconf 84' lang='lat' dir='ltr'>alites</span> <span class='ocrx_word' id='word_1_124' title='bbox 360 1573 427 1612; x_wconf 88' lang='lat' dir='ltr'>capi</span> <span class='ocrx_word' id='word_1_125' title='bbox 456 1582 511 1611; x_wconf 88' lang='lat' dir='ltr'>per</span> <span class='ocrx_word' id='word_1_126' title='bbox 535 1571 705 1610; x_wconf 86' lang='lat' dir='ltr'>aucupium</span> <span class='ocrx_word' id='word_1_127' title='bbox 736 1571 871 1610; x_wconf 82' lang='lat' dir='ltr'>possint3</span> <span class='ocrx_word' id='word_1_128' title='bbox 902 1577 932 1601; x_wconf 90' lang='lat' dir='ltr'>et</span> 
     </span>
     <span class='ocr_line' id='line_1_22' title="bbox 210 1621 931 1664; baseline -0.003 -10"><span class='ocrx_word' id='word_1_129' title='bbox 210 1628 233 1644; x_wconf 90' lang='lat'><strong>“</strong></span> <span class='ocrx_word' id='word_1_130' title='bbox 248 1624 409 1664; x_wconf 87' lang='lat' dir='ltr'>plerosque</span> <span class='ocrx_word' id='word_1_131' title='bbox 430 1633 486 1653; x_wconf 86' lang='lat' dir='ltr'>nos</span> <span class='ocrx_word' id='word_1_132' title='bbox 511 1622 647 1653; x_wconf 77' lang='lat' dir='ltr'>vidimus</span> <span class='ocrx_word' id='word_1_133' title='bbox 659 1621 820 1662; x_wconf 78' lang='lat' dir='ltr'>frumenti</span> <span class='ocrx_word' id='word_1_134' title='bbox 844 1632 931 1652; x_wconf 80' lang='lat' dir='ltr'>usum</span> 
     </span>
     <span class='ocr_line' id='line_1_23' title="bbox 211 1673 711 1715; baseline -0.01 -8"><span class='ocrx_word' id='word_1_135' title='bbox 211 1678 235 1694; x_wconf 88' lang='lat'><strong>“</strong></span> <span class='ocrx_word' id='word_1_136' title='bbox 249 1682 277 1707; x_wconf 73' lang='lat' dir='ltr'>et</span> <span class='ocrx_word' id='word_1_137' title='bbox 293 1677 358 1706; x_wconf 82' lang='lat' dir='ltr'>vini</span> <span class='ocrx_word' id='word_1_138' title='bbox 367 1676 492 1715; x_wconf 73' lang='lat' dir='ltr'>penitus</span> <span class='ocrx_word' id='word_1_139' title='bbox 507 1673 711 1713; x_wconf 50' lang='lat' dir='ltr'>ignorantes?</span> 
     </span>
    </p>

    <p class='ocr_par' dir='ltr' id='par_1_8' title="bbox 207 1727 932 2022">
     <span class='ocr_line' id='line_1_24' title="bbox 251 1727 930 1760; baseline -0.006 0"><span class='ocrx_word' id='word_1_140' title='bbox 251 1730 327 1760; x_wconf 85' lang='lat' dir='ltr'>Ver.</span> <span class='ocrx_word' id='word_1_141' title='bbox 345 1732 394 1760; x_wconf 92' lang='lat'>17.</span> <span class='ocrx_word' id='word_1_142' title='bbox 421 1731 513 1759; x_wconf 77' lang='lat' dir='ltr'>etiam</span> <span class='ocrx_word' id='word_1_143' title='bbox 539 1738 630 1758; x_wconf 81' lang='lat' dir='ltr'>nunc.</span> <span class='ocrx_word' id='word_1_144' title='bbox 674 1727 771 1757; x_wconf 84' lang='lat' dir='ltr'>Hanc</span> <span class='ocrx_word' id='word_1_145' title='bbox 796 1727 930 1757; x_wconf 87' lang='lat' dir='ltr'>formam</span> 
     </span>
     <span class='ocr_line' id='line_1_25' title="bbox 208 1777 928 1820; baseline -0.007 -8"><span class='ocrx_word' id='word_1_146' title='bbox 208 1781 336 1812; x_wconf 83' lang='lat' dir='ltr'>restitue</span> <span class='ocrx_word' id='word_1_147' title='bbox 351 1779 497 1820; x_wconf 86' lang='lat' dir='ltr'>Virgilio,</span> <span class='ocrx_word' id='word_1_148' title='bbox 513 1778 552 1808; x_wconf 86' lang='lat' dir='ltr'>ad</span> <span class='ocrx_word' id='word_1_149' title='bbox 566 1788 634 1819; x_wconf 84' lang='lat' dir='ltr'>geo.</span> <span class='ocrx_word' id='word_1_150' title='bbox 648 1777 687 1808; x_wconf 87' lang='lat' dir='ltr'>iv.</span> <span class='ocrx_word' id='word_1_151' title='bbox 705 1781 775 1809; x_wconf 87' lang='lat'><strong>135.</strong></span> <span class='ocrx_word' id='word_1_152' title='bbox 791 1788 846 1817; x_wconf 86' lang='lat' dir='ltr'>pro</span> <span class='ocrx_word' id='word_1_153' title='bbox 861 1778 928 1808; x_wconf 88' lang='lat' dir='ltr'>vul-</span> 
     </span>
     <span class='ocr_line' id='line_1_26' title="bbox 207 1829 930 1873; baseline -0.006 -11"><span class='ocrx_word' id='word_1_154' title='bbox 207 1831 274 1873; x_wconf 86' lang='lat' dir='ltr'>gari</span> <span class='ocrx_word' id='word_1_155' title='bbox 296 1833 461 1865; x_wconf 72' lang='lat' dir='ltr'>etiamnum</span> <span class='ocrx_word' id='word_1_156' title='bbox 467 1845 478 1866; x_wconf 90' lang='lat'><em>;</em></span> <span class='ocrx_word' id='word_1_157' title='bbox 506 1829 654 1869; x_wconf 84' lang='lat' dir='ltr'>suffragio</span> <span class='ocrx_word' id='word_1_158' title='bbox 676 1829 770 1859; x_wconf 82' lang='lat' dir='ltr'>etiam</span> <span class='ocrx_word' id='word_1_159' title='bbox 792 1829 930 1859; x_wconf 81' lang='lat' dir='ltr'>Lucretii</span> 
     </span>
     <span class='ocr_line' id='line_1_27' title="bbox 209 1879 931 1922; baseline -0.006 -9"><span class='ocrx_word' id='word_1_160' title='bbox 209 1882 350 1922; x_wconf 89' lang='lat' dir='ltr'>pluribus</span> <span class='ocrx_word' id='word_1_161' title='bbox 365 1881 522 1911; x_wconf 88' lang='lat' dir='ltr'>codicibus</span> <span class='ocrx_word' id='word_1_162' title='bbox 535 1879 709 1910; x_wconf 76' lang='lat' dir='ltr'>accedente.</span> <span class='ocrx_word' id='word_1_163' title='bbox 736 1880 835 1910; x_wconf 84' lang='lat' dir='ltr'>Istam</span> <span class='ocrx_word' id='word_1_164' title='bbox 851 1879 931 1909; x_wconf 83' lang='lat' dir='ltr'>scili-</span> 
     </span>
     <span class='ocr_line' id='line_1_28' title="bbox 209 1930 932 1965; baseline -0.006 -1"><span class='ocrx_word' id='word_1_165' title='bbox 209 1939 259 1965; x_wconf 89' lang='lat' dir='ltr'>cet</span> <span class='ocrx_word' id='word_1_166' title='bbox 273 1932 483 1964; x_wconf 81' lang='lat' dir='ltr'>auricularum</span> <span class='ocrx_word' id='word_1_167' title='bbox 498 1931 657 1961; x_wconf 76' lang='lat' dir='ltr'>fastidium</span> <span class='ocrx_word' id='word_1_168' title='bbox 679 1941 769 1961; x_wconf 86' lang='lat' dir='ltr'>aures</span> <span class='ocrx_word' id='word_1_169' title='bbox 787 1930 932 1961; x_wconf 85' lang='lat' dir='ltr'>masculae</span> 
     </span>
     <span class='ocr_line' id='line_1_29' title="bbox 210 1982 676 2022; baseline -0.006 -7"><span class='ocrx_word' id='word_1_170' title='bbox 210 1983 362 2019; x_wconf 85' lang='lat' dir='ltr'>Maronis,</span> <span class='ocrx_word' id='word_1_171' title='bbox 378 1983 497 2022; x_wconf 84' lang='lat' dir='ltr'>opinor,</span> <span class='ocrx_word' id='word_1_172' title='bbox 514 1982 676 2012; x_wconf 80' lang='lat' dir='ltr'>nescivere.</span> 
     </span>
    </p>

    <p class='ocr_par' dir='ltr' id='par_1_9' title="bbox 210 2040 932 2127">
     <span class='ocr_line' id='line_1_30' title="bbox 253 2040 932 2074; baseline -0.006 -1"><span class='ocrx_word' id='word_1_173' title='bbox 253 2044 326 2074; x_wconf 82' lang='lat' dir='ltr'>Ver.</span> <span class='ocrx_word' id='word_1_174' title='bbox 343 2045 392 2072; x_wconf 88' lang='grc'>18.</span> <span class='ocrx_word' id='word_1_175' title='bbox 414 2042 503 2071; x_wconf 80' lang='lat' dir='ltr'>bene:</span> <span class='ocrx_word' id='word_1_176' title='bbox 530 2040 567 2070; x_wconf 92' lang='lat' dir='ltr'>P.</span> <span class='ocrx_word' id='word_1_177' title='bbox 583 2040 663 2070; x_wconf 80' lang='lat' dir='ltr'>bone.</span> <span class='ocrx_word' id='word_1_178' title='bbox 708 2040 826 2070; x_wconf 81' lang='lat' dir='ltr'>Versus</span> <span class='ocrx_word' id='word_1_179' title='bbox 847 2041 932 2070; x_wconf 84' lang='lat' dir='ltr'>abest</span> 
     </span>
     <span class='ocr_line' id='line_1_31' title="bbox 210 2096 249 2127; baseline -0.026 0"><span class='ocrx_word' id='word_1_180' title='bbox 210 2096 249 2127; x_wconf 91' lang='lat' dir='ltr'>B.</span> 
     </span>
    </p>

    <p class='ocr_par' dir='ltr' id='par_1_10' title="bbox 210 2143 931 2291">
     <span class='ocr_line' id='line_1_32' title="bbox 253 2143 931 2186; baseline -0.006 -9"><span class='ocrx_word' id='word_1_181' title='bbox 253 2146 334 2177; x_wconf 88' lang='lat' dir='ltr'>Ibid.</span> <span class='ocrx_word' id='word_1_182' title='bbox 352 2157 431 2186; x_wconf 84' lang='lat' dir='ltr'>puro</span> <span class='ocrx_word' id='word_1_183' title='bbox 449 2151 586 2184; x_wconf 80' lang='lat' dir='ltr'>pectore:</span> <span class='ocrx_word' id='word_1_184' title='bbox 619 2144 638 2175; x_wconf 87' lang='lat' dir='ltr'>i.</span> <span class='ocrx_word' id='word_1_185' title='bbox 655 2154 681 2174; x_wconf 87' lang='lat' dir='ltr'>e.</span> <span class='ocrx_word' id='word_1_186' title='bbox 703 2144 810 2174; x_wconf 88' lang='lat' dir='ltr'>animo</span> <span class='ocrx_word' id='word_1_187' title='bbox 831 2143 931 2183; x_wconf 87' lang='lat' dir='ltr'>philo-</span> 
     </span>
     <span class='ocr_line' id='line_1_33' title="bbox 210 2196 931 2238; baseline -0.008 -8"><span class='ocrx_word' id='word_1_188' title='bbox 210 2199 325 2238; x_wconf 84' lang='lat' dir='ltr'>sophiae</span> <span class='ocrx_word' id='word_1_189' title='bbox 350 2196 509 2237; x_wconf 86' lang='lat' dir='ltr'>praeceptis</span> <span class='ocrx_word' id='word_1_190' title='bbox 534 2202 626 2237; x_wconf 84' lang='lat' dir='ltr'>atque</span> <span class='ocrx_word' id='word_1_191' title='bbox 641 2196 790 2226; x_wconf 81' lang='lat' dir='ltr'>institutis</span> <span class='ocrx_word' id='word_1_192' title='bbox 805 2206 931 2235; x_wconf 84' lang='lat' dir='ltr'>perpur-</span> 
     </span>
     <span class='ocr_line' id='line_1_34' title="bbox 210 2256 292 2291; baseline 0 -11"><span class='ocrx_word' id='word_1_193' title='bbox 210 2256 292 2291; x_wconf 88' lang='lat' dir='ltr'>gato.</span> 
     </span>
    </p>

    <p class='ocr_par' dir='ltr' id='par_1_11' title="bbox 210 2296 933 2484">
     <span class='ocr_line' id='line_1_35' title="bbox 253 2296 933 2333; baseline -0.006 -3"><span class='ocrx_word' id='word_1_194' title='bbox 253 2300 333 2330; x_wconf 89' lang='lat' dir='ltr'>Ibid.</span> <span class='ocrx_word' id='word_1_195' title='bbox 355 2301 426 2330; x_wconf 81' lang='lat' dir='ltr'>bene</span> <span class='ocrx_word' id='word_1_196' title='bbox 440 2300 508 2329; x_wconf 85' lang='lat' dir='ltr'>vivi.</span> <span class='ocrx_word' id='word_1_197' title='bbox 553 2297 603 2327; x_wconf 93' lang='lat' dir='ltr'>Sic</span> <span class='ocrx_word' id='word_1_198' title='bbox 618 2297 670 2328; x_wconf 86' lang='lat' dir='ltr'>alii</span> <span class='ocrx_word' id='word_1_199' title='bbox 689 2296 784 2327; x_wconf 84' lang='lat' dir='ltr'>locuti</span> <span class='ocrx_word' id='word_1_200' title='bbox 799 2302 879 2333; x_wconf 87' lang='lat' dir='ltr'>sunt,</span> <span class='ocrx_word' id='word_1_201' title='bbox 902 2303 933 2326; x_wconf 86' lang='lat' dir='ltr'>et</span> 
     </span>
     <span class='ocr_line' id='line_1_36' title="bbox 210 2347 929 2390; baseline -0.008 -8"><span class='ocrx_word' id='word_1_202' title='bbox 210 2350 371 2387; x_wconf 81' lang='lat' dir='ltr'>Horatius,</span> <span class='ocrx_word' id='word_1_203' title='bbox 393 2359 487 2390; x_wconf 89' lang='lat' dir='ltr'>quem</span> <span class='ocrx_word' id='word_1_204' title='bbox 501 2347 572 2378; x_wconf 88' lang='lat' dir='ltr'>idco</span> <span class='ocrx_word' id='word_1_205' title='bbox 587 2358 752 2387; x_wconf 84' lang='lat' dir='ltr'>apponam,</span> <span class='ocrx_word' id='word_1_206' title='bbox 776 2353 810 2377; x_wconf 79' lang='lat' dir='ltr'>ut</span> <span class='ocrx_word' id='word_1_207' title='bbox 825 2347 929 2377; x_wconf 87' lang='lat' dir='ltr'>certis-</span> 
     </span>
     <span class='ocr_line' id='line_1_37' title="bbox 211 2397 926 2436; baseline -0.007 -4"><span class='ocrx_word' id='word_1_208' title='bbox 211 2401 288 2432; x_wconf 68' lang='lat' dir='ltr'>sima</span> <span class='ocrx_word' id='word_1_209' title='bbox 302 2406 436 2432; x_wconf 83' lang='lat' dir='ltr'>mactem</span> <span class='ocrx_word' id='word_1_210' title='bbox 457 2398 686 2436; x_wconf 86' lang='lat' dir='ltr'>emendatione,</span> <span class='ocrx_word' id='word_1_211' title='bbox 709 2397 749 2427; x_wconf 84' lang='lat' dir='ltr'>ad</span> <span class='ocrx_word' id='word_1_212' title='bbox 763 2397 810 2428; x_wconf 88' lang='lat' dir='ltr'>od.</span> <span class='ocrx_word' id='word_1_213' title='bbox 827 2397 858 2427; x_wconf 89' lang='lat' dir='ltr'>ii.</span> <span class='ocrx_word' id='word_1_214' title='bbox 878 2401 926 2428; x_wconf 83' lang='lat'><strong>16.</strong></span> 
     </span>
     <span class='ocr_line' id='line_1_38' title="bbox 215 2455 262 2484; baseline 0.043 -2"><span class='ocrx_word' id='word_1_215' title='bbox 215 2455 262 2484; x_wconf 84' lang='lat'><strong>15.</strong></span> 
     </span>
    </p>
   </div>
   <div class='ocr_carea' id='block_1_7' title="bbox 268 2523 759 2555">
    <p class='ocr_par' dir='ltr' id='par_1_12' title="bbox 268 2523 759 2555">
     <span class='ocr_line' id='line_1_39' title="bbox 268 2523 759 2555; baseline -0.002 -7"><span class='ocrx_word' id='word_1_216' title='bbox 268 2523 377 2548; x_wconf 79' lang='lat' dir='ltr'>Vivitur</span> <span class='ocrx_word' id='word_1_217' title='bbox 387 2530 469 2555; x_wconf 81' lang='lat' dir='ltr'>parvo</span> <span class='ocrx_word' id='word_1_218' title='bbox 479 2523 549 2554; x_wconf 83' lang='lat' dir='ltr'>bene,</span> <span class='ocrx_word' id='word_1_219' title='bbox 563 2524 606 2548; x_wconf 86' lang='lat' dir='ltr'>cui</span> <span class='ocrx_word' id='word_1_220' title='bbox 617 2526 759 2555; x_wconf 83' lang='lat' dir='ltr'>paternum</span> 
     </span>
    </p>
   </div>
   <div class='ocr_carea' id='block_1_8' title="bbox 272 2566 793 2675">
    <p class='ocr_par' dir='ltr' id='par_1_13' title="bbox 272 2566 793 2675">
     <span class='ocr_line' id='line_1_40' title="bbox 272 2566 760 2597; baseline -0.002 -7"><span class='ocrx_word' id='word_1_221' title='bbox 272 2566 397 2597; x_wconf 85' lang='lat' dir='ltr'>Splendet</span> <span class='ocrx_word' id='word_1_222' title='bbox 408 2567 434 2590; x_wconf 83' lang='lat' dir='ltr'>in</span> <span class='ocrx_word' id='word_1_223' title='bbox 446 2567 537 2591; x_wconf 69' lang='lat' dir='ltr'>mensa</span> <span class='ocrx_word' id='word_1_224' title='bbox 549 2566 624 2591; x_wconf 87' lang='lat' dir='ltr'>tenui</span> <span class='ocrx_word' id='word_1_225' title='bbox 633 2566 760 2595; x_wconf 81' lang='lat' dir='ltr'>salinum;</span> 
     </span>
     <span class='ocr_line' id='line_1_41' title="bbox 273 2604 793 2636; baseline 0 -7"><span class='ocrx_word' id='word_1_226' title='bbox 273 2606 326 2630; x_wconf 79' lang='lat' dir='ltr'>Nec</span> <span class='ocrx_word' id='word_1_227' title='bbox 338 2605 405 2630; x_wconf 81' lang='lat' dir='ltr'>Ievis</span> <span class='ocrx_word' id='word_1_228' title='bbox 416 2611 523 2630; x_wconf 84' lang='lat' dir='ltr'>somnos</span> <span class='ocrx_word' id='word_1_229' title='bbox 533 2606 625 2635; x_wconf 86' lang='lat' dir='ltr'>timor,</span> <span class='ocrx_word' id='word_1_230' title='bbox 638 2609 686 2630; x_wconf 86' lang='lat' dir='ltr'>aut</span> <span class='ocrx_word' id='word_1_231' title='bbox 695 2604 793 2636; x_wconf 83' lang='lat' dir='ltr'>cupido</span> 
     </span>
     <span class='ocr_line' id='line_1_42' title="bbox 364 2645 605 2675; baseline -0.004 -5"><span class='ocrx_word' id='word_1_232' title='bbox 364 2645 498 2675; x_wconf 85' lang='lat' dir='ltr'>Sordidus,</span> <span class='ocrx_word' id='word_1_233' title='bbox 508 2645 605 2670; x_wconf 80' lang='lat' dir='ltr'>aufert.</span> 
     </span>
    </p>
   </div>
   <div class='ocr_carea' id='block_1_9' title="bbox 208 2723 935 2921">
    <p class='ocr_par' dir='ltr' id='par_1_14' title="bbox 208 2723 935 2921">
     <span class='ocr_line' id='line_1_43' title="bbox 213 2723 931 2764; baseline -0.001 -10"><span class='ocrx_word' id='word_1_234' title='bbox 213 2724 263 2755; x_wconf 90' lang='lat' dir='ltr'>Sic</span> <span class='ocrx_word' id='word_1_235' title='bbox 287 2723 470 2764; x_wconf 86' lang='lat' dir='ltr'>legendum:</span> <span class='ocrx_word' id='word_1_236' title='bbox 496 2724 576 2759; x_wconf 85' lang='lat' dir='ltr'>libri,</span> <span class='ocrx_word' id='word_1_237' title='bbox 603 2726 686 2755; x_wconf 85' lang='lat' dir='ltr'>leves.</span> <span class='ocrx_word' id='word_1_238' title='bbox 730 2723 864 2762; x_wconf 89' lang='lat' dir='ltr'>Nempe,</span> <span class='ocrx_word' id='word_1_239' title='bbox 890 2724 931 2753; x_wconf 80' lang='lat' dir='ltr'>ti-</span> 
     </span>
     <span class='ocr_line' id='line_1_44' title="bbox 209 2774 932 2814; baseline -0.004 -8"><span class='ocrx_word' id='word_1_240' title='bbox 209 2787 275 2806; x_wconf 84' lang='lat' dir='ltr'>mor</span> <span class='ocrx_word' id='word_1_241' title='bbox 295 2777 366 2806; x_wconf 82' lang='lat' dir='ltr'>levis</span> <span class='ocrx_word' id='word_1_242' title='bbox 390 2781 436 2805; x_wconf 88' lang='lat' dir='ltr'>est</span> <span class='ocrx_word' id='word_1_243' title='bbox 460 2775 615 2806; x_wconf 88' lang='lat' dir='ltr'>fluctuans</span> <span class='ocrx_word' id='word_1_244' title='bbox 636 2782 668 2806; x_wconf 88' lang='lat' dir='ltr'>et</span> <span class='ocrx_word' id='word_1_245' title='bbox 689 2775 856 2812; x_wconf 78' lang='lat' dir='ltr'>instabilis;</span> <span class='ocrx_word' id='word_1_246' title='bbox 879 2774 932 2814; x_wconf 91' lang='lat' dir='ltr'>qui</span> 
     </span>
     <span class='ocr_line' id='line_1_45' title="bbox 209 2826 932 2870; baseline -0.004 -13"><span class='ocrx_word' id='word_1_247' title='bbox 209 2827 353 2858; x_wconf 81' lang='lat' dir='ltr'>homines</span> <span class='ocrx_word' id='word_1_248' title='bbox 368 2831 466 2869; x_wconf 69' lang='grc' dir='ltr'>ανορθοι</span> <span class='ocrx_word' id='word_1_249' title='bbox 480 2834 511 2858; x_wconf 86' lang='lat' dir='ltr'>et</span> <span class='ocrx_word' id='word_1_250' title='bbox 526 2841 686 2870; x_wconf 63' lang='lat' dir='ltr'>avua-trepon-</span> <span class='ocrx_word' id='word_1_251' title='bbox 708 2827 756 2858; x_wconf 77' lang='lat' dir='ltr'>vel</span> <span class='ocrx_word' id='word_1_252' title='bbox 770 2826 932 2866; x_wconf 72' lang='lat' dir='ltr'>inquietos⁷</span> 
     </span>
     <span class='ocr_line' id='line_1_46' title="bbox 208 2875 935 2921; baseline -0.003 -13"><span class='ocrx_word' id='word_1_253' title='bbox 208 2878 329 2921; x_wconf 73' lang='lat' dir='ltr'>vigiles,</span> <span class='ocrx_word' id='word_1_254' title='bbox 352 2889 388 2910; x_wconf 86' lang='lat' dir='ltr'>ac</span> <span class='ocrx_word' id='word_1_255' title='bbox 403 2889 574 2920; x_wconf 74' lang='lat' dir='ltr'>suspen508‚</span> <span class='ocrx_word' id='word_1_256' title='bbox 589 2880 675 2912; x_wconf 83' lang='lat' dir='ltr'>facit.</span> <span class='ocrx_word' id='word_1_257' title='bbox 723 2878 773 2910; x_wconf 88' lang='lat' dir='ltr'>Sic</span> <span class='ocrx_word' id='word_1_258' title='bbox 787 2875 935 2909; x_wconf 84' lang='lat' dir='ltr'>clausulae</span> 
     </span>
    </p>
   </div>
   <div class='ocr_carea' id='block_1_10' title="bbox 961 852 1698 1960">
    <p class='ocr_par' dir='ltr' id='par_1_15' title="bbox 961 852 1697 1454">
     <span class='ocr_line' id='line_1_47' title="bbox 974 852 1694 893; baseline 0.006 -12"><span class='ocrx_word' id='word_1_259' title='bbox 974 852 1222 882; x_wconf 86' lang='lat' dir='ltr'>commodissime</span> <span class='ocrx_word' id='word_1_260' title='bbox 1243 853 1441 892; x_wconf 80' lang='lat' dir='ltr'>respondent,</span> <span class='ocrx_word' id='word_1_261' title='bbox 1463 853 1527 884; x_wconf 87' lang='lat' dir='ltr'>suis</span> <span class='ocrx_word' id='word_1_262' title='bbox 1551 854 1694 893; x_wconf 82' lang='lat' dir='ltr'>epithetis</span> 
     </span>
     <span class='ocr_line' id='line_1_48' title="bbox 974 903 1696 943; baseline 0.007 -11"><span class='ocrx_word' id='word_1_263' title='bbox 974 903 1146 940; x_wconf 78' lang='lat' dir='ltr'>instructae;</span> <span class='ocrx_word' id='word_1_264' title='bbox 1172 903 1265 933; x_wconf 79' lang='lat' dir='ltr'>timor</span> <span class='ocrx_word' id='word_1_265' title='bbox 1293 906 1374 939; x_wconf 79' lang='lat' dir='ltr'>levis,</span> <span class='ocrx_word' id='word_1_266' title='bbox 1405 904 1519 943; x_wconf 90' lang='lat' dir='ltr'>cupido</span> <span class='ocrx_word' id='word_1_267' title='bbox 1546 908 1696 937; x_wconf 78' lang='lat' dir='ltr'>sordidas.</span> 
     </span>
     <span class='ocr_line' id='line_1_49' title="bbox 974 953 1696 994; baseline 0.006 -11"><span class='ocrx_word' id='word_1_268' title='bbox 974 953 1162 994; x_wconf 80' lang='lat' dir='ltr'>Elegantem</span> <span class='ocrx_word' id='word_1_269' title='bbox 1177 964 1266 983; x_wconf 88' lang='lat' dir='ltr'>suam</span> <span class='ocrx_word' id='word_1_270' title='bbox 1279 953 1489 994; x_wconf 85' lang='lat' dir='ltr'>integritatem</span> <span class='ocrx_word' id='word_1_271' title='bbox 1503 955 1589 986; x_wconf 86' lang='lat' dir='ltr'>locus</span> <span class='ocrx_word' id='word_1_272' title='bbox 1605 956 1696 987; x_wconf 84' lang='lat' dir='ltr'>aliter</span> 
     </span>
     <span class='ocr_line' id='line_1_50' title="bbox 972 1004 1694 1045; baseline 0.004 -11"><span class='ocrx_word' id='word_1_273' title='bbox 972 1004 1057 1035; x_wconf 84' lang='lat' dir='ltr'>haud</span> <span class='ocrx_word' id='word_1_274' title='bbox 1086 1004 1235 1035; x_wconf 89' lang='lat' dir='ltr'>habuerit.</span> <span class='ocrx_word' id='word_1_275' title='bbox 1280 1004 1378 1042; x_wconf 81' lang='lat' dir='ltr'>Quid,</span> <span class='ocrx_word' id='word_1_276' title='bbox 1401 1005 1484 1045; x_wconf 88' lang='lat' dir='ltr'>quod</span> <span class='ocrx_word' id='word_1_277' title='bbox 1504 1007 1694 1045; x_wconf 86' lang='lat' dir='ltr'>ineptissime</span> 
     </span>
     <span class='ocr_line' id='line_1_51' title="bbox 972 1055 1695 1096; baseline 0.003 -11"><span class='ocrx_word' id='word_1_278' title='bbox 972 1055 1115 1086; x_wconf 79' lang='lat' dir='ltr'>dicantur</span> <span class='ocrx_word' id='word_1_279' title='bbox 1136 1057 1210 1086; x_wconf 77' lang='lat' dir='ltr'>leves</span> <span class='ocrx_word' id='word_1_280' title='bbox 1232 1057 1342 1092; x_wconf 78' lang='lat' dir='ltr'>somni,</span> <span class='ocrx_word' id='word_1_281' title='bbox 1373 1056 1452 1096; x_wconf 89' lang='lat' dir='ltr'>(non</span> <span class='ocrx_word' id='word_1_282' title='bbox 1477 1057 1604 1095; x_wconf 85' lang='lat' dir='ltr'>turbari,</span> <span class='ocrx_word' id='word_1_283' title='bbox 1631 1067 1695 1087; x_wconf 88' lang='lat' dir='ltr'>non</span> 
     </span>
     <span class='ocr_line' id='line_1_52' title="bbox 972 1105 1697 1147; baseline 0.003 -11"><span class='ocrx_word' id='word_1_284' title='bbox 972 1106 1172 1146; x_wconf 83' lang='lat' dir='ltr'>interrumpi)</span> <span class='ocrx_word' id='word_1_285' title='bbox 1188 1105 1242 1136; x_wconf 88' lang='lat' dir='ltr'>sed</span> <span class='ocrx_word' id='word_1_286' title='bbox 1257 1105 1399 1146; x_wconf 76' lang='lat' dir='ltr'>auferri?</span> <span class='ocrx_word' id='word_1_287' title='bbox 1424 1107 1534 1142; x_wconf 83' lang='lat' dir='ltr'>Quum</span> <span class='ocrx_word' id='word_1_288' title='bbox 1552 1113 1697 1147; x_wconf 80' lang='lat' dir='ltr'>sequatur</span> 
     </span>
     <span class='ocr_line' id='line_1_53' title="bbox 973 1156 1697 1196; baseline 0.003 -9"><span class='ocrx_word' id='word_1_289' title='bbox 973 1157 1058 1196; x_wconf 89' lang='lat' dir='ltr'>inde,</span> <span class='ocrx_word' id='word_1_290' title='bbox 1080 1167 1206 1187; x_wconf 89' lang='lat' dir='ltr'>somnos</span> <span class='ocrx_word' id='word_1_291' title='bbox 1220 1156 1354 1187; x_wconf 88' lang='lat' dir='ltr'>divitum</span> <span class='ocrx_word' id='word_1_292' title='bbox 1375 1157 1481 1195; x_wconf 86' lang='lat' dir='ltr'>etiam,</span> <span class='ocrx_word' id='word_1_293' title='bbox 1504 1167 1569 1187; x_wconf 89' lang='lat' dir='ltr'>non</span> <span class='ocrx_word' id='word_1_294' title='bbox 1591 1157 1697 1189; x_wconf 90' lang='lat' dir='ltr'>minus</span> 
     </span>
     <span class='ocr_line' id='line_1_54' title="bbox 973 1208 1695 1250; baseline -0.001 -10"><span class='ocrx_word' id='word_1_295' title='bbox 973 1219 1068 1250; x_wconf 88' lang='lat' dir='ltr'>quam</span> <span class='ocrx_word' id='word_1_296' title='bbox 1082 1218 1264 1248; x_wconf 83' lang='lat' dir='ltr'>pauperum,</span> <span class='ocrx_word' id='word_1_297' title='bbox 1287 1210 1361 1238; x_wconf 77' lang='lat' dir='ltr'>leves</span> <span class='ocrx_word' id='word_1_298' title='bbox 1384 1217 1461 1245; x_wconf 89' lang='lat' dir='ltr'>esse,</span> <span class='ocrx_word' id='word_1_299' title='bbox 1483 1208 1624 1248; x_wconf 87' lang='lat' dir='ltr'>quamvis</span> <span class='ocrx_word' id='word_1_300' title='bbox 1637 1219 1695 1240; x_wconf 78' lang='grc' dir='ltr'><strong><em>αιι-</em></strong></span> 
     </span>
     <span class='ocr_line' id='line_1_55' title="bbox 961 1258 1695 1301; baseline 0.001 -12"><span class='ocrx_word' id='word_1_301' title='bbox 961 1259 1128 1301; x_wconf 67' lang='lat' dir='ltr'>ferantur:</span> <span class='ocrx_word' id='word_1_302' title='bbox 1153 1269 1216 1300; x_wconf 89' lang='lat' dir='ltr'>quo</span> <span class='ocrx_word' id='word_1_303' title='bbox 1241 1258 1317 1299; x_wconf 90' lang='lat' dir='ltr'>quid</span> <span class='ocrx_word' id='word_1_304' title='bbox 1340 1258 1513 1294; x_wconf 87' lang='lat' dir='ltr'>absurdius,</span> <span class='ocrx_word' id='word_1_305' title='bbox 1542 1264 1573 1288; x_wconf 88' lang='lat' dir='ltr'>et</span> <span class='ocrx_word' id='word_1_306' title='bbox 1595 1259 1695 1298; x_wconf 76' lang='lat' dir='ltr'>po’etae</span> 
     </span>
     <span class='ocr_line' id='line_1_56' title="bbox 972 1308 1695 1350; baseline 0.001 -10"><span class='ocrx_word' id='word_1_307' title='bbox 972 1311 1072 1341; x_wconf 78' lang='lat' dir='ltr'>menti</span> <span class='ocrx_word' id='word_1_308' title='bbox 1087 1310 1191 1340; x_wconf 87' lang='lat' dir='ltr'>minus</span> <span class='ocrx_word' id='word_1_309' title='bbox 1207 1308 1404 1350; x_wconf 82' lang='lat' dir='ltr'>congruum?</span> <span class='ocrx_word' id='word_1_310' title='bbox 1428 1309 1511 1340; x_wconf 90' lang='lat' dir='ltr'>Vide</span> <span class='ocrx_word' id='word_1_311' title='bbox 1531 1309 1631 1349; x_wconf 84' lang='lat' dir='ltr'>plura,</span> <span class='ocrx_word' id='word_1_312' title='bbox 1654 1309 1695 1341; x_wconf 83' lang='lat' dir='ltr'>ad</span> 
     </span>
     <span class='ocr_line' id='line_1_57' title="bbox 972 1362 1696 1402; baseline -0.003 -7"><span class='ocrx_word' id='word_1_313' title='bbox 972 1375 1035 1395; x_wconf 89' lang='lat' dir='ltr'>ver.</span> <span class='ocrx_word' id='word_1_314' title='bbox 1054 1368 1124 1395; x_wconf 78' lang='lat'><strong>862.</strong></span> <span class='ocrx_word' id='word_1_315' title='bbox 1147 1365 1205 1394; x_wconf 91' lang='lat' dir='ltr'>hoc</span> <span class='ocrx_word' id='word_1_316' title='bbox 1220 1363 1308 1399; x_wconf 90' lang='lat' dir='ltr'>libro,</span> <span class='ocrx_word' id='word_1_317' title='bbox 1331 1362 1370 1393; x_wconf 90' lang='lat' dir='ltr'>de</span> <span class='ocrx_word' id='word_1_318' title='bbox 1388 1363 1446 1393; x_wconf 85' lang='lat' dir='ltr'>hac</span> <span class='ocrx_word' id='word_1_319' title='bbox 1467 1362 1638 1402; x_wconf 64' lang='lat' dir='ltr'>verissima,</span> <span class='ocrx_word' id='word_1_320' title='bbox 1660 1368 1696 1393; x_wconf 86' lang='lat' dir='ltr'>ut</span> 
     </span>
     <span class='ocr_line' id='line_1_58' title="bbox 973 1414 1335 1454; baseline -0.008 -9"><span class='ocrx_word' id='word_1_321' title='bbox 973 1415 1094 1454; x_wconf 89' lang='lat' dir='ltr'>opinor,</span> <span class='ocrx_word' id='word_1_322' title='bbox 1110 1414 1335 1444; x_wconf 85' lang='lat' dir='ltr'>emendatione.</span> 
     </span>
    </p>

    <p class='ocr_par' dir='ltr' id='par_1_16' title="bbox 974 1463 1694 1548">
     <span class='ocr_line' id='line_1_59' title="bbox 1017 1463 1694 1496; baseline 0.001 -2"><span class='ocrx_word' id='word_1_323' title='bbox 1017 1466 1090 1496; x_wconf 87' lang='lat' dir='ltr'>Ver.</span> <span class='ocrx_word' id='word_1_324' title='bbox 1105 1469 1156 1496; x_wconf 79' lang='lat'>20.</span> <span class='ocrx_word' id='word_1_325' title='bbox 1171 1467 1270 1495; x_wconf 77' lang='lat' dir='ltr'>didita</span> <span class='ocrx_word' id='word_1_326' title='bbox 1282 1478 1291 1494; x_wconf 91' lang='lat'><em>:</em></span> <span class='ocrx_word' id='word_1_327' title='bbox 1318 1464 1353 1494; x_wconf 93' lang='lat' dir='ltr'><strong>P.</strong></span> <span class='ocrx_word' id='word_1_328' title='bbox 1368 1463 1468 1494; x_wconf 86' lang='lat' dir='ltr'>Vind.</span> <span class='ocrx_word' id='word_1_329' title='bbox 1487 1463 1527 1494; x_wconf 91' lang='lat' dir='ltr'>O.</span> <span class='ocrx_word' id='word_1_330' title='bbox 1544 1471 1586 1495; x_wconf 89' lang='lat'><strong>11.</strong></span> <span class='ocrx_word' id='word_1_331' title='bbox 1602 1469 1636 1496; x_wconf 84' lang='grc' dir='ltr'>Σ.</span> <span class='ocrx_word' id='word_1_332' title='bbox 1650 1471 1694 1495; x_wconf 87' lang='grc' dir='ltr'>Ω.</span> 
     </span>
     <span class='ocr_line' id='line_1_60' title="bbox 974 1519 1087 1548; baseline -0.009 0"><span class='ocrx_word' id='word_1_333' title='bbox 974 1519 1087 1548; x_wconf 79' lang='lat' dir='ltr'>dedita.</span> 
     </span>
    </p>

    <p class='ocr_par' dir='ltr' id='par_1_17' title="bbox 974 1566 1696 1656">
     <span class='ocr_line' id='line_1_61' title="bbox 1019 1566 1696 1602; baseline -0.003 -4"><span class='ocrx_word' id='word_1_334' title='bbox 1019 1568 1092 1598; x_wconf 87' lang='lat' dir='ltr'>Ver.</span> <span class='ocrx_word' id='word_1_335' title='bbox 1118 1571 1170 1598; x_wconf 76' lang='lat'><strong>21.</strong></span> <span class='ocrx_word' id='word_1_336' title='bbox 1194 1570 1329 1598; x_wconf 76' lang='lat' dir='ltr'>animos:</span> <span class='ocrx_word' id='word_1_337' title='bbox 1364 1566 1411 1596; x_wconf 90' lang='grc' dir='ltr'>Μ.</span> <span class='ocrx_word' id='word_1_338' title='bbox 1437 1568 1590 1602; x_wconf 51' lang='lat' dir='ltr'>animuum·</span> <span class='ocrx_word' id='word_1_339' title='bbox 1622 1566 1643 1597; x_wconf 89' lang='lat' dir='ltr'>i.</span> <span class='ocrx_word' id='word_1_340' title='bbox 1669 1575 1696 1596; x_wconf 85' lang='lat' dir='ltr'>e.</span> 
     </span>
     <span class='ocr_line' id='line_1_62' title="bbox 974 1618 1636 1656; baseline -0.006 -5"><span class='ocrx_word' id='word_1_341' title='bbox 974 1622 1084 1656; x_wconf 79' lang='grc' dir='ltr'><em>αηίηιό,</em></span> <span class='ocrx_word' id='word_1_342' title='bbox 1102 1620 1149 1650; x_wconf 87' lang='lat' dir='ltr'>vel</span> <span class='ocrx_word' id='word_1_343' title='bbox 1163 1624 1213 1650; x_wconf 83' lang='grc' dir='ltr'>αῖο</span> <span class='ocrx_word' id='word_1_344' title='bbox 1224 1633 1233 1648; x_wconf 92' lang='grc'>.-</span> <span class='ocrx_word' id='word_1_345' title='bbox 1260 1618 1344 1648; x_wconf 90' lang='lat' dir='ltr'>unde</span> <span class='ocrx_word' id='word_1_346' title='bbox 1358 1624 1403 1648; x_wconf 86' lang='lat' dir='ltr'>est</span> <span class='ocrx_word' id='word_1_347' title='bbox 1418 1625 1529 1648; x_wconf 86' lang='lat' dir='ltr'>enatus</span> <span class='ocrx_word' id='word_1_348' title='bbox 1543 1627 1636 1648; x_wconf 86' lang='lat' dir='ltr'>error.</span> 
     </span>
    </p>

    <p class='ocr_par' dir='ltr' id='par_1_18' title="bbox 975 1669 1698 1960">
     <span class='ocr_line' id='line_1_63' title="bbox 1018 1669 1696 1709; baseline -0.003 -8"><span class='ocrx_word' id='word_1_349' title='bbox 1018 1672 1095 1701; x_wconf 91' lang='lat' dir='ltr'>Ver.</span> <span class='ocrx_word' id='word_1_350' title='bbox 1113 1675 1163 1701; x_wconf 74' lang='lat'><strong>522.</strong></span> <span class='ocrx_word' id='word_1_351' title='bbox 1187 1672 1341 1701; x_wconf 79' lang='lat' dir='ltr'>Herculis.</span> <span class='ocrx_word' id='word_1_352' title='bbox 1391 1669 1523 1700; x_wconf 84' lang='lat' dir='ltr'>Mallem</span> <span class='ocrx_word' id='word_1_353' title='bbox 1538 1669 1696 1709; x_wconf 83' lang='lat' dir='ltr'>reliquisse</span> 
     </span>
     <span class='ocr_line' id='line_1_64' title="bbox 975 1720 1697 1761; baseline -0.004 -9"><span class='ocrx_word' id='word_1_354' title='bbox 975 1722 1124 1761; x_wconf 81' lang='lat' dir='ltr'>scriptum</span> <span class='ocrx_word' id='word_1_355' title='bbox 1141 1723 1292 1752; x_wconf 78' lang='lat' dir='ltr'>Her-colis.</span> <span class='ocrx_word' id='word_1_356' title='bbox 1337 1720 1524 1758; x_wconf 80' lang='lat' dir='ltr'>Priscianus,</span> <span class='ocrx_word' id='word_1_357' title='bbox 1551 1720 1604 1750; x_wconf 87' lang='lat' dir='ltr'>lib.</span> <span class='ocrx_word' id='word_1_358' title='bbox 1618 1721 1639 1749; x_wconf 84' lang='lat' dir='ltr'>i.</span> <span class='ocrx_word' id='word_1_359' title='bbox 1667 1730 1697 1759; x_wconf 86' lang='lat' dir='ltr'>p.</span> 
     </span>
     <span class='ocr_line' id='line_1_65' title="bbox 977 1771 1696 1805; baseline -0.006 -1"><span class='ocrx_word' id='word_1_360' title='bbox 977 1776 1095 1805; x_wconf 83' lang='lat'><strong>554.—</strong></span> <span class='ocrx_word' id='word_1_361' title='bbox 1105 1776 1127 1791; x_wconf 83' lang='grc'>“</span> <span class='ocrx_word' id='word_1_362' title='bbox 1145 1771 1696 1802; x_wconf 69' lang='lat' dir='ltr'>Romanorum—vetustissimi—di-</span> 
     </span>
     <span class='ocr_line' id='line_1_66' title="bbox 977 1821 1697 1861; baseline -0.003 -7"><span class='ocrx_word' id='word_1_363' title='bbox 977 1826 999 1841; x_wconf 88' lang='lat'><strong>“</strong></span> <span class='ocrx_word' id='word_1_364' title='bbox 1016 1824 1342 1858; x_wconf 76' lang='lat' dir='ltr'>centes—Herculem,</span> <span class='ocrx_word' id='word_1_365' title='bbox 1373 1832 1428 1861; x_wconf 87' lang='lat' dir='ltr'>pro</span> <span class='ocrx_word' id='word_1_366' title='bbox 1459 1821 1697 1853; x_wconf 79' lang='lat' dir='ltr'>Herculem—.’&#39;</span> 
     </span>
     <span class='ocr_line' id='line_1_67' title="bbox 979 1873 1698 1913; baseline -0.003 -9"><span class='ocrx_word' id='word_1_367' title='bbox 979 1874 1105 1904; x_wconf 85' lang='lat' dir='ltr'>Gruteri</span> <span class='ocrx_word' id='word_1_368' title='bbox 1123 1873 1347 1912; x_wconf 80' lang='lat' dir='ltr'>inscriptiones,</span> <span class='ocrx_word' id='word_1_369' title='bbox 1371 1879 1446 1902; x_wconf 83' lang='lat' dir='ltr'>tom.</span> <span class='ocrx_word' id='word_1_370' title='bbox 1463 1873 1482 1902; x_wconf 91' lang='lat' dir='ltr'>i.</span> <span class='ocrx_word' id='word_1_371' title='bbox 1509 1883 1538 1912; x_wconf 87' lang='lat' dir='ltr'>p.</span> <span class='ocrx_word' id='word_1_372' title='bbox 1554 1877 1583 1903; x_wconf 92' lang='lat'><strong>6.</strong></span> <span class='ocrx_word' id='word_1_373' title='bbox 1605 1878 1698 1913; x_wconf 81' lang='lat' dir='ltr'>atque</span> 
     </span>
     <span class='ocr_line' id='line_1_68' title="bbox 975 1923 1638 1960; baseline -0.002 -6"><span class='ocrx_word' id='word_1_374' title='bbox 975 1924 1056 1960; x_wconf 85' lang='lat' dir='ltr'>alibi,</span> <span class='ocrx_word' id='word_1_375' title='bbox 1073 1933 1136 1954; x_wconf 88' lang='lat' dir='ltr'>non</span> <span class='ocrx_word' id='word_1_376' title='bbox 1152 1923 1237 1954; x_wconf 85' lang='lat' dir='ltr'>aliud</span> <span class='ocrx_word' id='word_1_377' title='bbox 1252 1923 1468 1954; x_wconf 78' lang='lat' dir='ltr'>testimonium</span> <span class='ocrx_word' id='word_1_378' title='bbox 1483 1924 1638 1954; x_wconf 84' lang='lat' dir='ltr'>tribuunt:</span> 
     </span>
    </p>
   </div>
   <div class='ocr_carea' id='block_1_11' title="bbox 1264 1995 1413 2026">
    <p class='ocr_par' dir='ltr' id='par_1_19' title="bbox 1264 1995 1413 2026">
     <span class='ocr_line' id='line_1_69' title="bbox 1264 1995 1413 2026; baseline -0.013 0"><span class='ocrx_word' id='word_1_379' title='bbox 1264 1996 1285 2026; x_wconf 89' lang='lat' dir='ltr'><strong>I.</strong></span> <span class='ocrx_word' id='word_1_380' title='bbox 1310 1995 1344 2025; x_wconf 88' lang='grc' dir='ltr'>Ο.</span> <span class='ocrx_word' id='word_1_381' title='bbox 1370 1996 1413 2025; x_wconf 84' lang='grc' dir='ltr'>Μ.</span> 
     </span>
    </p>
   </div>
   <div class='ocr_carea' id='block_1_12' title="bbox 1202 2043 1467 2167">
    <p class='ocr_par' dir='ltr' id='par_1_20' title="bbox 1202 2043 1467 2167">
     <span class='ocr_line' id='line_1_70' title="bbox 1204 2043 1466 2072; baseline -0.004 0"><span class='ocrx_word' id='word_1_382' title='bbox 1204 2043 1334 2072; x_wconf 68' lang='lat' dir='ltr'>quom.</span> <span class='ocrx_word' id='word_1_383' title='bbox 1352 2052 1466 2071; x_wconf 55' lang='lat' dir='ltr'>mactus.</span> 
     </span>
     <span class='ocr_line' id='line_1_71' title="bbox 1268 2090 1410 2118; baseline -0.007 0"><span class='ocrx_word' id='word_1_384' title='bbox 1268 2090 1410 2118; x_wconf 69' lang='lat' dir='ltr'>Hssacom</span> 
     </span>
     <span class='ocr_line' id='line_1_72' title="bbox 1202 2137 1467 2167; baseline 0 -1"><span class='ocrx_word' id='word_1_385' title='bbox 1202 2137 1257 2167; x_wconf 72' lang='lat' dir='ltr'>Er.</span> <span class='ocrx_word' id='word_1_386' title='bbox 1274 2146 1375 2166; x_wconf 64' lang='lat' dir='ltr'>ccmo.</span> <span class='ocrx_word' id='word_1_387' title='bbox 1393 2146 1467 2166; x_wconf 71' lang='lat' dir='ltr'>Loci.</span> 
     </span>
    </p>
   </div>
   <div class='ocr_carea' id='block_1_13' title="bbox 974 2206 1700 2912">
    <p class='ocr_par' dir='ltr' id='par_1_21' title="bbox 974 2206 1697 2657">
     <span class='ocr_line' id='line_1_73' title="bbox 1020 2206 1696 2248; baseline -0.001 -9"><span class='ocrx_word' id='word_1_388' title='bbox 1020 2208 1100 2239; x_wconf 87' lang='lat' dir='ltr'>Ibid.</span> <span class='ocrx_word' id='word_1_389' title='bbox 1124 2210 1279 2238; x_wconf 76' lang='lat' dir='ltr'>antistare.</span> <span class='ocrx_word' id='word_1_390' title='bbox 1324 2207 1518 2248; x_wconf 84' lang='lat' dir='ltr'>Fulgentius,</span> <span class='ocrx_word' id='word_1_391' title='bbox 1541 2206 1580 2237; x_wconf 87' lang='lat' dir='ltr'>de</span> <span class='ocrx_word' id='word_1_392' title='bbox 1597 2207 1696 2246; x_wconf 82' lang='lat' dir='ltr'>prisco</span> 
     </span>
     <span class='ocr_line' id='line_1_74' title="bbox 975 2259 1697 2297; baseline 0 -7"><span class='ocrx_word' id='word_1_393' title='bbox 975 2270 1127 2297; x_wconf 83' lang='lat' dir='ltr'>sermone,</span> <span class='ocrx_word' id='word_1_394' title='bbox 1154 2265 1223 2289; x_wconf 85' lang='lat' dir='ltr'>sect.</span> <span class='ocrx_word' id='word_1_395' title='bbox 1252 2262 1302 2289; x_wconf 73' lang='lat'>28.</span> <span class='ocrx_word' id='word_1_396' title='bbox 1331 2262 1352 2276; x_wconf 88' lang='lat'><strong>“</strong></span> <span class='ocrx_word' id='word_1_397' title='bbox 1370 2260 1538 2296; x_wconf 49' lang='lat' dir='ltr'>Antistarffi</span> <span class='ocrx_word' id='word_1_398' title='bbox 1565 2259 1697 2290; x_wconf 87' lang='lat' dir='ltr'>dicimus</span> 
     </span>
     <span class='ocr_line' id='line_1_75' title="bbox 975 2310 1696 2351; baseline 0 -10"><span class='ocrx_word' id='word_1_399' title='bbox 975 2316 997 2330; x_wconf 89' lang='lat'><strong>“</strong></span> <span class='ocrx_word' id='word_1_400' title='bbox 1014 2310 1195 2351; x_wconf 80' lang='lat' dir='ltr'>praecellere.</span> <span class='ocrx_word' id='word_1_401' title='bbox 1241 2310 1403 2349; x_wconf 87' lang='lat' dir='ltr'>Crispinus</span> <span class='ocrx_word' id='word_1_402' title='bbox 1431 2310 1599 2341; x_wconf 70' lang='lat' dir='ltr'>Heraclea:</span> <span class='ocrx_word' id='word_1_403' title='bbox 1635 2311 1696 2341; x_wconf 85' lang='lat' dir='ltr'>Di-</span> 
     </span>
     <span class='ocr_line' id='line_1_76' title="bbox 975 2361 1695 2397; baseline 0.001 -6"><span class='ocrx_word' id='word_1_404' title='bbox 975 2367 997 2382; x_wconf 84' lang='lat'><strong>“</strong></span> <span class='ocrx_word' id='word_1_405' title='bbox 1014 2363 1093 2392; x_wconf 85' lang='lat' dir='ltr'>vinis</span> <span class='ocrx_word' id='word_1_406' title='bbox 1140 2362 1305 2392; x_wconf 80' lang='lat' dir='ltr'>virtutibus</span> <span class='ocrx_word' id='word_1_407' title='bbox 1351 2364 1488 2397; x_wconf 79' lang='lat' dir='ltr'>antistas,</span> <span class='ocrx_word' id='word_1_408' title='bbox 1539 2361 1695 2393; x_wconf 48' lang='lat' dir='ltr'>Alcides?</span> 
     </span>
     <span class='ocr_line' id='line_1_77' title="bbox 975 2412 1697 2452; baseline -0.001 -8"><span class='ocrx_word' id='word_1_409' title='bbox 975 2413 1138 2445; x_wconf 87' lang='lat' dir='ltr'>Cornelius</span> <span class='ocrx_word' id='word_1_410' title='bbox 1150 2413 1267 2452; x_wconf 72' lang='lat' dir='ltr'>NePOS‚</span> <span class='ocrx_word' id='word_1_411' title='bbox 1283 2412 1325 2443; x_wconf 89' lang='lat' dir='ltr'>iii.</span> <span class='ocrx_word' id='word_1_412' title='bbox 1343 2416 1371 2443; x_wconf 92' lang='grc'>1.</span> <span class='ocrx_word' id='word_1_413' title='bbox 1387 2416 1415 2442; x_wconf 79' lang='lat'>2.</span> <span class='ocrx_word' id='word_1_414' title='bbox 1432 2416 1454 2430; x_wconf 82' lang='lat'>“</span> <span class='ocrx_word' id='word_1_415' title='bbox 1472 2412 1512 2441; x_wconf 90' lang='lat' dir='ltr'>In</span> <span class='ocrx_word' id='word_1_416' title='bbox 1527 2413 1577 2442; x_wconf 91' lang='lat' dir='ltr'>his</span> <span class='ocrx_word' id='word_1_417' title='bbox 1591 2418 1697 2443; x_wconf 84' lang='lat' dir='ltr'>autem</span> 
     </span>
     <span class='ocr_line' id='line_1_78' title="bbox 974 2463 1695 2505; baseline -0.004 -9"><span class='ocrx_word' id='word_1_418' title='bbox 974 2465 1175 2505; x_wconf 81' lang='lat' dir='ltr'>“cognitum</span> <span class='ocrx_word' id='word_1_419' title='bbox 1205 2470 1260 2499; x_wconf 88' lang='lat' dir='ltr'>est,</span> <span class='ocrx_word' id='word_1_420' title='bbox 1297 2469 1414 2504; x_wconf 86' lang='lat' dir='ltr'>quanto</span> <span class='ocrx_word' id='word_1_421' title='bbox 1443 2465 1603 2494; x_wconf 76' lang='lat' dir='ltr'>antistaret</span> <span class='ocrx_word' id='word_1_422' title='bbox 1631 2463 1695 2494; x_wconf 86' lang='lat' dir='ltr'>elo-</span> 
     </span>
     <span class='ocr_line' id='line_1_79' title="bbox 975 2513 1697 2557; baseline -0.006 -11"><span class='ocrx_word' id='word_1_423' title='bbox 975 2520 997 2536; x_wconf 91' lang='lat'>“</span> <span class='ocrx_word' id='word_1_424' title='bbox 1013 2516 1138 2557; x_wconf 74' lang='lat' dir='ltr'>quentia</span> <span class='ocrx_word' id='word_1_425' title='bbox 1154 2514 1370 2544; x_wconf 84' lang='lat' dir='ltr'>innocentiae.’&#39;</span> <span class='ocrx_word' id='word_1_426' title='bbox 1416 2513 1470 2543; x_wconf 80' lang='lat' dir='ltr'>Ad</span> <span class='ocrx_word' id='word_1_427' title='bbox 1484 2523 1578 2553; x_wconf 87' lang='lat' dir='ltr'>quem</span> <span class='ocrx_word' id='word_1_428' title='bbox 1591 2513 1697 2542; x_wconf 90' lang='lat' dir='ltr'>locum</span> 
     </span>
     <span class='ocr_line' id='line_1_80' title="bbox 974 2562 1697 2603; baseline -0.007 -5"><span class='ocrx_word' id='word_1_429' title='bbox 974 2568 1072 2598; x_wconf 90' lang='lat' dir='ltr'>doctis</span> <span class='ocrx_word' id='word_1_430' title='bbox 1101 2565 1400 2596; x_wconf 81' lang='lat' dir='ltr'>animadversoribus</span> <span class='ocrx_word' id='word_1_431' title='bbox 1433 2563 1524 2603; x_wconf 83' lang='lat' dir='ltr'>piura</span> <span class='ocrx_word' id='word_1_432' title='bbox 1555 2562 1697 2602; x_wconf 82' lang='lat' dir='ltr'>exempla</span> 
     </span>
     <span class='ocr_line' id='line_1_81' title="bbox 975 2618 1218 2657; baseline -0.016 -8"><span class='ocrx_word' id='word_1_433' title='bbox 975 2618 1218 2657; x_wconf 79' lang='lat' dir='ltr'>suppeditantur.</span> 
     </span>
    </p>

    <p class='ocr_par' dir='ltr' id='par_1_22' title="bbox 974 2663 1696 2763">
     <span class='ocr_line' id='line_1_82' title="bbox 1016 2663 1696 2705; baseline -0.004 -6"><span class='ocrx_word' id='word_1_434' title='bbox 1016 2670 1092 2699; x_wconf 87' lang='lat' dir='ltr'>Ver.</span> <span class='ocrx_word' id='word_1_435' title='bbox 1111 2672 1162 2699; x_wconf 74' lang='grc'>25.</span> <span class='ocrx_word' id='word_1_436' title='bbox 1178 2669 1286 2698; x_wconf 80' lang='lat' dir='ltr'>multo:</span> <span class='ocrx_word' id='word_1_437' title='bbox 1314 2673 1354 2697; x_wconf 86' lang='grc' dir='ltr'>Π.</span> <span class='ocrx_word' id='word_1_438' title='bbox 1370 2663 1620 2705; x_wconf 63' lang='lat' dir='ltr'>longa—ferere.-</span> <span class='ocrx_word' id='word_1_439' title='bbox 1647 2664 1696 2696; x_wconf 88' lang='grc' dir='ltr'>Μ.</span> 
     </span>
     <span class='ocr_line' id='line_1_83' title="bbox 974 2721 1094 2763; baseline -0.008 -11"><span class='ocrx_word' id='word_1_440' title='bbox 974 2721 1094 2763; x_wconf 56' lang='lat' dir='ltr'>referre.</span> 
     </span>
    </p>

    <p class='ocr_par' dir='ltr' id='par_1_23' title="bbox 976 2765 1700 2912">
     <span class='ocr_line' id='line_1_84' title="bbox 1019 2765 1700 2802; baseline -0.007 -1"><span class='ocrx_word' id='word_1_441' title='bbox 1019 2772 1093 2802; x_wconf 89' lang='lat' dir='ltr'>Ver.</span> <span class='ocrx_word' id='word_1_442' title='bbox 1109 2774 1159 2800; x_wconf 76' lang='lat'><strong>24.</strong></span> <span class='ocrx_word' id='word_1_443' title='bbox 1184 2771 1359 2801; x_wconf 66' lang='lat' dir='ltr'>A&#39;emeaeus:</span> <span class='ocrx_word' id='word_1_444' title='bbox 1386 2765 1481 2796; x_wconf 81' lang='lat' dir='ltr'>vind.</span> <span class='ocrx_word' id='word_1_445' title='bbox 1496 2770 1532 2798; x_wconf 83' lang='grc' dir='ltr'>Σ.</span> <span class='ocrx_word' id='word_1_446' title='bbox 1548 2766 1700 2802; x_wconf 62' lang='lat' dir='ltr'>Nemetis,-</span> 
     </span>
     <span class='ocr_line' id='line_1_85' title="bbox 976 2817 1695 2860; baseline -0.006 -7"><span class='ocrx_word' id='word_1_447' title='bbox 976 2823 1018 2853; x_wconf 92' lang='lat' dir='ltr'>V.</span> <span class='ocrx_word' id='word_1_448' title='bbox 1041 2823 1090 2853; x_wconf 89' lang='lat' dir='ltr'>ed.</span> <span class='ocrx_word' id='word_1_449' title='bbox 1118 2834 1149 2854; x_wconf 83' lang='lat' dir='ltr'>ve</span> <span class='ocrx_word' id='word_1_450' title='bbox 1176 2833 1275 2857; x_wconf 83' lang='lat' dir='ltr'>meus;</span> <span class='ocrx_word' id='word_1_451' title='bbox 1297 2818 1381 2860; x_wconf 88' lang='lat' dir='ltr'>quod</span> <span class='ocrx_word' id='word_1_452' title='bbox 1404 2817 1515 2851; x_wconf 84' lang='lat' dir='ltr'>eodem</span> <span class='ocrx_word' id='word_1_453' title='bbox 1535 2817 1626 2850; x_wconf 87' lang='lat' dir='ltr'>redit:</span> <span class='ocrx_word' id='word_1_454' title='bbox 1655 2817 1695 2850; x_wconf 91' lang='lat'>0.</span> 
     </span>
     <span class='ocr_line' id='line_1_86' title="bbox 976 2871 1469 2912; baseline -0.01 -6"><span class='ocrx_word' id='word_1_455' title='bbox 976 2877 1122 2912; x_wconf 74' lang='lat' dir='ltr'>moriens5</span> <span class='ocrx_word' id='word_1_456' title='bbox 1151 2881 1195 2906; x_wconf 88' lang='grc' dir='ltr'>Ω.</span> <span class='ocrx_word' id='word_1_457' title='bbox 1211 2878 1326 2907; x_wconf 82' lang='lat' dir='ltr'>autem,</span> <span class='ocrx_word' id='word_1_458' title='bbox 1340 2871 1469 2903; x_wconf 77' lang='lat' dir='ltr'>veniens.</span> 
     </span>
    </p>
   </div>
  </div>
 </body>
</html>
