1926 3224
252 233 347 276 292

757 225 817 272 Τ.
847 221 1232 270 ‘LUCRETII
1268 224 1270 226 ’

393 355 583 401 Obficere
601 357 643 396 in
664 353 800 403 terris;
831 352 1001 407 adparet
1020 350 1201 392 crebrius
1219 351 1329 392 idem

394 432 618 486 Prospectu
638 428 762 469 maris
781 427 825 467 in
844 439 1012 482 magn0‚
1035 424 1218 480 coeloque
1236 425 1404 480 patenti.

279 511 362 548 450

449 502 603 545 Nubila
622 508 905 550 concrescunt,
927 498 998 539 ubi
1017 512 1192 553 corpora
1209 498 1338 539 multa
1355 497 1558 548 volandos

392 578 491 620 Hoc
510 590 631 632 super
649 576 692 615 in
712 573 802 616 coeli
822 572 968 628 spati0‚
990 571 1123 612 coiere
1142 578 1310 625 repente

391 651 632 706 Asperiora3
665 647 797 689 modis
816 661 910 703 quae
928 644 1085 701 possint
1104 644 1344 699 indupedita

393 725 568 781 Exiguis
586 732 724 765 tamen
744 722 852 762 inter
871 735 914 762 se
934 732 1150 774 conpressa
1168 718 1308 759 teneri.

393 799 503 840 Haec
522 797 675 839 faciunt
693 795 873 850 primum
892 807 1038 848 parvas
1057 792 1274 833 consistere
1293 791 1452 833 nubeis:

277 877 359 914 455
392 872 496 914 Inde
515 887 563 913 ea
581 868 868 926 conprendunt
888 867 995 910 inter
1015 881 1072 918 se,
1097 880 1256 922 conque
1274 873 1513 924 gregantur,

341 1029 499 1060 prospectum
507 1027 559 1052 late
567 1028 653 1061 pelago
663 1028 802 1061 petit—.

290 1091 370 1122 Ibid.
391 1093 522 1132 coeloque
533 1093 661 1131 patenti.
704 1090 807 1130 Idem,
833 1099 901 1131 geo.
927 1089 965 1120 iv.

249 1144 298 1174 77.

377 1228 424 1248 ver
435 1225 523 1247 nacta:
534 1221 642 1252 sudum,
652 1224 796 1253 camposque
803 1218 913 1252 patentis
921 1226 930 1243 .-

244 1289 264 1321 i.
279 1300 306 1321 e.
327 1292 432 1322 coelum
451 1297 570 1331 patens,
604 1289 652 1319 vel
678 1292 701 1307 “
723 1289 827 1318 a'e'rem
848 1295 963 1325 purum

243 1343 267 1359 “
282 1346 313 1371 et
326 1341 493 1382 liquidum,
516 1350 579 1370 non
595 1339 729 1369 nubibus
743 1338 900 1368 clausum:
933 1342 963 1366 et

242 1395 267 1411 “
282 1393 326 1423 ita
354 1396 418 1431 αὲν,
441 1403 567 1432 campus
593 1397 638 1421 est
671 1400 777 1430 apum,
811 1394 847 1419 ut
878 1399 964 1419 mare

243 1446 264 1462 “
280 1445 417 1480 navium,
434 1443 599 1474 hominum
615 1439 748 1472 solum.”
775 1441 856 1476 Quae
869 1441 963 1470 veris-

242 1495 321 1526 sima
334 1502 379 1527 est
396 1495 494 1525 Servii
511 1493 668 1533 expositio
689 1493 728 1523 ad
744 1492 862 1523 locum:
888 1501 962 1521 con-

240 1546 320 1577 feras
338 1547 412 1577 AEn.
432 1546 474 1576 vi.
490 1548 561 1576 888.

284 1597 355 1628 Ver.
382 1600 454 1628 450.
487 1598 624 1628 Nubila.-
661 1600 696 1627 Δ.
724 1595 963 1628 fiebam—Mox

240 1647 336 1679 vind.
352 1648 392 1678 V.
409 1647 461 1678 ed.
478 1650 567 1679 coire.

282 1699 362 1731 Ibid.
387 1701 509 1731 Nubila
534 1704 739 1731 concrescunt.
774 1697 869 1728 Hanc
895 1707 962 1727 rem

237 1757 346 1782 tractat
360 1751 519 1790 Epicurus
533 1750 616 1790 apud
636 1750 730 1790 Diog.
746 1749 846 1779 La'e'rt.
864 1758 892 1778 x.
910 1753 960 1780 99.

236 1802 290 1843 qui
307 1801 450 1832 studiosis
465 1802 632 1832 lectoribus
647 1799 809 1831 adeundus
825 1806 879 1829 est.

281 1853 356 1883 Ver.
372 1855 444 1884 451.
465 1854 533 1883 coeli
546 1853 651 1891 spatio.
682 1849 886 1886 Mantuanus,
904 1848 958 1880 ecl.

237 1902 281 1933 iii.
297 1905 367 1934 105.

266 1975 328 2000 Tris
336 1978 422 2008 pateat
431 1975 485 2001 coeli
495 1975 617 2008 spatium,
628 1981 682 2000 non
692 1974 815 2007 amplius,
827 1974 911 2000 ulnas.

278 2039 354 2069 Ver.
381 2042 451 2070 452.
473 2050 558 2079 quoe:
593 2039 636 2069 V.
659 2037 706 2068 ed.
730 2039 767 2068 Β.
792 2049 863 2079 quo,·
898 2047 955 2067 nec

238 2089 330 2120 male.

279 2140 359 2172 Ibid.
381 2143 477 2172 modis
500 2142 681 2180 indupedita
704 2141 828 2179 exiguis.
869 2139 956 2170 Ordo

235 2198 267 2222 et
281 2192 432 2222 sententia
446 2197 504 2222 est:
532 2195 555 2210 “
572 2192 652 2227 Quae
675 2192 821 2231 impedita
844 2197 875 2220 et
896 2191 955 2220 im-

235 2245 259 2261 “
274 2243 386 2282 plicata
401 2245 496 2274 modis
509 2244 639 2282 exiguis,
668 2243 687 2272 i.
703 2252 728 2272 e.
745 2240 878 2279 modice,
900 2250 957 2271 nec

236 2296 261 2312 “
276 2293 370 2324 nimis
385 2300 461 2332 arte,
476 2299 530 2324 aut
545 2293 701 2330 adstricto,
724 2293 842 2332 possint
853 2299 957 2323 tamen

237 2346 260 2362 “
276 2344 437 2384 complexa
451 2344 633 2375 cohaerere.”
657 2344 839 2374 Lambinus.

276 2395 350 2425 Ver.
370 2399 440 2427 453.
465 2397 613 2436 Eriguis:
645 2395 686 2426 V.
718 2395 765 2426 ed.
793 2397 843 2426 Ex
865 2397 956 2435 ignis,

232 2456 336 2477 errore
351 2447 477 2486 duplici.
523 2448 654 2487 Nempe,
682 2460 716 2478 το
732 2458 752 2478 u
768 2457 840 2477 cum
855 2459 877 2478 η
892 2447 954 2486 pri-

233 2508 287 2528 mo
302 2504 460 2529 mutatum
475 2505 530 2536 est,
546 2499 620 2530 dein
631 2499 781 2538 separatio
792 2500 956 2529 verborum

231 2548 539 2591 facta—conpressa:
561 2557 605 2582 Ω.
620 2561 824 2590 comprenssa;
846 2550 953 2590 vulgo,

232 2611 419 2641 comprensa,
436 2612 476 2632 ne
491 2611 556 2632 uno
570 2601 710 2642 quidem,
726 2601 772 2631 uti
786 2601 953 2631 vehemen-

232 2656 279 2681 ter
293 2652 439 2692 suspicor,
456 2659 557 2683 vetere
571 2652 650 2683 libro
664 2652 838 2683 addicente.
867 2652 955 2683 Hinc

233 2702 405 2734 multorum
427 2704 577 2735 librorum
600 2705 765 2736 lectionem
787 2704 952 2735 libentissi-

233 2763 285 2784 me
300 2755 417 2794 accipio
430 2755 470 2786 ad
484 2756 613 2797 Virgilii
630 2757 704 2787 AEn.
720 2756 760 2786 xi.
777 2760 795 2787 7
799 2760 848 2786 25.
863 2762 899 2787 ut
909 2755 954 2787 ef-

233 2803 407 2834 ficaciorem
423 2805 531 2846 longe;
556 2807 737 2846 praesertim,
761 2817 861 2848 quum
882 2817 952 2847 pro-

234 2854 335 2885 babile
349 2855 388 2885 sit
402 2856 575 2887 maximum
590 2858 692 2889 virum
708 2868 772 2889 non
788 2858 953 2890 immemo-

231 2915 298 2936 rem
314 2906 451 2938 Lucretii
465 2907 559 2938 fuisse
574 2921 579 2939 :

1026 1025 1115 1056 Quam
1125 1024 1205 1050 facile
1214 1023 1343 1055 accipiter
1353 1028 1420 1047 saxo
1431 1027 1504 1047 sacer
1514 1020 1567 1046 ales
1577 1020 1610 1046 ab
1620 1020 1675 1046 alto

1025 1064 1213 1094 Consequitur,
1229 1062 1320 1094 pennis
1331 1061 1473 1086 sublimem
1485 1061 1512 1085 in
1528 1060 1611 1091 nube,
1627 1060 1731 1085 colum-

1135 1103 1207 1125 bam·

1021 1118 1235 1175 Conpressamqiie
1246 1144 1322 1171 tenet,
1332 1141 1496 1173 pedibusque
1506 1140 1635 1167 eviscerat
1643 1140 1730 1166 uncia.

1008 1212 1099 1242 Certe
1113 1211 1207 1242 affine
1221 1216 1268 1241 est
1281 1211 1386 1242 otiosae
1397 1210 1466 1242 voci
1475 1210 1637 1251 vulgatum
1653 1213 1730 1243 Con-

1000 1272 1154 1301 preusam.
1198 1261 1336 1300 Deinde,
1352 1262 1471 1301 phrasis
1478 1263 1607 1302 pedibus
1620 1264 1730 1294 evisce-

1005 1318 1056 1343 rat
1081 1315 1178 1348 uncis,
1202 1322 1259 1343 nec
1285 1312 1399 1349 servio,
1431 1323 1488 1344 nec
1511 1313 1565 1344 alii
1591 1313 1730 1352 cuilibet,

1005 1363 1125 1403 opinor,
1136 1365 1231 1404 probe
1242 1363 1409 1402 intellecta,
1422 1364 1550 1404 pulchre
1561 1364 1731 1396 dictionem

1007 1426 1195 1456 conpressam
1212 1415 1360 1455 explicat:
1385 1416 1404 1446 i.
1420 1427 1446 1446 e.
1470 1419 1493 1435 “
1508 1422 1573 1446 tam
1584 1414 1686 1447 valida
1699 1420 1732 1446 et

1008 1470 1030 1485 “
1045 1467 1111 1497 artii
1142 1467 1369 1506 compressione
1405 1473 1501 1504 tenet,
1541 1473 1578 1499 ut
1605 1477 1730 1508 ungues

1009 1523 1031 1538 “
1046 1520 1141 1551 etiam
1162 1527 1324 1559 penetrent
1346 1521 1379 1551 in
1394 1519 1540 1552 viscera.”
1579 1520 1729 1560 Princeps

1007 1572 1093 1603 locus
1106 1572 1140 1602 in
1159 1572 1302 1603 Homero
1317 1578 1374 1612 est,
1392 1572 1452 1604 Od.
1467 1580 1500 1605 ο.
1515 1575 1586 1605 526.

1026 1663 1123 1696 Κιρκος,
1139 1661 1286 1690 Axona-1705
1299 1672 1383 1695 ταχυς
1397 1667 1517 1694 αγγελος·
1530 1671 1550 1689 ει
1565 1662 1589 1688 δε
1601 1661 1700 1688 rabum

1025 1709 1106 1733 Τιλλι
1119 1712 1217 1733 :remam
1229 1714 1299 1742 εχων·
1310 1719 1386 1735 κατα
1400 1709 1424 1735 δε
1436 1718 1515 1744 πτερω
1526 1718 1592 1743 χευευ
1611 1708 1686 1745 epaga-
1725 1723 1728 1726 Δ

1004 1785 1194 1825 Hesychius:
1220 1793 1329 1824 τιλλει,
1347 1792 1566 1819 ΔῙΑΒΑΛΛΕῙ.
1602 1787 1646 1818 Et
1659 1788 1727 1817 haec

1002 1837 1104 1877 glossa
1126 1844 1190 1868 tam
1214 1839 1405 1877 primariam,
1432 1849 1526 1879 quam
1548 1837 1727 1870 secundari-

1002 1899 1066 1926 am,
1097 1890 1237 1920 vocabuli
1268 1890 1528 1931 significan'onem
1549 1889 1728 1921 felicissime

998 1941 1175 1979 respexerit.
1225 1941 1437 1973 Phavorinus:
1481 1948 1588 1976 Τιλλυ.
1626 1955 1727 1981 cepam,

1000 2006 1172 2035 σπαραττω.
1198 1993 1279 2029 Quae
1294 2004 1357 2023 non
1373 1995 1479 2024 minus
1489 1993 1629 2033 apposita
1643 1998 1725 2024 sunt.

1004 2042 1172 2079 Caeterum,
1197 2044 1254 2074 hos
1271 2054 1376 2074 versus
1398 2044 1590 2084 Virgilianos
1611 2043 1644 2074 in
1659 2043 1725 2074 edi-

999 2094 1084 2124 tione
1107 2094 1211 2125 nostra
1240 2095 1315 2125 alias
1339 2095 1434 2126 etiam
1455 2096 1612 2126 verissime
1634 2095 1724 2126 casti-

999 2146 1155 2187 gavimus:
1181 2146 1221 2177 ad
1235 2157 1331 2187 quam
1347 2147 1475 2178 lectores
1493 2147 1682 2188 ablegamus.

1042 2197 1116 2228 Ver.
1132 2201 1203 2229 455.
1226 2201 1448 2238 conprendunt:
1477 2199 1515 2230 O.
1531 2201 1724 2239 comprehen-

1000 2251 1089 2285 dura,-
1116 2259 1209 2290 quem
1225 2249 1356 2280 modum
1377 2250 1606 2291 orthographiae
1628 2250 1723 2280 mini·

1000 2310 1052 2330 me
1081 2299 1326 2340 abjudicandum
1359 2300 1489 2331 arbitror
1526 2301 1725 2333 Lucretio.—

1002 2362 1135 2391 conque:
1161 2350 1255 2382 Vind.
1268 2363 1398 2392 cunque.
1724 2358 1726 2360 ’

1045 2403 1118 2433 Ver.
1144 2406 1215 2434 456.
1245 2404 1477 2445 conjungundo:
1502 2409 1613 2435 neutre
1638 2403 1723 2444 posi·

999 2459 1067 2484 tum
1083 2459 1137 2490 est,
1161 2464 1217 2493 pro
1231 2465 1261 2485 se
1277 2455 1502 2495 conjungundo.

1043 2505 1115 2536 Ver.
1142 2508 1212 2537 457.
1243 2512 1401 2546 tempestas
1428 2517 1506 2538 saeva
1537 2512 1638 2538 coorta
1670 2512 1722 2538 est.

1000 2557 1074 2588 Non
1089 2557 1190 2588 multo
1205 2557 1293 2588 aliter
1308 2558 1471 2599 Virgilius,
1487 2568 1557 2598 geo.
1575 2557 1620 2588 iii.
1635 2559 1710 2589 478.

1192 2646 1288 2672 morbo
1299 2645 1363 2671 coeli
1372 2645 1516 2670 miseranda
1526 2647 1610 2670 coorta
1622 2646 1658 2668 est

1030 2688 1241 2719 Tempestas—..

1040 2758 1114 2789 Ver.
1126 2761 1198 2791 459.
1212 2761 1349 2799 quoique.
1371 2756 1645 2799 Elegantissimam
1660 2765 1717 2795 po-

997 2808 1056 2839 ’e'tae
1070 2809 1253 2848 scripturam
1269 2810 1312 2840 sic
1338 2808 1423 2839 haud
1444 2808 1538 2838 dubie
1559 2817 1597 2838 ex
1611 2813 1719 2846 operto

997 2860 1243 2890 resuscitavimus
1263 2859 1346 2890 haud
1369 2857 1555 2899 ambigenda
1569 2856 1716 2888 emenda-

997 2910 1089 2941 tione.
1133 2910 1241 2952 Vulgo
1256 2910 1404 2942 nimirum
1424 2908 1513 2941 scribi
1535 2908 1611 2939 solet
1631 2903 1720 2949 quoess
