1926 3224
298 229 395 270 200

774 228 836 275 Τ.
880 226 1258 276 LUCRETII

442 356 540 398 Non
560 354 697 396 divom
717 370 862 410 pacem
880 357 983 397 votis
1003 356 1104 407 adit,
1136 372 1184 398 ac
1201 371 1322 412 prece
1341 360 1486 413 quaesit

441 429 670 470 Ventorum
689 429 860 484 pavidus
879 444 1014 485 paces,
1047 430 1284 486 animasque
1303 431 1523 474 secundas?

301 506 408 543 1230
439 502 745 558 Nequidquam:
777 503 987 558 quoniam,
1018 503 1195 545 violento
1217 503 1380 545 turbine
1400 519 1508 560 saepe

440 576 688 631 Conreptus,
719 575 849 617 nihilo
867 575 996 618 fertur
1015 578 1150 618 minus
1171 577 1224 618 ad
1243 577 1348 618 vada
1366 578 1448 620 leti.

438 649 582 705 Usque
601 649 704 691 adeo
725 664 788 691 res
807 649 1008 691 humanas
1027 651 1086 691 vis
1106 651 1245 692 abdita
1263 651 1454 706 quaedam

438 722 621 773 Obterit3
654 732 695 764 et
713 722 905 778 pulchros
925 722 1065 773 fasces,
1096 738 1302 779 saevasque
1323 739 1496 776 secures,

438 796 698 846 Proculcare‚
730 810 777 838 ac
796 795 974 837 ludibrio
994 796 1069 838 sibi
1088 796 1254 848 habere,
1286 797 1458 839 videtur.

336 951 410 983 Ver.
427 955 520 983 1228.
541 955 608 984 adit
623 964 677 985 ac:
696 953 794 984 Vind.
808 955 875 985 adit
881 968 892 989 ‚·
913 953 952 984 V.
968 954 1015 985 ed.

291 1006 406 1045 adyta5
430 1010 465 1035 A.
482 1011 524 1035 Π.
543 1010 578 1037 Σ.
601 1007 719 1036 addita.

337 1055 418 1086 Ibid.
439 1055 538 1087 divc'im
559 1067 675 1097 pacem.
720 1057 923 1094 Mantuanus,
941 1058 1015 1088 AEn.

289 1105 334 1136 iii.
348 1109 423 1138 570.

383 1181 486 1205 Exorat
493 1184 581 1213 pacem
592 1180 754 1207 divbm—.

334 1242 416 1274 Ibid.
434 1255 541 1283 pacem
568 1247 643 1275 adit.
688 1245 816 1275 Phrasis
836 1243 952 1283 templa
965 1254 1013 1274 re-

286 1293 388 1332 spicit,
403 1305 474 1334 quae
484 1295 675 1325 consultores
686 1295 816 1325 deorum
830 1294 1013 1335 ingrediun-

287 1349 350 1374 tur.
395 1344 487 1375 Idem
502 1345 668 1386 Virgilius,
689 1346 764 1375 AEn.
779 1345 818 1375 iv.
834 1348 884 1376 56.

316 1426 456 1458 Principio,
467 1426 570 1451 delubra
582 1426 687 1456 adeum,
695 1430 836 1459 pacemque
846 1433 894 1459 per
903 1432 960 1451 aras

318 1466 536 1499 Exquimmt—

329 1539 412 1569 Ibid.
424 1550 534 1579 pacem
549 1542 624 1571 votis
638 1551 675 1571 ac
685 1551 775 1580 prece
789 1543 907 1581 quaesie.
932 1541 1010 1572 Om-

285 1601 342 1621 nes
363 1591 503 1622 Lucretii
529 1591 700 1622 locutiones
714 1592 870 1633 Virgilius
895 1593 1013 1625 studio-

286 1641 406 1672 sissime
427 1643 608 1682 absumpsit.
655 1643 705 1673 Sic
725 1644 809 1674 enim
825 1644 878 1675 ille
899 1645 1012 1676 iterum

284 1692 411 1729 ibidem,
432 1693 476 1723 iii.
493 1697 563 1725 261.

317 1767 367 1791 sed
379 1766 461 1796 votis,
467 1766 638 1799 precibusque,
652 1768 748 1798 jubent
758 1772 889 1801 exposcere
894 1772 991 1801 pacem.

330 1836 410 1867 Ibid.
441 1839 559 1876 quoesit.
614 1837 720 1868 Adeas
748 1838 788 1869 ad
818 1839 946 1869 Festum
978 1839 1010 1870 in

285 1897 359 1918 voce
379 1889 504 1923 Quaeso;
529 1893 560 1917 et
574 1888 724 1926 Phocam,
747 1895 802 1919 art.
827 1900 959 1930 gramm.
982 1901 1010 1930 p.

288 1941 379 1969 1718.
425 1937 573 1969 Similiter
589 1938 731 1975 Plautus,
747 1940 858 1971 Bacch.
875 1940 905 1971 ii.
922 1945 950 1971 2.
970 1945 995 1972 1.

315 2011 414 2035 Mirum
437 2014 487 2040 est,
507 2018 563 2041 me,
584 2014 616 2036 ut
637 2012 758 2043 redeam,
785 2017 814 2039 te
833 2021 913 2046 opere
934 2018 1011 2039 tanto

393 2056 513 2082 quesere.

286 2121 398 2161 Neque
418 2120 453 2150 in
468 2122 525 2151 hac
547 2121 642 2152 etiam
663 2123 837 2154 vetustioris
859 2126 1011 2156 sermonis

284 2172 421 2202 formula
460 2182 525 2203 nou
560 2173 660 2203 voluit
695 2175 881 2215 magistrum
923 2177 1010 2217 sequi

284 2229 409 2263 propter
446 2223 713 2262 impensissimum
750 2236 890 2256 amorem
927 2234 1010 2258 vates

286 2275 480 2314 Minciunus,
496 2275 530 2305 in
547 2277 621 2307 AEn.
637 2276 680 2307 iii.
695 2280 769 2309 558.

330 2357 374 2383 His
385 2360 477 2383 vatem
488 2358 628 2390 adgredior
638 2358 726 2389 dictis,
737 2366 768 2384 ac
779 2360 842 2385 talia
851 2367 944 2393 queso.

285 2426 470 2468 Adjungam
486 2427 670 2458 Ciceronem
685 2429 718 2458 in
735 2429 846 2467 Arato,
861 2440 922 2460 ver.
943 2435 992 2462 84.

294 2509 476 2534 Andromeda:
489 2509 560 2534 laevo
570 2516 609 2534 ex
619 2509 733 2535 humero
743 2511 764 2534 si
773 2518 882 2543 quesere
891 2519 993 2545 perges.

288 2583 430 2615 Quoerere
455 2581 640 2611 recentiores
665 2581 763 2613 editos
779 2593 940 2623 perperam
955 2595 1006 2615 oc.

284 2631 415 2670 cupavit.

328 2692 402 2721 Ver.
428 2695 520 2724 1229.
550 2694 728 2724 Ventorum:
767 2695 805 2725 O.
834 2700 874 2726 A.
900 2697 1004 2726 Aura-

283 2752 370 2778 rum‚·
404 2743 487 2782 quod
522 2753 594 2774 vero
629 2744 826 2776 simillimum
863 2746 1004 2784 arbitror,

283 2803 382 2834 quum
412 2802 515 2825 noster
542 2798 720 2829 varietatem
743 2801 886 2839 phraseos
914 2811 1005 2839 opere

283 2844 422 2874 maximo
436 2847 543 2876 sectari
559 2847 662 2879 soleat.
701 2850 813 2880 Obstat
829 2857 932 2880 tamen
946 2850 1003 2880 ali-

282 2895 471 2937 quantulum
488 2898 655 2935 Arnobius,
673 2899 722 2930 lib.
738 2901 758 2931 i.
777 2912 805 2940 p.
823 2905 851 2932 2.
877 2905 899 2920 “
915 2901 1003 2932 Num

1001 2963 1023 2990 3

1061 957 1082 974 “
1099 955 1176 996 quid
1204 965 1275 985 suas
1303 956 1425 985 animas
1454 954 1685 993 exspiraverunt
1712 966 1782 987 ven-

1060 1005 1213 1036 “tc'—?''
1251 1015 1320 1045 quae
1349 1010 1424 1034 sunt
1457 1005 1618 1043 impendio
1645 1013 1782 1037 venusta.

1059 1055 1100 1086 V.
1116 1055 1164 1086 ed.
1197 1057 1374 1091 Veniorum;
1405 1061 1446 1084 Π.
1481 1057 1645 1090 Venorum;
1672 1061 1706 1088 Σ.
1729 1058 1783 1087 Ve-

1058 1107 1193 1136 uiarum.

1102 1163 1182 1194 Ibid.
1199 1174 1300 1203 paces.
1347 1163 1399 1193 Sic
1414 1163 1508 1194 etiam
1525 1164 1658 1195 Plautus
1674 1164 1709 1195 in
1724 1175 1785 1196 nu-

1058 1227 1145 1248 mero
1169 1216 1393 1256 multitudinis,
1417 1219 1580 1258 “pacibus
1605 1218 1784 1258 perfectis,”

1057 1269 1143 1300 Pers.
1166 1279 1195 1299 v.
1223 1271 1251 1298 1.
1278 1271 1303 1299 1.
1326 1268 1381 1299 ubi
1405 1269 1508 1299 videas
1536 1269 1729 1310 interpretes,
1752 1276 1785 1302 et

1058 1320 1215 1358 Nonium,
1238 1320 1269 1350 ii.
1284 1323 1356 1351 621.

1100 1380 1181 1411 Ibid.
1203 1381 1336 1418 animas,
1364 1393 1485 1419 avepoef:
1521 1380 1588 1411 redi
1617 1391 1677 1412 ver.
1707 1385 1783 1418 257,

1055 1432 1140 1463 unde
1165 1431 1295 1461 forsitan
1321 1431 1375 1461 illa
1400 1431 1531 1462 varietas
1557 1434 1720 1464 Aurem-um
1744 1433 1785 1464 sit

1054 1485 1185 1516 invecta.

1097 1545 1172 1576 Ver.
1197 1549 1287 1578 1230.
1308 1547 1429 1578 turbine
1454 1547 1627 1588 Conreptus,
1673 1547 1784 1587 blato,

1058 1598 1132 1628 AEn.
1148 1597 1167 1628 i.
1187 1601 1238 1630 45.

1178 1680 1286 1705 Turbine
1294 1680 1487 1713 conripur't—-.

1097 1752 1173 1782 Ver.
1193 1756 1283 1783 1231.
1305 1756 1346 1784 ael
1362 1756 1439 1785 vada
1461 1755 1531 1784 leti:
1558 1753 1652 1784 Vind.
1668 1754 1709 1785 V.
1731 1754 1779 1786 ed.

1055 1808 1089 1835 Δ.
1107 1810 1141 1836 Σ.
1160 1816 1241 1845 aqua
1258 1807 1369 1836 deleti:
1395 1805 1523 1846 quidam
1548 1805 1599 1836 Pii
1623 1805 1711 1836 codd.
1737 1808 1779 1837 ad

1054 1858 1131 1886 vada
1157 1857 1264 1892 lethes-,-
1298 1856 1464 1894 Heinsius,
1493 1857 1526 1887 in
1554 1857 1685 1888 Anthol.
1710 1857 1779 1888 Lat.

1055 1906 1163 1936 Burm.
1180 1906 1218 1936 iv.
1237 1910 1283 1937 15.
1301 1910 1350 1936 21.
1372 1909 1414 1937 ad
1430 1909 1508 1938 vada
1525 1908 1643 1939 Leelzoe.
1688 1907 1780 1939 Mor-

1055 1959 1142 1990 dicus
1156 1966 1281 2000 egomet
1295 1960 1458 2001 vulgatum
1473 1967 1607 1991 teneam.

1098 2018 1178 2049 Ibid.
1197 2019 1306 2060 fertur
1326 2021 1368 2049 ad
1393 2021 1481 2050 vada.
1527 2020 1632 2058 Maro,
1659 2020 1733 2050 z'En.
1756 2019 1777 2053 i,

1054 2073 1125 2101 556.

1053 2156 1156 2186 Quum,
1166 2155 1253 2180 subito
1264 2155 1407 2187 adsurgens
1417 2155 1513 2185 fluctu,
1525 2154 1660 2180 nimbosus
1671 2155 1754 2180 Orion

1054 2204 1084 2225 171
1095 2201 1171 2226 vada
1181 2202 1394 2227 caemtu1i1—.

1055 2277 1115 2307 Sed
1151 2277 1258 2307 nullus
1286 2276 1439 2316 dubitem,
1470 2276 1546 2319 quin
1576 2277 1626 2308 vel
1654 2277 1706 2308 hic
1733 2280 1776 2309 ad

1051 2328 1214 2367 scripserit,
1243 2328 1293 2358 vel
1318 2334 1423 2359 noster
1449 2331 1499 2364 in;
1527 2339 1626 2370 usque
1647 2328 1725 2361 adeo
1741 2328 1774 2360 in

1050 2379 1198 2410 omnibus
1211 2380 1386 2410 consentire
1400 2379 1457 2410 sibi
1472 2379 1586 2410 solent:

1327 2475 1417 2482 —-
1430 2468 1499 2494 pene
1509 2461 1628 2494 gemelli,

1050 2509 1179 2535 fraternis
1189 2509 1301 2541 auimis;
1318 2509 1445 2541 quicquid
1457 2513 1537 2542 negat
1548 2509 1625 2540 alter,
1642 2512 1671 2534 et
1680 2509 1756 2536 alter.

1092 2587 1166 2618 Ver.
1192 2591 1282 2619 1255.
1317 2590 1444 2620 Obeerit:
1483 2589 1532 2619 M.
1565 2589 1683 2628 Oper1't;
1718 2588 1774 2627 qui

1047 2638 1193 2679 migravit
1216 2649 1300 2669 error
1324 2649 1361 2670 ex
1389 2638 1607 2680 orthographia
1636 2639 1769 2678 Opterit:

1049 2699 1124 2720 nam
1139 2701 1175 2721 ea
1189 2701 1247 2721 vox
1264 2691 1453 2731 conspicitur
1466 2692 1500 2721 in
1524 2690 1564 2721 Ο.
1580 2694 1617 2720 Δ.

1092 2749 1164 2780 Ver.
1195 2753 1284 2781 1255.
1315 2751 1387 2781 sub:
1421 2748 1517 2780 vind,
1546 2751 1612 2784 su1';
1649 2753 1683 2779 Σ.
1713 2750 1772 2780 sin.

1049 2801 1104 2830 An
1118 2811 1175 2839 pro
1189 2803 1253 2833 sis?
1279 2801 1411 2840 Nempe,
1426 2803 1468 2832 sis
1483 2801 1620 2840 pedibus,
1637 2809 1693 2839 pro
1707 2801 1772 2831 suis

1047 2853 1219 2887 radicibus‚·
1256 2858 1293 2882 ut
1316 2854 1407 2891 pedes
1437 2854 1557 2891 montis,
1586 2851 1653 2882 alii:
1687 2851 1772 2892 quod

1047 2902 1313 2944 elegantissimum
1329 2902 1443 2933 fuisset.
