1926 3224
376 232 470 274 246

881 226 942 274 T.
992 224 1369 274 LUCRETII

522 356 637 406 Quid
656 354 821 402 faciant,
842 359 884 393 et
902 352 982 409 qua
1003 352 1055 394 de
1074 352 1213 395 caussa
1231 355 1437 410 quomque
1455 355 1661 409 ferantur3

432 434 485 472 85
517 430 583 472 Ne
602 427 793 482 trepides,
815 426 906 468 coeli
925 426 1061 468 divisis
1080 427 1264 482 partibus
1283 442 1438 479 amens,

517 501 642 544 Unde
663 500 801 541 volans
820 499 927 557 ignis
945 501 1192 556 pervenerit,
1214 509 1284 542 aut
1303 501 1347 542 in
1367 509 1503 543 utram
1523 517 1566 544 se

515 575 699 617 Vorterit
717 574 814 616 hinc
833 575 1002 630 partim3
1035 590 1116 631 quo
1135 583 1256 630 pacto
1275 590 1350 630 per
1368 575 1458 616 loca
1477 583 1604 632 saepta

519 649 757 699 Insinuarit‚
780 656 820 690 et
839 649 936 690 hinc
955 649 1188 690 dominatus
1207 657 1253 690 ut
1272 649 1464 691 extulerit
1483 665 1538 692 se.

515 723 707 773 Quorum
728 737 900 778 operum
920 739 1079 764 caussas
1098 723 1206 764 nulla
1227 723 1385 764 ratione
1405 724 1545 765 videre

428 802 483 839 90
514 797 706 848 Possunt,
729 812 777 838 ac
796 796 882 837 fieri
905 796 1045 838 divino
1065 797 1233 838 numine
1253 805 1407 838 rentur.

571 871 640 911 Tu
660 870 777 921 mihi,
800 886 1001 925 supremae
1021 872 1259 926 praescripta
1278 871 1329 912 ad
1351 871 1527 912 candida
1547 871 1654 913 callis

515 944 724 993 Currenti,
747 944 921 998 spatium
940 953 1226 999 praemonstra,
1248 944 1391 985 callida
1412 944 1551 995 Musa,

412 1098 487 1130 Ver.
502 1102 554 1130 86.
576 1105 696 1129 utram:
724 1098 762 1128 V.
789 1098 836 1129 ed.
856 1109 912 1138 pro
933 1109 994 1130 var.
1016 1099 1085 1130 lect.

367 1151 684 1186 vitam—Caeterum,
699 1160 799 1190 quum
814 1152 904 1190 poeta
919 1161 982 1181 non
997 1151 1089 1181 faciat

366 1202 474 1242 ignem
489 1212 581 1241 usque
597 1204 638 1232 ad
653 1201 812 1231 hominem
824 1204 937 1239 venire,
953 1208 1008 1231 aut
1016 1207 1088 1231 ante

367 1253 460 1292 pedes
474 1253 542 1293 ejus
557 1253 711 1291 decidere,
727 1252 833 1283 nullus
845 1253 994 1288 dubitem,
1009 1252 1087 1292 quin

365 1304 533 1344 scripserit:

459 1385 539 1410 Unde
550 1384 641 1409 volans
652 1384 718 1416 ignis
726 1383 946 1415 provenerit—.

367 1457 420 1488 Ob
434 1457 593 1495 scripturae
614 1455 794 1485 brevitatem
809 1454 925 1485 scilicet
946 1465 1010 1486 non
1027 1467 1085 1496 pro

364 1513 397 1539 et
406 1519 462 1548 per
477 1505 695 1537 tantummodo
717 1505 831 1545 passim
852 1506 1023 1545 permutari
1038 1516 1086 1536 so-

365 1558 441 1595 lent,
464 1557 518 1588 sed
533 1558 661 1598 integrae
676 1567 767 1587 voces
789 1557 883 1587 etiam
900 1560 1043 1597 pervenio
1058 1563 1088 1587 et

359 1611 521 1650 provem'o:
547 1609 618 1640 vide
632 1620 702 1651 quae
717 1619 773 1640 nos
789 1609 865 1639 olim
881 1608 1025 1640 dedimus
1045 1609 1086 1640 ad

364 1660 454 1701 Virg.
470 1670 538 1701 geo.
552 1660 595 1691 iii.
612 1663 662 1691 87.
677 1660 808 1690 minime
823 1660 1008 1699 poenitenda.

405 1712 481 1743 Ver.
496 1715 547 1743 87.
565 1714 702 1752 partim.-
726 1711 769 1741 sic
790 1711 907 1751 optime
931 1712 978 1742 M.
995 1711 1034 1742 Ο.
1051 1716 1085 1743 Σ.

363 1763 573 1805 antiquiorem
589 1763 628 1794 ad
644 1763 910 1804 orthographiam,
923 1768 960 1793 ut
972 1762 1005 1792 in
1020 1769 1086 1793 tur-

362 1817 436 1853 rim,
459 1818 573 1851 navim,
604 1820 637 1845 et
660 1815 730 1845 aliis
755 1814 942 1855 quibusdam
971 1814 1086 1844 mansit

361 1864 482 1896 diutius
488 1878 497 1903 ;
532 1865 636 1906 vulgo,
664 1872 781 1905 partem
791 1879 801 1896 .·
837 1866 1022 1906 progredere
1046 1866 1087 1896 ad

364 1926 427 1947 ver.
440 1920 512 1948 585.

407 1970 488 2002 Ibid.
510 1972 595 2009 hinc,
608 1970 768 2005 δεικτικωςθ
786 1971 839 2001 sed
854 1971 962 2002 malim
979 1978 1086 2003 tamen

362 2027 489 2062 egomet
517 2023 583 2058 hic;
615 2027 651 2052 ut
674 2021 757 2052 infra
781 2022 907 2062 legitur,
929 2032 990 2053 ver.
1014 2026 1086 2054 385.

362 2077 394 2102 et
407 2083 490 2103 nunc
505 2072 603 2102 etiam
621 2078 661 2102 Π.
679 2071 787 2102 codex.

406 2122 483 2152 Ver.
500 2125 551 2152 88.
573 2124 764 2153 dominatus:
783 2122 803 2153 i.
818 2133 844 2154 e.
859 2123 998 2154 maximo
1012 2134 1086 2154 cum

362 2173 483 2213 impetu
498 2183 712 2213 perrumpenS‚
735 2179 771 2204 ut
785 2173 892 2212 victor,
915 2180 947 2205 et
959 2185 1085 2214 regnum

361 2225 450 2266 quasi
464 2227 633 2265 possidens:
653 2224 719 2255 redi
728 2224 768 2255 ad
782 2225 813 2256 ii.
828 2227 898 2257 957.
922 2225 1084 2266 Virgilius,

361 2285 432 2317 geo.
448 2276 469 2306 i.
487 2279 557 2307 154.

391 2354 494 2380 Infelix
502 2354 610 2384 ioiium,
620 2356 648 2380 et
657 2354 757 2380 steriles
768 2354 931 2380 dominantur
940 2361 1053 2381 avenae:

359 2424 381 2456 i.
399 2435 425 2456 e.
443 2425 591 2456 latissime
605 2425 774 2465 imperium
785 2431 967 2466 propagant,
982 2433 1085 2467 segete

360 2485 486 2516 prorsus
505 2475 625 2507 devicta
647 2475 858 2517 depressaque.
905 2477 996 2508 Idem
1011 2477 1084 2508 ibid.

359 2526 392 2558 ii.
407 2530 480 2559 507.
495 2527 534 2558 de
549 2530 618 2567 igne
633 2529 826 2560 donu'nanle:

375 2611 423 2635 Per
434 2616 522 2635 ramos
537 2610 633 2640 victor,
644 2616 744 2642 perque
755 2609 809 2634 alta
819 2611 970 2641 cacumina,
982 2614 1082 2643 regnat:

361 2692 455 2722 quem
484 2682 682 2722 subsequitur
711 2682 916 2722 Prudentius,
953 2684 1080 2713 hamart.

362 2735 433 2763 754.
459 2732 498 2764 de
511 2735 653 2774 flammis
680 2735 877 2770 Sodomificis,
908 2744 973 2765 non
997 2735 1080 2764 inve·

361 2789 466 2814 nuste:

667 2877 729 2885 —-
741 2871 800 2894 nec,
812 2871 882 2897 pone
893 2865 995 2891 reflexo

392 2901 518 2931 Lumine,
535 2907 664 2934 regnantes
676 2911 722 2936 per
734 2905 835 2929 moenia
850 2909 968 2930 cerneret
980 2905 1047 2937 ignes
1057 2915 1066 2930 .-

1130 1106 1167 1131 ut
1181 1099 1264 1138 prior
1282 1098 1422 1136 Gratius,
1444 1106 1554 1137 cyneg.
1570 1100 1642 1127 465.
1661 1096 1715 1138 qui
1730 1096 1857 1145 fortasse

1131 1150 1344 1180 rescribendus
1371 1156 1427 1188 est,
1451 1149 1491 1179 ad
1514 1148 1684 1180 formulam
1708 1149 1856 1181 Lucretio
1876 1179 1894 1189 A„

1132 1207 1237 1232 nostro
1252 1200 1390 1231 maxime
1405 1199 1607 1231 familiarem:

1162 1293 1219 1322 Hic,
1229 1300 1305 1318 mora
1315 1293 1335 1317 si
1346 1292 1447 1318 medias
1457 1293 1551 1318 exedit
1563 1292 1646 1318 noxia
1657 1293 1747 1323 fibras,

1162 1333 1206 1356 His
1216 1333 1274 1357 lave
1286 1332 1426 1364 praesidiis,
1437 1332 1601 1363 adfectaque
1612 1339 1723 1365 corpora
1733 1331 1835 1362 mulce.

1160 1372 1313 1402 Regnantem
1322 1371 1464 1396 excutiens
1474 1371 1596 1396 morbum.

1130 1453 1251 1494 Vulgo,
1267 1456 1345 1492 Nec,
1370 1455 1461 1493 Haec,
1485 1453 1533 1484 vel
1549 1455 1630 1486 His:
1655 1453 1763 1485 omnia
1784 1462 1855 1494 per-

1131 1515 1247 1545 peram.

1173 1569 1247 1599 Ver.
1263 1571 1314 1601 91.
1336 1580 1502 1609 supremae:
1529 1575 1572 1600 11.
1593 1579 1856 1610 summm—pra-

1127 1622 1260 1660 scripta:
1290 1620 1326 1651 L.
1344 1622 1556 1660 praescribito;
1580 1620 1628 1650 M.
1640 1622 1858 1660 mmm-ibim,-

1128 1670 1212 1700 unde
1237 1671 1367 1701 forsitan
1390 1681 1491 1712 genus
1512 1670 1766 1711 antiquissimum
1787 1672 1854 1704 Lu-

1128 1721 1242 1752 cretius
1255 1722 1486 1763 orthographiae
1499 1722 1673 1758 servaverit,
1691 1725 1855 1763 praescrib-

1127 1779 1173 1804 ta:
1198 1773 1268 1804 vide
1288 1774 1436 1805 Priscian.
1460 1773 1512 1806 lib.
1534 1774 1553 1804 i.
1576 1773 1733 1806 fui—ad.-
1758 1775 1797 1806 P.
1813 1776 1854 1807 V.

1128 1826 1176 1856 ed.
1192 1826 1229 1857 B.
1243 1832 1289 1862 ει,-
1308 1826 1356 1857 Μ.
1374 1826 1413 1857 Ο.
1430 1830 1465 1857 Δ.
1484 1833 1524 1857 11.
1541 1830 1575 1858 Σ.
1593 1832 1640 1857 Ω..
1655 1828 1853 1859 cim—callis.-

1129 1878 1167 1908 B.
1191 1879 1289 1913 conis,-
1320 1884 1360 1908 Π.
1376 1879 1449 1909 talis
1457 1893 1468 1914 ‚-
1499 1877 1631 1908 editores
1657 1887 1696 1909 ex
1718 1879 1856 1918 arbitrio,

1128 1930 1233 1960 calcis:
1259 1928 1417 1968 audacter,
1432 1929 1606 1966 invenuste,
1626 1928 1790 1967 inutiliter,
1804 1930 1854 1961 in-

1130 1979 1212 2010 scite.

1173 2037 1255 2068 Ibid.
1277 2040 1412 2069 candida
1428 2039 1528 2070 callis:
1553 2043 1590 2068 ut
1609 2048 1679 2069 vera
1702 2043 1735 2068 et
1751 2039 1853 2069 ardua

1129 2090 1205 2126 via‘i,
1227 2096 1325 2120 strata
1347 2092 1480 2128 viarum,
1503 2095 1534 2120 et
1548 2095 1676 2120 centum
1691 2089 1806 2120 similia
1819 2089 1854 2119 in

1128 2140 1274 2171 Lucretio
1302 2147 1394 2182 atque
1422 2141 1499 2172 aliis.
1542 2140 1716 2172 Lambinus
1741 2151 1853 2181 oppor-

1128 2196 1205 2221 tune
1236 2192 1386 2222 Senecam
1415 2191 1569 2230 excitavit,
1606 2191 1693 2232 epist.
1730 2191 1854 2223 cviii.—

1129 2244 1152 2260 “
1169 2242 1261 2280 hanc,
1282 2252 1377 2282 quam
1392 2251 1478 2272 nunc
1493 2242 1527 2272 in
1546 2241 1638 2272 Circo
1660 2246 1779 2272 cretam
1799 2251 1853 2273 vo-

1129 2294 1152 2310 “
1165 2302 1284 2331 camu8‚
1300 2295 1411 2324 calcem
1424 2292 1544 2333 antiqui
1554 2292 1744 2323 vocabant:”
1759 2302 1851 2324 nem-

1127 2352 1177 2382 pe,
1198 2343 1273 2383 quia
1287 2343 1381 2382 ονειᾶ,
1405 2344 1453 2373 vel
1469 2345 1563 2382 calce,
1583 2349 1668 2374 meta
1688 2343 1853 2376 linebatur.

1129 2394 1241 2434 Neque
1257 2395 1412 2436 Virgilius
1435 2395 1531 2426 nullis
1553 2395 1652 2426 oculis
1676 2396 1733 2426 hos
1748 2405 1854 2426 versus

1128 2448 1331 2480 Lucretianos
1345 2449 1466 2480 videtur
1481 2449 1668 2489 adspexisse,
1693 2449 1728 2479 in
1741 2458 1809 2490 geo.
1820 2447 1852 2478 ii.

1127 2504 1177 2532 39.

1126 2590 1226 2621 Tuque
1236 2589 1309 2620 ades,
1320 2589 1513 2622 inceptumque
1524 2589 1578 2614 una
1589 2590 1701 2615 decurre
1711 2588 1841 2617 laborem,

1126 2631 1165 2654 0!
1179 2630 1270 2660 decus,
1281 2630 1313 2654 o!
1328 2629 1410 2655 samae
1420 2629 1517 2656 merito
1529 2636 1588 2661 pars
1598 2633 1729 2654 maxuma
1738 2629 1851 2657 nostrae,

1126 2671 1330 2695 Maecenas-—.

1127 2742 1205 2773 Mox
1222 2750 1327 2773 autem
1336 2744 1516 2783 proescripta
1527 2739 1709 2781 primarium
1722 2745 1753 2769 et
1762 2749 1850 2770 max-

1125 2793 1188 2825 ime
1211 2795 1371 2834 proprium
1399 2803 1524 2824 sensum
1545 2791 1677 2829 obtinet;
1701 2793 1735 2822 in
1757 2791 1850 2831 cujus

1115 2846 1223 2885 fronte
1239 2846 1354 2876 scilicet
1379 2843 1510 2874 candida
1532 2848 1578 2873 est
1603 2844 1730 2873 notatio.
1778 2841 1849 2872 Cae-

1127 2903 1238 2933 terum,
1261 2897 1344 2928 idem
1373 2902 1456 2926 vates
1487 2894 1684 2932 Mincianus,
1711 2893 1751 2924 ad
1765 2902 1849 2934 ,ἔθα
