1926 3224
318 231 419 273 310

806 221 868 269 Τ.
913 220 1290 268 LUCRETII

347 359 431 396 580
463 353 683 409 Speluncas
703 351 809 391 inter
827 363 997 405 magnas
1016 348 1153 390 fremit
1171 356 1267 390 ante
1286 349 1480 400 tumultu;

459 423 812 479 Vorsabundaque
830 431 1032 478 portatur:
1063 431 1172 478 post,
1192 422 1317 464 incita
1336 436 1462 478 quom
1480 422 1556 472 vis,

461 500 683 556 Exagitata
701 497 808 539 foras
828 497 1074 552 erumpitur3
1106 504 1147 537 et
1166 495 1299 546 simul,
1320 495 1444 538 altam

463 573 697 617 Diffindens
717 581 884 623 terram,
905 585 1103 628 magnum
1121 570 1342 612 concinnat
1359 569 1530 611 hiatum.

316 754 407 786 runt;
429 746 534 787 vulgo,
559 746 693 776 conlecti.
739 742 924 774 Committas
949 742 1039 782 Virg.

316 801 393 832 AEn.
408 799 440 830 ii.
453 802 505 829 58.
521 800 571 829 55.
586 807 615 827 x.
631 799 702 827 657.
748 795 789 825 In
803 795 853 825 his
867 801 973 825 autem
987 804 1039 824 vo-

316 852 405 884 cibus
433 848 663 881 commutandis
692 847 792 877 solent
820 846 939 877 librarii
969 856 1039 886 pec-

317 913 396 935 care.

361 963 436 992 Ver.
467 963 538 992 580.
551 959 663 1000 fremit
694 964 784 988 ante:
818 957 917 989 vind.
930 957 1043 998 fremit

318 1020 436 1049 aunem,-
463 1018 507 1042 Ω..
519 1010 718 1051 fremitum&
753 1008 806 1039 sed
834 1009 971 1039 insolens
1000 1016 1045 1040 est

318 1066 378 1096 hoc
393 1062 590 1099 vocabulum,
610 1067 641 1091 et
655 1060 788 1090 vicissim
803 1066 885 1090 stant
898 1060 1045 1100 oppositae

319 1127 410 1148 voces
422 1121 493 1146 ante
505 1124 540 1144 ac
550 1119 627 1154 post.

363 1176 444 1208 Ibid.
467 1185 603 1214 magnas.
647 1173 746 1204 Faber
767 1178 799 1203 et
820 1172 983 1202 Bentleius
996 1172 1046 1202 vel

320 1233 429 1260 contra
457 1225 571 1264 scripta
605 1223 793 1262 exemplaria
832 1221 1045 1260 reponendum

318 1290 385 1311 esse
398 1289 508 1318 magno
523 1276 640 1307 dicunt.
684 1274 857 1310 Nimirum,
873 1272 1047 1302 acutissimi

319 1331 377 1362 viri
393 1329 520 1370 po'e'ticae
544 1326 695 1358 orationis
721 1324 860 1355 indolem
883 1334 947 1354 non
971 1325 1046 1354 satis

318 1381 526 1414 attenderunt.
575 1378 736 1409 Tumultus
763 1375 896 1406 efficitur
918 1387 1047 1416 magnus

319 1432 459 1472 ipsarum
487 1427 706 1468 magnitudine
736 1425 957 1465 speluncarum
964 1438 973 1464 ;
1010 1432 1047 1457 ut

319 1493 431 1524 parum
446 1481 569 1519 referat,
582 1479 632 1510 cui
649 1478 778 1509 demum
793 1478 915 1508 nomini
927 1478 1044 1519 junga-

319 1539 371 1565 tur
399 1533 432 1563 id
460 1532 628 1570 epitheton.
674 1529 838 1560 Nonnulla
860 1530 1047 1569 protulimus

318 1585 393 1616 huic
408 1583 452 1614 rei
467 1582 575 1613 affinia
589 1582 622 1612 in
637 1581 720 1612 notis
739 1581 780 1611 ad
796 1590 856 1611 ver.
873 1583 945 1612 550.
979 1580 1047 1620 Op-

319 1640 453 1677 portune
468 1633 630 1675 Virgilius
646 1643 713 1674 geo,
730 1632 748 1663 i.
764 1636 836 1664 485.

351 1728 816 1738 ————-—
825 1718 853 1740 et
866 1714 926 1739 alte

351 1760 399 1784 Per
410 1761 520 1782 noctem
531 1762 652 1782 resonare
664 1755 731 1787 lupis
741 1754 904 1780 ululantibus
915 1754 994 1779 urbes.

322 1828 462 1867 Quidam
484 1827 567 1865 libri,
589 1829 668 1863 alte;
690 1826 758 1856 sine
778 1836 850 1864 usu,
879 1835 978 1866 quum
1000 1835 1049 1855 res

320 1880 433 1912 eodem
447 1888 572 1918 prorsus
586 1877 704 1907 redeat:
722 1886 804 1912 nam,
816 1886 879 1916 quo
891 1876 953 1906 sint
966 1875 1048 1906 aedes

320 1931 457 1968 altiores,
473 1939 510 1959 eo
524 1927 742 1968 profundiores
756 1926 876 1966 plateae,
888 1927 1049 1968 majorque

321 1990 354 2015 et
381 1981 546 2013 terribilior
574 1990 678 2011 sonus.
722 1979 927 2009 Burmannus
956 1984 1050 2020 atque

322 2034 471 2075 Heynius
494 2033 602 2062 minus
622 2037 764 2062 accurate
790 2037 929 2061 mentem
950 2031 1050 2070 poetae

322 2090 483 2126 ceperunt,
496 2094 548 2114 me
562 2083 672 2113 saltem
682 2082 800 2121 judice.
846 2081 939 2112 Idem
953 2082 1049 2112 Man-

323 2144 449 2173 manus,
465 2135 506 2166 ad
521 2135 596 2166 AEn.
611 2145 640 2164 x.
657 2137 731 2165 693.

355 2229 479 2239 -——-
487 2223 576 2249 rupes,
587 2218 697 2240 vastum
707 2220 770 2246 quae
782 2213 871 2246 prodit
882 2212 909 2237 in
920 2218 1025 2244 aequor.

326 2291 404 2323 Non
417 2290 554 2321 otiosum
569 2294 615 2318 est
629 2286 708 2317 illud
725 2292 855 2322 vastum;
882 2284 936 2315 sed
957 2285 1054 2315 inser-

326 2342 373 2373 vit
385 2339 590 2381 amplitudini
611 2340 699 2378 rupis
723 2338 820 2368 etiam
845 2335 1057 2378 designandae,

324 2404 398 2436 quae
412 2393 462 2423 vel
477 2392 510 2423 in
525 2401 631 2432 aequor
645 2397 770 2421 tantum
784 2389 926 2420 videatur
938 2388 1055 2428 promi-

327 2455 415 2484 nere,
429 2450 461 2475 et
476 2443 632 2475 ostentari.
657 2443 739 2473 Sunt
750 2448 855 2473 autem
867 2442 927 2471 hoc
941 2450 1056 2481 genere

325 2496 518 2528 innumerali
532 2505 666 2527 numero
685 2494 798 2534 po'e'tici
822 2493 950 2533 lepores.
995 2492 1057 2523 Sed

329 2559 432 2590 neque
446 2558 569 2579 necesse
583 2553 639 2586 est,
659 2554 696 2577 ut
710 2545 821 2577 soliciti
837 2546 935 2576 simus
948 2544 988 2575 de
1002 2553 1056 2575 ex-

328 2600 471 2631 ornanda
493 2599 630 2630 dictione
659 2599 807 2629 tumultus
829 2596 968 2638 quolibet
993 2595 1057 2635 epi-

330 2652 425 2683 theto.
448 2651 536 2683 Testi
552 2652 592 2682 sit
606 2650 691 2682 idem
705 2650 809 2688 Maro,
827 2650 902 2680 AEn.
919 2647 972 2678 xii.
983 2651 1057 2679 757.

350 2735 428 2758 Tum
439 2741 504 2760 vero
515 2734 639 2760 exoritur
649 2733 768 2762 clamen
781 2732 913 2764 ripaeque,
923 2730 1059 2760 lacusque,

346 2774 512 2805 Responsant
521 2775 602 2805 circa,
610 2778 638 2800 et
649 2773 751 2799 coelum
762 2776 834 2797 tonat
844 2778 925 2797 omne
935 2769 1057 2795 tumultu.

375 2850 458 2882 Ibid.
469 2853 581 2893 fremit
596 2858 707 2883 ventus
720 2852 755 2882 in
768 2850 857 2882 berrii.
884 2848 1057 2886 Amobius,

332 2901 386 2935 lib.
399 2903 453 2935 vii.
469 2914 499 2943 p.
513 2908 585 2936 245.
608 2907 631 2924 ‘⁵
642 2903 729 2941 Quid
740 2901 1060 2944 terrarumsremilus,

1083 744 1104 761 ‘⁸
1121 742 1196 782 quid
1224 740 1522 773 motus?‘'-·-Julius
1551 740 1743 781 obsequens,
1764 739 1805 771 de

1082 792 1225 833 prodigg.
1243 803 1308 832 cap.
1323 793 1402 824 cviii.
1425 796 1448 811 ‘⁴
1461 792 1583 824 Pisauri
1597 791 1805 834 terraefremi-

1085 847 1107 862 “
1123 850 1171 874 tus
1186 843 1342 874 auditus.'’

1127 905 1202 936 Ver.
1218 908 1292 937 581.
1315 916 1372 946 que
1387 905 1472 936 deest
1488 904 1527 936 V.
1543 904 1590 936 ed.
1607 909 1642 935 Δ.
1657 909 1805 945 Σ.-Ῑκη·-

1085 963 1186 988 tatur.-
1213 963 1248 989 Σ.
1256 956 1504 997 portatus.·——Sic
1518 956 1626 994 etiam,
1641 962 1734 997 atque
1748 956 1808 986 hoc

1087 1007 1207 1046 ordine,
1239 1013 1274 1038 Δ.
1302 1010 1451 1039 Portatur
1471 1008 1684 1038 versabundus.
1728 1005 1808 1036 Pro-

1088 1059 1180 1096 fecto,
1205 1059 1230 1088 si
1255 1058 1404 1098 liquidius
1426 1063 1580 1087 constaret
1601 1057 1640 1087 de
1654 1066 1728 1087 voce
1738 1057 1810 1097 fre.

1087 1113 1171 1146 mito,
1186 1109 1220 1139 in
1235 1108 1362 1147 proclivi
1374 1108 1491 1147 jaceret
1506 1106 1735 1147 elegantissima
1749 1107 1811 1138 hu·

1083 1162 1172 1200 jusce
1200 1159 1260 1190 loci
1289 1159 1480 1194 constitutio,
1510 1164 1602 1200 atque
1630 1157 1812 1198 plenissima

1089 1211 1248 1252 diguitatis
1262 1216 1293 1242 et
1307 1210 1483 1241 evidentiae:

1120 1294 1149 1317 In
1161 1292 1219 1317 loca
1230 1299 1257 1318 se
1267 1299 1334 1317 cava
1343 1292 1425 1317 terra'i
1436 1292 1566 1324 conjecit;
1583 1291 1690 1324 ibeique

1119 1333 1262 1364 Speluncas
1271 1333 1340 1357 inter
1350 1339 1470 1364 magnas,
1474 1332 1626 1364 fremitante
1637 1332 1771 1363 tumultu,

1118 1374 1242 1397 Portatur
1257 1372 1511 1398 vorsabunuus-—z

1090 1455 1159 1486 quae
1175 1444 1318 1485 vulgatis,
1333 1443 1403 1474 mea
1419 1443 1458 1474 de
1473 1443 1639 1481 sententia,
1652 1443 1678 1474 si
1693 1443 1814 1474 codices

1089 1507 1181 1527 suum
1198 1495 1384 1536 suffragium
1407 1495 1599 1534 addixerant,
1619 1495 1713 1538 longe
1735 1506 1814 1536 prae-

1089 1548 1249 1586 cellerent3
1273 1558 1348 1578 nam
1370 1547 1570 1587 participium
1590 1554 1691 1579 coorta
1706 1548 1741 1579 in
1755 1558 1815 1579 nu-

1090 1610 1177 1630 mero
1193 1598 1404 1630 multitudinis
1425 1605 1590 1640 utramque
1605 1609 1726 1638 vocem,
1744 1610 1815 1632 ven·

1091 1658 1155 1682 tum
1171 1656 1203 1681 et
1216 1652 1366 1688 animam,
1389 1649 1428 1681 de
1443 1660 1530 1680 more
1544 1650 1683 1680 maxime
1697 1650 1815 1681 Lucre-

1091 1702 1188 1740 tiano,
1218 1702 1346 1741 pulchre
1369 1701 1631 1740 complecteretur.
1686 1700 1817 1739 Saltem,

1092 1753 1140 1783 uti
1162 1763 1247 1783 nunc
1271 1763 1302 1783 se
1332 1763 1380 1782 res
1408 1753 1513 1790 habet,
1542 1757 1665 1782 nosmet
1692 1751 1818 1792 punctis

1091 1806 1186 1844 probe
1207 1804 1363 1844 dispositis
1384 1803 1491 1834 locum
1515 1803 1702 1844 adjuvimus
1728 1803 1819 1843 cujus

1091 1857 1180 1887 nulla
1194 1863 1240 1888 est
1253 1856 1441 1887 constructio
1453 1855 1486 1885 in
1497 1855 1686 1886 editionibus
1695 1855 1819 1895 pervul-

1091 1909 1183 1950 gatis.

1135 1969 1210 1998 Ver.
1226 1971 1297 1999 582.
1319 1969 1414 1998 altam
1438 1973 1567 1998 terram:
1593 1967 1613 1997 i.
1637 1976 1664 1997 e.
1687 1965 1818 2006 profun-

1093 2020 1184 2057 dam3
1206 2029 1281 2050 nam
1296 2019 1328 2048 in
1345 2030 1419 2050 cava
1433 2025 1525 2049 terrae
1541 2020 1616 2059 (ver.
1632 2018 1721 2058 579.)
1743 2027 1818 2048 ven-

1093 2079 1143 2102 tus
1166 2076 1386 2111 penetraverat.
1432 2070 1522 2100 Nihil
1543 2069 1657 2109 aptius,
1686 2074 1742 2100 aut
1768 2069 1818 2099 iu-

1095 2122 1257 2162 ctilpatius,
1286 2121 1386 2161 optari
1411 2120 1510 2152 debet.
1554 2119 1721 2161 Virgilius,
1743 2121 1819 2152 AEn.

1094 2173 1133 2203 vi.
1153 2176 1224 2204 267.

1288 2259 1329 2278 res
1337 2252 1392 2277 alea*
1403 2251 1484 2282 terra,
1494 2255 1522 2277 et
1531 2251 1654 2284 caligine,
1663 2258 1774 2278 mersas.

1100 2325 1203 2356 Miror
1228 2325 1324 2367 igitur
1349 2324 1507 2356 editorum
1531 2324 1688 2356 inscitiam
1702 2324 1822 2357 iuvere.

1099 2377 1320 2419 cundiamque,
1335 2377 1375 2408 de
1388 2387 1446 2408 suo
1460 2377 1690 2417 reponendum,
1704 2384 1819 2409 artam:

1099 2436 1131 2460 et
1154 2429 1239 2471 quod
1260 2436 1306 2468 tu,
1333 2429 1441 2461 lector!
1465 2429 1567 2470 magis
1587 2429 1720 2468 mireris,
1748 2439 1823 2460 cum

1099 2483 1158 2512 hoc
1172 2482 1267 2513 modo
1280 2481 1443 2513 doctorum
1451 2481 1607 2512 temeritas
1616 2490 1824 2522 unamquam-

1099 2545 1160 2576 que
1174 2534 1322 2575 paginam
1344 2533 1483 2564 Lucretii
1504 2532 1672 2564 fedissimis
1692 2530 1824 2564 maculis

1100 2587 1321 2626 deturpaverit,
1335 2592 1367 2617 et
1380 2586 1474 2617 libros
1489 2586 1629 2625 scriptos,
1640 2584 1737 2616 nullis
1749 2582 1821 2614 reli-

1099 2639 1246 2680 gionibus
1260 2639 1416 2674 deterrita.
1438 2638 1554 2678 passim
1575 2636 1729 2678 spreverit,
1744 2634 1824 2665 false

1099 2692 1338 2728 renunciaverit,
1361 2689 1594 2731 proculcaverit,
1609 2694 1643 2720 et
1653 2687 1823 2723 obtriverit,

1101 2744 1184 2774 ultra
1198 2754 1294 2785 quam
1307 2742 1391 2784 quod
1405 2741 1550 2774 credibile
1565 2741 1617 2779 sit,
1638 2739 1700 2770 nisi
1713 2747 1823 2769 verum

1101 2797 1234 2835 expertis
1249 2794 1536 2834 usu5—-Creechius
1549 2800 1666 2830 tamen,
1683 2790 1745 2832 qus
1759 2796 1826 2821 erat

1100 2847 1221 2878 inscitifi
1242 2857 1278 2878 ac
1305 2853 1438 2886 stupore,
1468 2843 1615 2876 sustinuit
1642 2841 1825 2873 summatim

1100 2898 1270 2937 affirmare,
1294 2901 1316 2918 “
1332 2895 1515 2930 Lucretium
1530 2894 1608 2928 adeo
1621 2892 1823 2926 emendatum
