<?xml version="1.0" encoding="UTF-8"?>
<!DOCTYPE html PUBLIC "-//W3C//DTD XHTML 1.0 Transitional//EN"
    "http://www.w3.org/TR/xhtml1/DTD/xhtml1-transitional.dtd">
<html xmlns="http://www.w3.org/1999/xhtml" xml:lang="en" lang="en">
 <head>
  <title>
</title>
<meta http-equiv="Content-Type" content="text/html;charset=utf-8" />
  <meta name='ocr-system' content='tesseract 3.04.00' />
  <meta name='ocr-capabilities' content='ocr_page ocr_carea ocr_par ocr_line ocrx_word'/>
</head>
<body>
  <div class='ocr_page' id='page_1' title='image "./tlucretiicarider03lucruoft_0133.png"; bbox 0 0 1926 3224; ppageno 0'>
   <div class='ocr_carea' id='block_1_1' title="bbox 607 236 1235 300">
    <p class='ocr_par' dir='ltr' id='par_1_1' title="bbox 607 236 1235 300">
     <span class='ocr_line' id='line_1_1' title="bbox 607 236 1235 300; baseline -0.014 -6"><span class='ocrx_word' id='word_1_1' title='bbox 607 243 840 294; x_wconf 89' lang='lat' dir='ltr'>LIBER</span> <span class='ocrx_word' id='word_1_2' title='bbox 879 236 1235 300; x_wconf 83' lang='lat' dir='ltr'><strong>QUINTUS.</strong></span> 
     </span>
    </p>
   </div>
   <div class='ocr_carea' id='block_1_2' title="bbox 180 385 262 422">
    <p class='ocr_par' dir='ltr' id='par_1_2' title="bbox 180 385 262 422">
     <span class='ocr_line' id='line_1_2' title="bbox 180 385 262 422; baseline 0 0"><span class='ocrx_word' id='word_1_3' title='bbox 180 385 262 422; x_wconf 83' lang='lat'>655</span> 
     </span>
    </p>
   </div>
   <div class='ocr_carea' id='block_1_3' title="bbox 351 372 1384 434">
    <p class='ocr_par' dir='ltr' id='par_1_3' title="bbox 351 372 1384 434">
     <span class='ocr_line' id='line_1_3' title="bbox 351 372 1384 434; baseline -0.014 -13"><span class='ocrx_word' id='word_1_4' title='bbox 351 379 559 434; x_wconf 75' lang='lat' dir='ltr'>Tempore</span> <span class='ocrx_word' id='word_1_5' title='bbox 579 378 678 420; x_wconf 87' lang='lat' dir='ltr'>item</span> <span class='ocrx_word' id='word_1_6' title='bbox 698 384 810 418; x_wconf 90' lang='lat' dir='ltr'>certo</span> <span class='ocrx_word' id='word_1_7' title='bbox 831 389 993 417; x_wconf 85' lang='lat' dir='ltr'>roseam</span> <span class='ocrx_word' id='word_1_8' title='bbox 1015 372 1182 415; x_wconf 79' lang='lat' dir='ltr'>Matuta</span> <span class='ocrx_word' id='word_1_9' title='bbox 1200 383 1274 425; x_wconf 85' lang='lat' dir='ltr'>per</span> <span class='ocrx_word' id='word_1_10' title='bbox 1293 381 1384 409; x_wconf 83' lang='lat' dir='ltr'>oras</span> 
     </span>
    </p>
   </div>
   <div class='ocr_carea' id='block_1_4' title="bbox 298 443 1298 500">
    <p class='ocr_par' dir='ltr' id='par_1_4' title="bbox 298 443 1298 500">
     <span class='ocr_line' id='line_1_4' title="bbox 298 443 1298 500; baseline -0.012 -5"><span class='ocrx_word' id='word_1_11' title='bbox 298 453 482 495; x_wconf 83' lang='lat' dir='ltr'>AEtheris</span> <span class='ocrx_word' id='word_1_12' title='bbox 505 454 713 494; x_wconf 89' lang='lat' dir='ltr'>Auroram</span> <span class='ocrx_word' id='word_1_13' title='bbox 733 450 878 499; x_wconf 86' lang='lat' dir='ltr'>defert,</span> <span class='ocrx_word' id='word_1_14' title='bbox 900 457 941 490; x_wconf 87' lang='lat' dir='ltr'>et</span> <span class='ocrx_word' id='word_1_15' title='bbox 959 448 1116 489; x_wconf 86' lang='lat' dir='ltr'>lumina</span> <span class='ocrx_word' id='word_1_16' title='bbox 1136 443 1298 500; x_wconf 81' lang='lat' dir='ltr'>pandit3</span> 
     </span>
    </p>
   </div>
   <div class='ocr_carea' id='block_1_5' title="bbox 297 521 1319 582">
    <p class='ocr_par' dir='ltr' id='par_1_5' title="bbox 297 521 1319 582">
     <span class='ocr_line' id='line_1_5' title="bbox 297 521 1319 582; baseline -0.012 -13"><span class='ocrx_word' id='word_1_17' title='bbox 297 529 399 578; x_wconf 89' lang='lat' dir='ltr'>Aut,</span> <span class='ocrx_word' id='word_1_18' title='bbox 422 528 518 582; x_wconf 86' lang='lat' dir='ltr'>quia</span> <span class='ocrx_word' id='word_1_19' title='bbox 537 526 596 566; x_wconf 90' lang='lat' dir='ltr'>sol</span> <span class='ocrx_word' id='word_1_20' title='bbox 615 525 725 566; x_wconf 87' lang='lat' dir='ltr'>idem</span> <span class='ocrx_word' id='word_1_21' title='bbox 746 523 821 564; x_wconf 89' lang='lat' dir='ltr'>sub</span> <span class='ocrx_word' id='word_1_22' title='bbox 844 531 974 563; x_wconf 85' lang='lat' dir='ltr'>terras</span> <span class='ocrx_word' id='word_1_23' title='bbox 994 521 1073 569; x_wconf 92' lang='lat' dir='ltr'>ille,</span> <span class='ocrx_word' id='word_1_24' title='bbox 1095 527 1319 566; x_wconf 65' lang='lat' dir='ltr'>revomens,</span> 
     </span>
    </p>
   </div>
   <div class='ocr_carea' id='block_1_6' title="bbox 157 673 881 927">
    <p class='ocr_par' dir='ltr' id='par_1_6' title="bbox 157 673 881 927">
     <span class='ocr_line' id='line_1_6' title="bbox 171 673 875 707; baseline -0.014 0"><span class='ocrx_word' id='word_1_25' title='bbox 171 683 225 707; x_wconf 79' lang='lat' dir='ltr'>Nec</span> <span class='ocrx_word' id='word_1_26' title='bbox 236 683 301 706; x_wconf 85' lang='lat' dir='ltr'>dum</span> <span class='ocrx_word' id='word_1_27' title='bbox 313 681 406 705; x_wconf 88' lang='lat' dir='ltr'>orbem</span> <span class='ocrx_word' id='word_1_28' title='bbox 418 678 539 703; x_wconf 84' lang='lat' dir='ltr'>medium</span> <span class='ocrx_word' id='word_1_29' title='bbox 550 678 623 706; x_wconf 83' lang='lat' dir='ltr'>Nox,</span> <span class='ocrx_word' id='word_1_30' title='bbox 640 674 716 700; x_wconf 79' lang='lat' dir='ltr'>Horis</span> <span class='ocrx_word' id='word_1_31' title='bbox 728 677 800 703; x_wconf 85' lang='lat' dir='ltr'>acta,</span> <span class='ocrx_word' id='word_1_32' title='bbox 815 673 875 698; x_wconf 82' lang='lat' dir='ltr'>sub-</span> 
     </span>
     <span class='ocr_line' id='line_1_7' title="bbox 264 721 333 744; baseline 0 0"><span class='ocrx_word' id='word_1_33' title='bbox 264 721 333 744; x_wconf 83' lang='lat' dir='ltr'>ibat:</span> 
     </span>
     <span class='ocr_line' id='line_1_8' title="bbox 157 776 877 820; baseline -0.013 -5"><span class='ocrx_word' id='word_1_34' title='bbox 157 786 176 816; x_wconf 92' lang='lat' dir='ltr'>i.</span> <span class='ocrx_word' id='word_1_35' title='bbox 186 795 214 815; x_wconf 89' lang='lat' dir='ltr'>e.</span> <span class='ocrx_word' id='word_1_36' title='bbox 230 782 369 813; x_wconf 89' lang='lat' dir='ltr'>medium</span> <span class='ocrx_word' id='word_1_37' title='bbox 385 779 493 811; x_wconf 71' lang='lat' dir='ltr'>cursus</span> <span class='ocrx_word' id='word_1_38' title='bbox 507 779 574 820; x_wconf 86' lang='lat' dir='ltr'>ejus</span> <span class='ocrx_word' id='word_1_39' title='bbox 588 776 877 808; x_wconf 63' lang='lat' dir='ltr'>circularis—Por-</span> 
     </span>
     <span class='ocr_line' id='line_1_9' title="bbox 157 827 881 873; baseline -0.012 -8"><span class='ocrx_word' id='word_1_40' title='bbox 157 845 204 873; x_wconf 92' lang='lat' dir='ltr'>ro,</span> <span class='ocrx_word' id='word_1_41' title='bbox 222 839 306 864; x_wconf 82' lang='lat' dir='ltr'>vates</span> <span class='ocrx_word' id='word_1_42' title='bbox 320 832 373 862; x_wconf 86' lang='lat' dir='ltr'>ille</span> <span class='ocrx_word' id='word_1_43' title='bbox 388 831 432 862; x_wconf 90' lang='lat' dir='ltr'>sic</span> <span class='ocrx_word' id='word_1_44' title='bbox 447 837 611 870; x_wconf 87' lang='lat' dir='ltr'>utramque</span> <span class='ocrx_word' id='word_1_45' title='bbox 631 827 769 859; x_wconf 86' lang='lat' dir='ltr'>Lucretii</span> <span class='ocrx_word' id='word_1_46' title='bbox 784 828 881 868; x_wconf 85' lang='lat' dir='ltr'>hypo-</span> 
     </span>
     <span class='ocr_line' id='line_1_10' title="bbox 157 883 683 927; baseline -0.013 -8"><span class='ocrx_word' id='word_1_47' title='bbox 157 887 258 919; x_wconf 80' lang='lat' dir='ltr'>thesin</span> <span class='ocrx_word' id='word_1_48' title='bbox 271 887 305 916; x_wconf 89' lang='lat' dir='ltr'>in</span> <span class='ocrx_word' id='word_1_49' title='bbox 319 895 386 927; x_wconf 90' lang='lat' dir='ltr'>geo.</span> <span class='ocrx_word' id='word_1_50' title='bbox 403 885 422 915; x_wconf 94' lang='lat' dir='ltr'>i.</span> <span class='ocrx_word' id='word_1_51' title='bbox 439 887 512 916; x_wconf 82' lang='lat'><strong>247.</strong></span> <span class='ocrx_word' id='word_1_52' title='bbox 528 883 683 923; x_wconf 83' lang='lat' dir='ltr'>exposuit:</span> 
     </span>
    </p>
   </div>
   <div class='ocr_carea' id='block_1_7' title="bbox 172 967 878 1156">
    <p class='ocr_par' dir='ltr' id='par_1_7' title="bbox 172 967 878 1156">
     <span class='ocr_line' id='line_1_11' title="bbox 173 967 822 1003; baseline -0.011 -6"><span class='ocrx_word' id='word_1_53' title='bbox 173 972 241 1001; x_wconf 87' lang='lat' dir='ltr'>Illic,</span> <span class='ocrx_word' id='word_1_54' title='bbox 252 974 283 996; x_wconf 85' lang='lat' dir='ltr'>ut</span> <span class='ocrx_word' id='word_1_55' title='bbox 301 970 453 1003; x_wconf 79' lang='lat' dir='ltr'>perhibent,</span> <span class='ocrx_word' id='word_1_56' title='bbox 463 973 509 993; x_wconf 85' lang='lat' dir='ltr'>aut</span> <span class='ocrx_word' id='word_1_57' title='bbox 521 969 683 1000; x_wconf 84' lang='lat' dir='ltr'>intempesta</span> <span class='ocrx_word' id='word_1_58' title='bbox 695 967 753 992; x_wconf 85' lang='lat' dir='ltr'>silet</span> <span class='ocrx_word' id='word_1_59' title='bbox 764 973 822 990; x_wconf 84' lang='lat' dir='ltr'>nox</span> 
     </span>
     <span class='ocr_line' id='line_1_12' title="bbox 172 1006 853 1043; baseline -0.013 -5"><span class='ocrx_word' id='word_1_60' title='bbox 172 1014 294 1043; x_wconf 83' lang='lat' dir='ltr'><strong>Semper,</strong></span> <span class='ocrx_word' id='word_1_61' title='bbox 305 1015 333 1036; x_wconf 89' lang='lat' dir='ltr'>et</span> <span class='ocrx_word' id='word_1_62' title='bbox 345 1009 455 1035; x_wconf 71' lang='lat' dir='ltr'>obtenta</span> <span class='ocrx_word' id='word_1_63' title='bbox 467 1009 614 1034; x_wconf 84' lang='lat' dir='ltr'>densantur</span> <span class='ocrx_word' id='word_1_64' title='bbox 624 1010 704 1031; x_wconf 88' lang='lat' dir='ltr'>nocte</span> <span class='ocrx_word' id='word_1_65' title='bbox 715 1006 853 1035; x_wconf 85' lang='lat' dir='ltr'>tenebrae;</span> 
     </span>
     <span class='ocr_line' id='line_1_13' title="bbox 173 1045 817 1077; baseline -0.012 0"><span class='ocrx_word' id='word_1_66' title='bbox 173 1052 230 1077; x_wconf 83' lang='lat' dir='ltr'>Aut</span> <span class='ocrx_word' id='word_1_67' title='bbox 240 1051 310 1076; x_wconf 82' lang='lat' dir='ltr'>redit</span> <span class='ocrx_word' id='word_1_68' title='bbox 322 1056 338 1074; x_wconf 86' lang='lat' dir='ltr'>a</span> <span class='ocrx_word' id='word_1_69' title='bbox 349 1049 424 1073; x_wconf 77' lang='lat' dir='ltr'>nobis</span> <span class='ocrx_word' id='word_1_70' title='bbox 435 1049 548 1076; x_wconf 79' lang='lat' dir='ltr'>Aurora,</span> <span class='ocrx_word' id='word_1_71' title='bbox 559 1046 685 1077; x_wconf 83' lang='lat' dir='ltr'>diemque</span> <span class='ocrx_word' id='word_1_72' title='bbox 697 1045 817 1071; x_wconf 87' lang='lat' dir='ltr'>reducit:</span> 
     </span>
     <span class='ocr_line' id='line_1_14' title="bbox 176 1084 878 1121; baseline -0.009 -6"><span class='ocrx_word' id='word_1_73' title='bbox 176 1091 283 1121; x_wconf 84' lang='lat' dir='ltr'>Nosque</span> <span class='ocrx_word' id='word_1_74' title='bbox 294 1089 340 1113; x_wconf 86' lang='lat' dir='ltr'>ubi</span> <span class='ocrx_word' id='word_1_75' title='bbox 352 1088 453 1120; x_wconf 83' lang='lat' dir='ltr'>primus</span> <span class='ocrx_word' id='word_1_76' title='bbox 465 1087 537 1116; x_wconf 83' lang='lat' dir='ltr'>equis</span> <span class='ocrx_word' id='word_1_77' title='bbox 549 1085 634 1110; x_wconf 85' lang='lat' dir='ltr'>oriens</span> <span class='ocrx_word' id='word_1_78' title='bbox 645 1084 756 1109; x_wconf 74' lang='lat' dir='ltr'>adflavit</span> <span class='ocrx_word' id='word_1_79' title='bbox 767 1084 878 1114; x_wconf 81' lang='lat' dir='ltr'>anhelis,</span> 
     </span>
     <span class='ocr_line' id='line_1_15' title="bbox 176 1124 772 1156; baseline -0.008 -3"><span class='ocrx_word' id='word_1_80' title='bbox 176 1129 229 1153; x_wconf 81' lang='lat' dir='ltr'>Illis</span> <span class='ocrx_word' id='word_1_81' title='bbox 239 1135 298 1153; x_wconf 85' lang='lat' dir='ltr'>sera</span> <span class='ocrx_word' id='word_1_82' title='bbox 307 1128 403 1152; x_wconf 87' lang='lat' dir='ltr'>rubens</span> <span class='ocrx_word' id='word_1_83' title='bbox 414 1125 540 1151; x_wconf 81' lang='lat' dir='ltr'>adcendit</span> <span class='ocrx_word' id='word_1_84' title='bbox 551 1124 654 1149; x_wconf 89' lang='lat' dir='ltr'>lumina</span> <span class='ocrx_word' id='word_1_85' title='bbox 665 1126 772 1156; x_wconf 83' lang='lat' dir='ltr'><strong>Vesper.</strong></span> 
     </span>
    </p>
   </div>
   <div class='ocr_carea' id='block_1_8' title="bbox 164 1199 899 1755">
    <p class='ocr_par' dir='ltr' id='par_1_8' title="bbox 164 1199 899 1755">
     <span class='ocr_line' id='line_1_16' title="bbox 204 1199 888 1234; baseline -0.009 0"><span class='ocrx_word' id='word_1_86' title='bbox 204 1204 280 1234; x_wconf 86' lang='lat' dir='ltr'>Ver.</span> <span class='ocrx_word' id='word_1_87' title='bbox 305 1204 379 1233; x_wconf 88' lang='lat'><em>655.</em></span> <span class='ocrx_word' id='word_1_88' title='bbox 402 1212 517 1232; x_wconf 85' lang='lat' dir='ltr'><em>roseam</em></span> <span class='ocrx_word' id='word_1_89' title='bbox 542 1201 686 1231; x_wconf 61' lang='lat' dir='ltr'>illatum:</span> <span class='ocrx_word' id='word_1_90' title='bbox 721 1199 764 1229; x_wconf 90' lang='lat' dir='ltr'>sic</span> <span class='ocrx_word' id='word_1_91' title='bbox 791 1199 827 1229; x_wconf 89' lang='lat' dir='ltr'>P.</span> <span class='ocrx_word' id='word_1_92' title='bbox 854 1203 888 1229; x_wconf 93' lang='grc' dir='ltr'>Δ.</span> 
     </span>
     <span class='ocr_line' id='line_1_17' title="bbox 164 1253 890 1292; baseline -0.007 -7"><span class='ocrx_word' id='word_1_93' title='bbox 164 1255 242 1292; x_wconf 85' lang='lat' dir='ltr'>soli;</span> <span class='ocrx_word' id='word_1_94' title='bbox 275 1253 374 1284; x_wconf 87' lang='lat' dir='ltr'>vind.</span> <span class='ocrx_word' id='word_1_95' title='bbox 401 1253 442 1284; x_wconf 91' lang='grc' dir='ltr'>Ο.</span> <span class='ocrx_word' id='word_1_96' title='bbox 470 1258 504 1284; x_wconf 81' lang='grc' dir='ltr'>Σ.</span> <span class='ocrx_word' id='word_1_97' title='bbox 534 1262 616 1283; x_wconf 84' lang='lat' dir='ltr'>rosea</span> <span class='ocrx_word' id='word_1_98' title='bbox 644 1257 777 1287; x_wconf 81' lang='lat' dir='ltr'>matura,</span> <span class='ocrx_word' id='word_1_99' title='bbox 801 1256 832 1280; x_wconf 89' lang='lat' dir='ltr'>et</span> <span class='ocrx_word' id='word_1_100' title='bbox 855 1255 890 1280; x_wconf 93' lang='grc' dir='ltr'>Δ.</span> 
     </span>
     <span class='ocr_line' id='line_1_18' title="bbox 165 1302 891 1341; baseline -0.007 -4"><span class='ocrx_word' id='word_1_101' title='bbox 165 1317 240 1337; x_wconf 85' lang='lat' dir='ltr'>sane</span> <span class='ocrx_word' id='word_1_102' title='bbox 254 1317 337 1337; x_wconf 86' lang='lat' dir='ltr'>rosea</span> <span class='ocrx_word' id='word_1_103' title='bbox 345 1321 356 1341; x_wconf 92' lang='lat'><em>;</em></span> <span class='ocrx_word' id='word_1_104' title='bbox 380 1305 422 1335; x_wconf 90' lang='lat' dir='ltr'>V.</span> <span class='ocrx_word' id='word_1_105' title='bbox 450 1304 497 1334; x_wconf 89' lang='lat' dir='ltr'>ed.</span> <span class='ocrx_word' id='word_1_106' title='bbox 525 1310 566 1334; x_wconf 91' lang='lat'>11.</span> <span class='ocrx_word' id='word_1_107' title='bbox 589 1314 654 1334; x_wconf 84' lang='lat' dir='ltr'>rose</span> <span class='ocrx_word' id='word_1_108' title='bbox 675 1309 831 1339; x_wconf 63' lang='lat' dir='ltr'>amanam,-</span> <span class='ocrx_word' id='word_1_109' title='bbox 854 1302 891 1332; x_wconf 95' lang='lat' dir='ltr'><strong>L.</strong></span> 
     </span>
     <span class='ocr_line' id='line_1_19' title="bbox 166 1353 893 1393; baseline -0.008 -4"><span class='ocrx_word' id='word_1_110' title='bbox 166 1358 216 1389; x_wconf 87' lang='lat' dir='ltr'><strong>M.</strong></span> <span class='ocrx_word' id='word_1_111' title='bbox 235 1363 280 1388; x_wconf 87' lang='grc' dir='ltr'>Ω.</span> <span class='ocrx_word' id='word_1_112' title='bbox 294 1366 410 1387; x_wconf 84' lang='lat' dir='ltr'><em>roseam</em></span> <span class='ocrx_word' id='word_1_113' title='bbox 426 1361 568 1385; x_wconf 64' lang='lat' dir='ltr'>viatura:</span> <span class='ocrx_word' id='word_1_114' title='bbox 587 1353 626 1384; x_wconf 88' lang='lat' dir='ltr'>de</span> <span class='ocrx_word' id='word_1_115' title='bbox 641 1355 678 1384; x_wconf 89' lang='grc' dir='ltr'>Β.</span> <span class='ocrx_word' id='word_1_116' title='bbox 694 1354 774 1384; x_wconf 85' lang='lat' dir='ltr'>nihil</span> <span class='ocrx_word' id='word_1_117' title='bbox 788 1353 893 1393; x_wconf 86' lang='lat' dir='ltr'>liquet.</span> 
     </span>
     <span class='ocr_line' id='line_1_20' title="bbox 164 1405 892 1448; baseline -0.007 -8"><span class='ocrx_word' id='word_1_118' title='bbox 164 1410 235 1440; x_wconf 88' lang='lat' dir='ltr'>Nec</span> <span class='ocrx_word' id='word_1_119' title='bbox 250 1408 386 1448; x_wconf 80' lang='lat' dir='ltr'>profecto</span> <span class='ocrx_word' id='word_1_120' title='bbox 402 1417 527 1446; x_wconf 86' lang='lat' dir='ltr'>prorsus</span> <span class='ocrx_word' id='word_1_121' title='bbox 537 1405 800 1437; x_wconf 84' lang='lat' dir='ltr'>contemnendam</span> <span class='ocrx_word' id='word_1_122' title='bbox 813 1405 892 1435; x_wconf 82' lang='lat' dir='ltr'>exis-</span> 
     </span>
     <span class='ocr_line' id='line_1_21' title="bbox 167 1457 892 1495; baseline -0.007 -4"><span class='ocrx_word' id='word_1_123' title='bbox 167 1462 246 1491; x_wconf 81' lang='lat' dir='ltr'>timo</span> <span class='ocrx_word' id='word_1_124' title='bbox 271 1460 438 1490; x_wconf 86' lang='lat' dir='ltr'>lectionem</span> <span class='ocrx_word' id='word_1_125' title='bbox 452 1464 588 1495; x_wconf 78' lang='lat' dir='ltr'>matura,</span> <span class='ocrx_word' id='word_1_126' title='bbox 611 1463 647 1487; x_wconf 88' lang='lat' dir='ltr'>ut</span> <span class='ocrx_word' id='word_1_127' title='bbox 668 1457 706 1487; x_wconf 89' lang='lat' dir='ltr'>de</span> <span class='ocrx_word' id='word_1_128' title='bbox 730 1459 827 1488; x_wconf 84' lang='lat' dir='ltr'>Nocte</span> <span class='ocrx_word' id='word_1_129' title='bbox 842 1457 892 1486; x_wconf 84' lang='lat' dir='ltr'>in·</span> 
     </span>
     <span class='ocr_line' id='line_1_22' title="bbox 170 1507 896 1552; baseline -0.008 -10"><span class='ocrx_word' id='word_1_130' title='bbox 170 1511 339 1552; x_wconf 84' lang='lat' dir='ltr'>telligatur,</span> <span class='ocrx_word' id='word_1_131' title='bbox 353 1519 414 1539; x_wconf 88' lang='lat' dir='ltr'>ver.</span> <span class='ocrx_word' id='word_1_132' title='bbox 431 1512 502 1539; x_wconf 85' lang='lat'><strong>649.</strong></span> <span class='ocrx_word' id='word_1_133' title='bbox 519 1518 601 1548; x_wconf 85' lang='lat' dir='ltr'>quae,</span> <span class='ocrx_word' id='word_1_134' title='bbox 617 1507 728 1538; x_wconf 90' lang='lat' dir='ltr'>eodem</span> <span class='ocrx_word' id='word_1_135' title='bbox 743 1507 896 1537; x_wconf 85' lang='lat' dir='ltr'>sermonis</span> 
     </span>
     <span class='ocr_line' id='line_1_23' title="bbox 170 1557 897 1599; baseline -0.01 -6"><span class='ocrx_word' id='word_1_136' title='bbox 170 1564 338 1599; x_wconf 82' lang='lat' dir='ltr'>schemate,</span> <span class='ocrx_word' id='word_1_137' title='bbox 355 1560 394 1591; x_wconf 91' lang='lat' dir='ltr'>ad</span> <span class='ocrx_word' id='word_1_138' title='bbox 408 1558 620 1590; x_wconf 80' lang='lat' dir='ltr'>maturitatem</span> <span class='ocrx_word' id='word_1_139' title='bbox 632 1568 721 1588; x_wconf 86' lang='lat' dir='ltr'>suam</span> <span class='ocrx_word' id='word_1_140' title='bbox 737 1557 897 1596; x_wconf 87' lang='lat' dir='ltr'>perducta,</span> 
     </span>
     <span class='ocr_line' id='line_1_24' title="bbox 173 1607 899 1652; baseline -0.008 -9"><span class='ocrx_word' id='word_1_141' title='bbox 173 1613 235 1643; x_wconf 85' lang='lat' dir='ltr'>dici</span> <span class='ocrx_word' id='word_1_142' title='bbox 264 1618 363 1652; x_wconf 89' lang='lat' dir='ltr'>potest</span> <span class='ocrx_word' id='word_1_143' title='bbox 390 1612 545 1641; x_wconf 78' lang='lat' dir='ltr'>Auroram</span> <span class='ocrx_word' id='word_1_144' title='bbox 575 1609 702 1649; x_wconf 76' lang='lat' dir='ltr'>deferre,</span> <span class='ocrx_word' id='word_1_145' title='bbox 736 1619 798 1648; x_wconf 94' lang='lat' dir='ltr'>quo</span> <span class='ocrx_word' id='word_1_146' title='bbox 820 1607 899 1638; x_wconf 81' lang='lat' dir='ltr'>illud</span> 
     </span>
     <span class='ocr_line' id='line_1_25' title="bbox 171 1660 898 1699; baseline -0.008 -4"><span class='ocrx_word' id='word_1_147' title='bbox 171 1664 397 1699; x_wconf 70' lang='lat' dir='ltr'>Horafianum,</span> <span class='ocrx_word' id='word_1_148' title='bbox 420 1660 470 1692; x_wconf 88' lang='lat' dir='ltr'>od.</span> <span class='ocrx_word' id='word_1_149' title='bbox 485 1661 506 1691; x_wconf 90' lang='lat' dir='ltr'>i.</span> <span class='ocrx_word' id='word_1_150' title='bbox 521 1664 551 1691; x_wconf 79' lang='lat'><strong>5.</strong></span> <span class='ocrx_word' id='word_1_151' title='bbox 572 1664 620 1691; x_wconf 89' lang='lat'><strong>16.</strong></span> <span class='ocrx_word' id='word_1_152' title='bbox 642 1660 681 1690; x_wconf 92' lang='lat' dir='ltr'>de</span> <span class='ocrx_word' id='word_1_153' title='bbox 704 1661 786 1691; x_wconf 67' lang='lat' dir='ltr'>iVoto</span> <span class='ocrx_word' id='word_1_154' title='bbox 808 1669 898 1690; x_wconf 87' lang='lat' dir='ltr'>usur-</span> 
     </span>
     <span class='ocr_line' id='line_1_26' title="bbox 172 1720 276 1755; baseline 0.01 -10"><span class='ocrx_word' id='word_1_155' title='bbox 172 1720 276 1755; x_wconf 81' lang='lat' dir='ltr'>patur:</span> 
     </span>
    </p>
   </div>
   <div class='ocr_carea' id='block_1_9' title="bbox 266 1791 832 1872">
    <p class='ocr_par' dir='ltr' id='par_1_9' title="bbox 266 1791 832 1872">
     <span class='ocr_line' id='line_1_27' title="bbox 266 1791 601 1826; baseline -0.006 -7"><span class='ocrx_word' id='word_1_156' title='bbox 266 1795 328 1826; x_wconf 73' lang='lat' dir='ltr'>Quo</span> <span class='ocrx_word' id='word_1_157' title='bbox 339 1800 393 1818; x_wconf 90' lang='lat' dir='ltr'>non</span> <span class='ocrx_word' id='word_1_158' title='bbox 404 1793 503 1819; x_wconf 76' lang='lat' dir='ltr'>arbiter</span> <span class='ocrx_word' id='word_1_159' title='bbox 511 1791 601 1819; x_wconf 78' lang='lat' dir='ltr'>Adriae</span> 
     </span>
     <span class='ocr_line' id='line_1_28' title="bbox 296 1831 832 1872; baseline -0.006 -14"><span class='ocrx_word' id='word_1_160' title='bbox 296 1835 379 1864; x_wconf 84' lang='lat' dir='ltr'>Major</span> <span class='ocrx_word' id='word_1_161' title='bbox 390 1832 496 1872; x_wconf 54' lang='lat' dir='ltr'>tollere,</span> <span class='ocrx_word' id='word_1_162' title='bbox 506 1839 552 1857; x_wconf 86' lang='lat' dir='ltr'>seu</span> <span class='ocrx_word' id='word_1_163' title='bbox 561 1835 652 1864; x_wconf 80' lang='lat' dir='ltr'>ponere</span> <span class='ocrx_word' id='word_1_164' title='bbox 665 1831 734 1862; x_wconf 89' lang='lat' dir='ltr'>vult,</span> <span class='ocrx_word' id='word_1_165' title='bbox 743 1831 832 1863; x_wconf 79' lang='lat' dir='ltr'>freta.-</span> 
     </span>
    </p>
   </div>
   <div class='ocr_carea' id='block_1_10' title="bbox 177 1893 915 2966">
    <p class='ocr_par' dir='ltr' id='par_1_10' title="bbox 177 1893 914 2853">
     <span class='ocr_line' id='line_1_29' title="bbox 177 1893 902 1934; baseline -0.006 -7"><span class='ocrx_word' id='word_1_166' title='bbox 177 1902 208 1928; x_wconf 89' lang='lat' dir='ltr'>et</span> <span class='ocrx_word' id='word_1_167' title='bbox 222 1896 283 1927; x_wconf 85' lang='lat' dir='ltr'>alia</span> <span class='ocrx_word' id='word_1_168' title='bbox 306 1895 460 1926; x_wconf 89' lang='lat' dir='ltr'>nonnulla</span> <span class='ocrx_word' id='word_1_169' title='bbox 474 1895 508 1925; x_wconf 90' lang='lat' dir='ltr'>in</span> <span class='ocrx_word' id='word_1_170' title='bbox 523 1895 630 1934; x_wconf 65' lang='lat' dir='ltr'>poetis.</span> <span class='ocrx_word' id='word_1_171' title='bbox 664 1895 788 1925; x_wconf 89' lang='lat' dir='ltr'>Verum</span> <span class='ocrx_word' id='word_1_172' title='bbox 815 1893 902 1924; x_wconf 86' lang='lat' dir='ltr'>enim</span> 
     </span>
     <span class='ocr_line' id='line_1_30' title="bbox 177 1946 903 1989; baseline -0.003 -11"><span class='ocrx_word' id='word_1_173' title='bbox 177 1959 261 1986; x_wconf 81' lang='lat' dir='ltr'>vero,</span> <span class='ocrx_word' id='word_1_174' title='bbox 281 1948 423 1989; x_wconf 89' lang='lat' dir='ltr'>quamvis</span> <span class='ocrx_word' id='word_1_175' title='bbox 444 1958 496 1977; x_wconf 90' lang='lat' dir='ltr'>me</span> <span class='ocrx_word' id='word_1_176' title='bbox 518 1947 663 1977; x_wconf 90' lang='lat' dir='ltr'>codicum</span> <span class='ocrx_word' id='word_1_177' title='bbox 679 1946 903 1977; x_wconf 87' lang='lat' dir='ltr'>venerabilium</span> 
     </span>
     <span class='ocr_line' id='line_1_31' title="bbox 177 1997 902 2037; baseline -0.004 -7"><span class='ocrx_word' id='word_1_178' title='bbox 177 2009 346 2030; x_wconf 85' lang='lat' dir='ltr'>consensus</span> <span class='ocrx_word' id='word_1_179' title='bbox 359 2008 480 2037; x_wconf 85' lang='lat' dir='ltr'>semper</span> <span class='ocrx_word' id='word_1_180' title='bbox 494 1997 641 2027; x_wconf 86' lang='lat' dir='ltr'>nonnihil</span> <span class='ocrx_word' id='word_1_181' title='bbox 655 1997 832 2035; x_wconf 86' lang='lat' dir='ltr'>labefaciat,</span> <span class='ocrx_word' id='word_1_182' title='bbox 854 2007 902 2027; x_wconf 89' lang='lat' dir='ltr'>re-</span> 
     </span>
     <span class='ocr_line' id='line_1_32' title="bbox 178 2048 907 2090; baseline -0.003 -10"><span class='ocrx_word' id='word_1_183' title='bbox 178 2056 267 2090; x_wconf 89' lang='lat' dir='ltr'>cepta</span> <span class='ocrx_word' id='word_1_184' title='bbox 289 2050 394 2088; x_wconf 87' lang='lat' dir='ltr'>lectio,</span> <span class='ocrx_word' id='word_1_185' title='bbox 423 2055 460 2079; x_wconf 88' lang='lat' dir='ltr'>ut</span> <span class='ocrx_word' id='word_1_186' title='bbox 481 2055 527 2079; x_wconf 87' lang='lat' dir='ltr'>est</span> <span class='ocrx_word' id='word_1_187' title='bbox 549 2048 779 2089; x_wconf 85' lang='lat' dir='ltr'>elegantissima</span> <span class='ocrx_word' id='word_1_188' title='bbox 798 2048 907 2088; x_wconf 86' lang='lat' dir='ltr'>procul</span> 
     </span>
     <span class='ocr_line' id='line_1_33' title="bbox 179 2102 904 2144; baseline -0.003 -10"><span class='ocrx_word' id='word_1_189' title='bbox 179 2104 285 2140; x_wconf 90' lang='lat' dir='ltr'>dubio,</span> <span class='ocrx_word' id='word_1_190' title='bbox 312 2109 396 2134; x_wconf 83' lang='lat' dir='ltr'>casta</span> <span class='ocrx_word' id='word_1_191' title='bbox 420 2110 568 2142; x_wconf 85' lang='lat' dir='ltr'>praeterea</span> <span class='ocrx_word' id='word_1_192' title='bbox 591 2102 800 2144; x_wconf 88' lang='lat' dir='ltr'>undequaque</span> <span class='ocrx_word' id='word_1_193' title='bbox 820 2102 904 2133; x_wconf 88' lang='lat' dir='ltr'>vide-</span> 
     </span>
     <span class='ocr_line' id='line_1_34' title="bbox 179 2154 907 2194; baseline -0.003 -8"><span class='ocrx_word' id='word_1_194' title='bbox 179 2161 242 2194; x_wconf 85' lang='lat' dir='ltr'>tur,</span> <span class='ocrx_word' id='word_1_195' title='bbox 266 2162 301 2186; x_wconf 89' lang='lat' dir='ltr'>et</span> <span class='ocrx_word' id='word_1_196' title='bbox 321 2155 491 2186; x_wconf 66' lang='lat' dir='ltr'>rectissima</span> <span class='ocrx_word' id='word_1_197' title='bbox 511 2155 707 2194; x_wconf 80' lang='lat' dir='ltr'>proprietate.</span> <span class='ocrx_word' id='word_1_198' title='bbox 752 2154 907 2185; x_wconf 89' lang='lat' dir='ltr'>Attendas</span> 
     </span>
     <span class='ocr_line' id='line_1_35' title="bbox 180 2207 907 2247; baseline 0 -10"><span class='ocrx_word' id='word_1_199' title='bbox 180 2213 287 2238; x_wconf 88' lang='lat' dir='ltr'>autem</span> <span class='ocrx_word' id='word_1_200' title='bbox 316 2207 422 2245; x_wconf 84' lang='lat' dir='ltr'>velim,</span> <span class='ocrx_word' id='word_1_201' title='bbox 455 2217 548 2247; x_wconf 88' lang='lat' dir='ltr'>quam</span> <span class='ocrx_word' id='word_1_202' title='bbox 573 2217 630 2236; x_wconf 87' lang='lat' dir='ltr'>suo</span> <span class='ocrx_word' id='word_1_203' title='bbox 659 2207 768 2237; x_wconf 86' lang='lat' dir='ltr'>ordine</span> <span class='ocrx_word' id='word_1_204' title='bbox 801 2217 907 2247; x_wconf 84' lang='lat' dir='ltr'>proce-</span> 
     </span>
     <span class='ocr_line' id='line_1_36' title="bbox 182 2257 906 2298; baseline -0.001 -10"><span class='ocrx_word' id='word_1_205' title='bbox 182 2258 258 2288; x_wconf 87' lang='lat' dir='ltr'>dant</span> <span class='ocrx_word' id='word_1_206' title='bbox 278 2259 397 2296; x_wconf 87' lang='lat' dir='ltr'>omnia,</span> <span class='ocrx_word' id='word_1_207' title='bbox 420 2263 452 2287; x_wconf 86' lang='lat' dir='ltr'>et</span> <span class='ocrx_word' id='word_1_208' title='bbox 472 2258 626 2288; x_wconf 86' lang='lat' dir='ltr'>concinne</span> <span class='ocrx_word' id='word_1_209' title='bbox 648 2257 811 2298; x_wconf 86' lang='lat' dir='ltr'>quadrent.</span> <span class='ocrx_word' id='word_1_210' title='bbox 833 2259 906 2288; x_wconf 90' lang='grc' dir='ltr'>Μα-</span> 
     </span>
     <span class='ocr_line' id='line_1_37' title="bbox 183 2307 909 2347; baseline -0.001 -9"><span class='ocrx_word' id='word_1_211' title='bbox 183 2314 250 2338; x_wconf 79' lang='lat' dir='ltr'>tuta</span> <span class='ocrx_word' id='word_1_212' title='bbox 277 2308 441 2345; x_wconf 83' lang='lat' dir='ltr'>nimirum,</span> <span class='ocrx_word' id='word_1_213' title='bbox 464 2318 535 2347; x_wconf 89' lang='lat' dir='ltr'>quae</span> <span class='ocrx_word' id='word_1_214' title='bbox 563 2313 611 2337; x_wconf 88' lang='lat' dir='ltr'>est</span> <span class='ocrx_word' id='word_1_215' title='bbox 635 2308 816 2338; x_wconf 70' lang='lat' dir='ltr'>Leucothoe</span> <span class='ocrx_word' id='word_1_216' title='bbox 838 2307 909 2345; x_wconf 87' lang='lat' dir='ltr'>dea,</span> 
     </span>
     <span class='ocr_line' id='line_1_38' title="bbox 185 2358 910 2400; baseline 0.001 -12"><span class='ocrx_word' id='word_1_217' title='bbox 185 2359 248 2389; x_wconf 88' lang='lat' dir='ltr'>sive</span> <span class='ocrx_word' id='word_1_218' title='bbox 272 2358 432 2397; x_wconf 87' lang='lat' dir='ltr'>Albunea,</span> <span class='ocrx_word' id='word_1_219' title='bbox 455 2361 610 2390; x_wconf 80' lang='lat' dir='ltr'>Auroram</span> <span class='ocrx_word' id='word_1_220' title='bbox 636 2359 794 2398; x_wconf 87' lang='lat' dir='ltr'>praecedit,</span> <span class='ocrx_word' id='word_1_221' title='bbox 817 2365 910 2400; x_wconf 87' lang='lat' dir='ltr'>atque</span> 
     </span>
     <span class='ocr_line' id='line_1_39' title="bbox 186 2411 910 2451; baseline 0.003 -11"><span class='ocrx_word' id='word_1_222' title='bbox 186 2411 327 2441; x_wconf 85' lang='lat' dir='ltr'>ancillari</span> <span class='ocrx_word' id='word_1_223' title='bbox 341 2411 476 2451; x_wconf 91' lang='lat' dir='ltr'>quodam</span> <span class='ocrx_word' id='word_1_224' title='bbox 492 2412 667 2444; x_wconf 86' lang='lat' dir='ltr'>ministerio</span> <span class='ocrx_word' id='word_1_225' title='bbox 682 2412 824 2442; x_wconf 84' lang='lat' dir='ltr'>deducit:</span> <span class='ocrx_word' id='word_1_226' title='bbox 852 2412 871 2442; x_wconf 88' lang='lat' dir='ltr'>i.</span> <span class='ocrx_word' id='word_1_227' title='bbox 884 2422 910 2442; x_wconf 92' lang='lat' dir='ltr'>e.</span> 
     </span>
     <span class='ocr_line' id='line_1_40' title="bbox 188 2462 911 2503; baseline 0.001 -11"><span class='ocrx_word' id='word_1_228' title='bbox 188 2463 259 2492; x_wconf 81' lang='lat' dir='ltr'>alba</span> <span class='ocrx_word' id='word_1_229' title='bbox 285 2463 338 2491; x_wconf 72' lang='lat' dir='ltr'>lua:</span> <span class='ocrx_word' id='word_1_230' title='bbox 361 2462 517 2501; x_wconf 86' lang='lat' dir='ltr'>gradatim</span> <span class='ocrx_word' id='word_1_231' title='bbox 539 2463 793 2503; x_wconf 89' lang='lat' dir='ltr'>pedetentimque</span> <span class='ocrx_word' id='word_1_232' title='bbox 807 2474 911 2501; x_wconf 82' lang='lat' dir='ltr'>roseoe,</span> 
     </span>
     <span class='ocr_line' id='line_1_41' title="bbox 187 2512 911 2554; baseline 0 -11"><span class='ocrx_word' id='word_1_233' title='bbox 187 2512 237 2543; x_wconf 76' lang='lat' dir='ltr'>vel</span> <span class='ocrx_word' id='word_1_234' title='bbox 251 2514 360 2548; x_wconf 87' lang='lat' dir='ltr'>rubrae,</span> <span class='ocrx_word' id='word_1_235' title='bbox 375 2514 440 2543; x_wconf 77' lang='lat' dir='ltr'>luci</span> <span class='ocrx_word' id='word_1_236' title='bbox 454 2512 560 2543; x_wconf 90' lang='lat' dir='ltr'>locum</span> <span class='ocrx_word' id='word_1_237' title='bbox 575 2513 636 2543; x_wconf 84' lang='lat' dir='ltr'>dat.</span> <span class='ocrx_word' id='word_1_238' title='bbox 681 2514 754 2549; x_wconf 87' lang='lat' dir='ltr'>Quo</span> <span class='ocrx_word' id='word_1_239' title='bbox 768 2513 846 2554; x_wconf 91' lang='lat' dir='ltr'>quid</span> <span class='ocrx_word' id='word_1_240' title='bbox 859 2524 911 2543; x_wconf 90' lang='lat' dir='ltr'>ve-</span> 
     </span>
     <span class='ocr_line' id='line_1_42' title="bbox 186 2563 910 2604; baseline 0 -10"><span class='ocrx_word' id='word_1_241' title='bbox 186 2564 252 2594; x_wconf 90' lang='lat' dir='ltr'>rius</span> <span class='ocrx_word' id='word_1_242' title='bbox 269 2570 300 2594; x_wconf 88' lang='lat' dir='ltr'>et</span> <span class='ocrx_word' id='word_1_243' title='bbox 321 2563 512 2603; x_wconf 84' lang='lat' dir='ltr'>appositius?</span> <span class='ocrx_word' id='word_1_244' title='bbox 538 2564 690 2603; x_wconf 87' lang='lat' dir='ltr'>Inspicias</span> <span class='ocrx_word' id='word_1_245' title='bbox 712 2564 818 2602; x_wconf 89' lang='lat' dir='ltr'>modo,</span> <span class='ocrx_word' id='word_1_246' title='bbox 840 2575 910 2604; x_wconf 90' lang='lat' dir='ltr'>quae</span> 
     </span>
     <span class='ocr_line' id='line_1_43' title="bbox 187 2615 910 2646; baseline -0.003 0"><span class='ocrx_word' id='word_1_247' title='bbox 187 2615 320 2646; x_wconf 77' lang='lat' dir='ltr'>dixerim</span> <span class='ocrx_word' id='word_1_248' title='bbox 333 2615 369 2644; x_wconf 89' lang='lat' dir='ltr'>in</span> <span class='ocrx_word' id='word_1_249' title='bbox 385 2615 458 2645; x_wconf 80' lang='lat' dir='ltr'>Silv.</span> <span class='ocrx_word' id='word_1_250' title='bbox 478 2615 554 2645; x_wconf 86' lang='lat' dir='ltr'>Crit.</span> <span class='ocrx_word' id='word_1_251' title='bbox 577 2621 647 2646; x_wconf 88' lang='lat' dir='ltr'>sect.</span> <span class='ocrx_word' id='word_1_252' title='bbox 671 2616 745 2646; x_wconf 83' lang='lat' dir='ltr'>ccix.</span> <span class='ocrx_word' id='word_1_253' title='bbox 768 2615 910 2646; x_wconf 87' lang='lat' dir='ltr'>Lucreti-</span> 
     </span>
     <span class='ocr_line' id='line_1_44' title="bbox 188 2666 914 2705; baseline -0.001 -8"><span class='ocrx_word' id='word_1_254' title='bbox 188 2677 246 2697; x_wconf 90' lang='lat' dir='ltr'>um</span> <span class='ocrx_word' id='word_1_255' title='bbox 267 2673 409 2705; x_wconf 84' lang='lat' dir='ltr'>potenter</span> <span class='ocrx_word' id='word_1_256' title='bbox 434 2666 634 2704; x_wconf 85' lang='lat' dir='ltr'>illustrantia;</span> <span class='ocrx_word' id='word_1_257' title='bbox 656 2672 692 2696; x_wconf 89' lang='lat' dir='ltr'>ut</span> <span class='ocrx_word' id='word_1_258' title='bbox 716 2677 754 2696; x_wconf 87' lang='lat' dir='ltr'>ea</span> <span class='ocrx_word' id='word_1_259' title='bbox 779 2666 914 2696; x_wconf 87' lang='lat' dir='ltr'>vicissim</span> 
     </span>
     <span class='ocr_line' id='line_1_45' title="bbox 189 2718 914 2749; baseline 0 -1"><span class='ocrx_word' id='word_1_260' title='bbox 189 2729 254 2748; x_wconf 88' lang='lat' dir='ltr'>non</span> <span class='ocrx_word' id='word_1_261' title='bbox 276 2718 472 2748; x_wconf 84' lang='lat' dir='ltr'>mediocriter</span> <span class='ocrx_word' id='word_1_262' title='bbox 497 2718 692 2749; x_wconf 80' lang='lat' dir='ltr'>illustrantur</span> <span class='ocrx_word' id='word_1_263' title='bbox 714 2725 746 2749; x_wconf 89' lang='lat' dir='ltr'>et</span> <span class='ocrx_word' id='word_1_264' title='bbox 766 2719 914 2749; x_wconf 86' lang='lat' dir='ltr'>roboran-</span> 
     </span>
     <span class='ocr_line' id='line_1_46' title="bbox 189 2770 911 2808; baseline 0 -8"><span class='ocrx_word' id='word_1_265' title='bbox 189 2776 248 2800; x_wconf 86' lang='lat' dir='ltr'>tur.</span> <span class='ocrx_word' id='word_1_266' title='bbox 289 2770 394 2800; x_wconf 88' lang='lat' dir='ltr'>Adeas</span> <span class='ocrx_word' id='word_1_267' title='bbox 423 2770 517 2800; x_wconf 82' lang='lat' dir='ltr'>etiam</span> <span class='ocrx_word' id='word_1_268' title='bbox 543 2771 686 2801; x_wconf 88' lang='lat' dir='ltr'>Nonium</span> <span class='ocrx_word' id='word_1_269' title='bbox 710 2770 911 2808; x_wconf 87' lang='lat' dir='ltr'>Marcellum,</span> 
     </span>
     <span class='ocr_line' id='line_1_47' title="bbox 190 2821 806 2853; baseline 0.003 -2"><span class='ocrx_word' id='word_1_270' title='bbox 190 2821 225 2851; x_wconf 86' lang='lat' dir='ltr'>in</span> <span class='ocrx_word' id='word_1_271' title='bbox 239 2822 259 2852; x_wconf 90' lang='lat' dir='ltr'>i.</span> <span class='ocrx_word' id='word_1_272' title='bbox 273 2826 346 2853; x_wconf 79' lang='lat'><strong>557.</strong></span> <span class='ocrx_word' id='word_1_273' title='bbox 361 2832 397 2852; x_wconf 87' lang='lat' dir='ltr'>ac</span> <span class='ocrx_word' id='word_1_274' title='bbox 417 2822 496 2852; x_wconf 86' lang='lat' dir='ltr'>nihil</span> <span class='ocrx_word' id='word_1_275' title='bbox 514 2822 594 2852; x_wconf 86' lang='lat' dir='ltr'>ultra</span> <span class='ocrx_word' id='word_1_276' title='bbox 609 2823 806 2853; x_wconf 80' lang='lat' dir='ltr'>desiderabis.</span> 
     </span>
    </p>

    <p class='ocr_par' dir='ltr' id='par_1_11' title="bbox 193 2876 915 2966">
     <span class='ocr_line' id='line_1_48' title="bbox 235 2876 915 2916; baseline 0.001 -10"><span class='ocrx_word' id='word_1_277' title='bbox 235 2876 315 2908; x_wconf 87' lang='lat' dir='ltr'>Ibid.</span> <span class='ocrx_word' id='word_1_278' title='bbox 345 2889 460 2908; x_wconf 77' lang='lat' dir='ltr'>roseam</span> <span class='ocrx_word' id='word_1_279' title='bbox 488 2879 652 2908; x_wconf 74' lang='lat' dir='ltr'>Auroram.</span> <span class='ocrx_word' id='word_1_280' title='bbox 694 2876 915 2916; x_wconf 86' lang='lat' dir='ltr'>Callimachus,</span> 
     </span>
     <span class='ocr_line' id='line_1_49' title="bbox 193 2927 829 2966; baseline 0.003 -10"><span class='ocrx_word' id='word_1_281' title='bbox 193 2927 352 2966; x_wconf 86' lang='lat' dir='ltr'>impendio</span> <span class='ocrx_word' id='word_1_282' title='bbox 365 2935 500 2960; x_wconf 64' lang='lat' dir='ltr'>venustt:</span> <span class='ocrx_word' id='word_1_283' title='bbox 525 2929 557 2958; x_wconf 86' lang='lat' dir='ltr'>in</span> <span class='ocrx_word' id='word_1_284' title='bbox 573 2929 666 2959; x_wconf 62' lang='lat' dir='ltr'>las-ac.</span> <span class='ocrx_word' id='word_1_285' title='bbox 684 2928 762 2960; x_wconf 77' lang='lat' dir='ltr'>Pau.</span> <span class='ocrx_word' id='word_1_286' title='bbox 778 2931 829 2960; x_wconf 77' lang='lat'>27.</span> 
     </span>
    </p>
   </div>
   <div class='ocr_carea' id='block_1_11' title="bbox 959 667 1644 759">
    <p class='ocr_par' dir='ltr' id='par_1_12' title="bbox 959 667 1644 759">
     <span class='ocr_line' id='line_1_50' title="bbox 959 667 1644 721; baseline -0.013 -8"><span class='ocrx_word' id='word_1_287' title='bbox 959 690 985 713; x_wconf 91' lang='grc' dir='ltr'>Ω</span> <span class='ocrx_word' id='word_1_288' title='bbox 1001 696 1088 721; x_wconf 69' lang='grc' dir='ltr'><strong><em>καρω,</em></strong></span> <span class='ocrx_word' id='word_1_289' title='bbox 1111 695 1139 711; x_wconf 73' lang='grc' dir='ltr'>το</span> <span class='ocrx_word' id='word_1_290' title='bbox 1153 683 1174 710; x_wconf 74' lang='grc' dir='ltr'>δ’</span> <span class='ocrx_word' id='word_1_291' title='bbox 1187 683 1347 709; x_wconf 80' lang='grc' dir='ltr'>ΕΡΕΥΘΟΣ</span> <span class='ocrx_word' id='word_1_292' title='bbox 1363 681 1486 716; x_wconf 72' lang='grc' dir='ltr'>ανεδραμε</span> <span class='ocrx_word' id='word_1_293' title='bbox 1502 667 1644 708; x_wconf 54' lang='grc' dir='ltr'>ΠΡΩΥΟΝ,</span> 
     </span>
     <span class='ocr_line' id='line_1_51' title="bbox 1055 744 1108 759; baseline 0 0"><span class='ocrx_word' id='word_1_294' title='bbox 1055 744 1108 759; x_wconf 66' lang='lat' dir='ltr'>om»</span> 
     </span>
    </p>
   </div>
   <div class='ocr_carea' id='block_1_12' title="bbox 1006 776 1599 810">
    <p class='ocr_par' dir='ltr' id='par_1_13' title="bbox 1006 776 1599 810">
     <span class='ocr_line' id='line_1_52' title="bbox 1006 776 1599 810; baseline -0.01 -4"><span class='ocrx_word' id='word_1_295' title='bbox 1006 784 1029 806; x_wconf 81' lang='lat' dir='ltr'>H</span> <span class='ocrx_word' id='word_1_296' title='bbox 1042 781 1177 810; x_wconf 79' lang='lat' dir='ltr'>&#39;POAON,</span> <span class='ocrx_word' id='word_1_297' title='bbox 1191 791 1206 809; x_wconf 76' lang='grc' dir='ltr'>η</span> <span class='ocrx_word' id='word_1_298' title='bbox 1216 776 1306 806; x_wconf 51' lang='lat' dir='ltr'>maza</span> <span class='ocrx_word' id='word_1_299' title='bbox 1319 787 1422 807; x_wconf 77' lang='grc' dir='ltr'><strong><em>κοκκος,</em></strong></span> <span class='ocrx_word' id='word_1_300' title='bbox 1437 785 1485 810; x_wconf 75' lang='grc' dir='ltr'>εχει</span> <span class='ocrx_word' id='word_1_301' title='bbox 1499 777 1599 810; x_wconf 61' lang='lat' dir='ltr'>moion:</span> 
     </span>
    </p>
   </div>
   <div class='ocr_carea' id='block_1_13' title="bbox 923 861 1656 1207">
    <p class='ocr_par' dir='ltr' id='par_1_14' title="bbox 923 861 1654 1113">
     <span class='ocr_line' id='line_1_53' title="bbox 923 861 1649 903; baseline -0.011 -7"><span class='ocrx_word' id='word_1_302' title='bbox 923 867 944 898; x_wconf 90' lang='lat' dir='ltr'>i.</span> <span class='ocrx_word' id='word_1_303' title='bbox 969 877 995 896; x_wconf 90' lang='lat' dir='ltr'>e.</span> <span class='ocrx_word' id='word_1_304' title='bbox 1019 867 1080 903; x_wconf 80' lang='lat' dir='ltr'>ille,</span> <span class='ocrx_word' id='word_1_305' title='bbox 1103 864 1152 894; x_wconf 81' lang='lat' dir='ltr'>vel</span> <span class='ocrx_word' id='word_1_306' title='bbox 1175 863 1256 901; x_wconf 87' lang='lat' dir='ltr'>talis,</span> <span class='ocrx_word' id='word_1_307' title='bbox 1287 863 1394 897; x_wconf 82' lang='lat' dir='ltr'>rubor,·</span> <span class='ocrx_word' id='word_1_308' title='bbox 1435 861 1592 896; x_wconf 74' lang='grc' dir='ltr'><strong><em>δεικτικως,</em></strong></span> <span class='ocrx_word' id='word_1_309' title='bbox 1618 864 1649 888; x_wconf 89' lang='lat' dir='ltr'>et</span> 
     </span>
     <span class='ocr_line' id='line_1_54' title="bbox 926 910 1652 958; baseline -0.014 -10"><span class='ocrx_word' id='word_1_310' title='bbox 926 917 1097 958; x_wconf 85' lang='lat' dir='ltr'>eleganter:</span> <span class='ocrx_word' id='word_1_311' title='bbox 1125 925 1199 945; x_wconf 89' lang='lat' dir='ltr'>nam</span> <span class='ocrx_word' id='word_1_312' title='bbox 1223 913 1371 944; x_wconf 86' lang='lat' dir='ltr'>articulus</span> <span class='ocrx_word' id='word_1_313' title='bbox 1392 921 1553 951; x_wconf 83' lang='lat' dir='ltr'>perperam</span> <span class='ocrx_word' id='word_1_314' title='bbox 1569 910 1652 939; x_wconf 88' lang='lat' dir='ltr'>visus</span> 
     </span>
     <span class='ocr_line' id='line_1_55' title="bbox 927 961 1652 1005; baseline -0.014 -6"><span class='ocrx_word' id='word_1_315' title='bbox 927 974 974 998; x_wconf 89' lang='lat' dir='ltr'>est</span> <span class='ocrx_word' id='word_1_316' title='bbox 997 968 1130 998; x_wconf 77' lang='lat' dir='ltr'>Ernesto</span> <span class='ocrx_word' id='word_1_317' title='bbox 1153 974 1407 1005; x_wconf 85' lang='lat' dir='ltr'>supervacaneus,</span> <span class='ocrx_word' id='word_1_318' title='bbox 1431 972 1539 992; x_wconf 87' lang='lat' dir='ltr'>eorum</span> <span class='ocrx_word' id='word_1_319' title='bbox 1559 961 1652 991; x_wconf 79' lang='lat' dir='ltr'>nimis</span> 
     </span>
     <span class='ocr_line' id='line_1_56' title="bbox 928 1013 1654 1060; baseline -0.011 -10"><span class='ocrx_word' id='word_1_320' title='bbox 928 1026 1055 1060; x_wconf 86' lang='lat' dir='ltr'>argutas</span> <span class='ocrx_word' id='word_1_321' title='bbox 1069 1018 1255 1049; x_wconf 84' lang='lat' dir='ltr'>subtilitates</span> <span class='ocrx_word' id='word_1_322' title='bbox 1268 1015 1463 1052; x_wconf 88' lang='lat' dir='ltr'>defendenti,</span> <span class='ocrx_word' id='word_1_323' title='bbox 1486 1014 1538 1054; x_wconf 91' lang='lat' dir='ltr'>qui</span> <span class='ocrx_word' id='word_1_324' title='bbox 1556 1013 1654 1055; x_wconf 71' lang='grc' dir='ltr'><strong><em>πρωϊον</em></strong></span> 
     </span>
     <span class='ocr_line' id='line_1_57' title="bbox 929 1065 1654 1113; baseline -0.012 -11"><span class='ocrx_word' id='word_1_325' title='bbox 929 1071 969 1102; x_wconf 81' lang='lat' dir='ltr'>ad</span> <span class='ocrx_word' id='word_1_326' title='bbox 984 1070 1057 1113; x_wconf 71' lang='grc' dir='ltr'><strong><em>ῥοδον</em></strong></span> <span class='ocrx_word' id='word_1_327' title='bbox 1072 1079 1225 1110; x_wconf 88' lang='lat' dir='ltr'>perquam</span> <span class='ocrx_word' id='word_1_328' title='bbox 1244 1067 1458 1106; x_wconf 85' lang='lat' dir='ltr'>intempestive</span> <span class='ocrx_word' id='word_1_329' title='bbox 1473 1065 1654 1095; x_wconf 87' lang='lat' dir='ltr'>retulerunt.</span> 
     </span>
    </p>

    <p class='ocr_par' dir='ltr' id='par_1_15' title="bbox 933 1115 1656 1207">
     <span class='ocr_line' id='line_1_58' title="bbox 975 1115 1656 1162; baseline -0.013 -9"><span class='ocrx_word' id='word_1_330' title='bbox 975 1122 1057 1153; x_wconf 86' lang='lat' dir='ltr'>Ibid.</span> <span class='ocrx_word' id='word_1_331' title='bbox 1084 1133 1143 1162; x_wconf 81' lang='lat' dir='ltr'>per</span> <span class='ocrx_word' id='word_1_332' title='bbox 1172 1131 1241 1151; x_wconf 83' lang='lat' dir='ltr'>oras</span> <span class='ocrx_word' id='word_1_333' title='bbox 1273 1120 1431 1153; x_wconf 74' lang='lat' dir='ltr'>AEtlzerz&#39;s;</span> <span class='ocrx_word' id='word_1_334' title='bbox 1470 1117 1550 1147; x_wconf 87' lang='lat' dir='ltr'>sicut</span> <span class='ocrx_word' id='word_1_335' title='bbox 1579 1115 1656 1146; x_wconf 91' lang='lat' dir='ltr'>olim</span> 
     </span>
     <span class='ocr_line' id='line_1_59' title="bbox 933 1168 1486 1207; baseline -0.016 -1"><span class='ocrx_word' id='word_1_336' title='bbox 933 1176 1069 1207; x_wconf 80' lang='lat' dir='ltr'>Plza&#39;e‘ton</span> <span class='ocrx_word' id='word_1_337' title='bbox 1085 1173 1119 1202; x_wconf 90' lang='lat' dir='ltr'>in</span> <span class='ocrx_word' id='word_1_338' title='bbox 1136 1171 1260 1207; x_wconf 85' lang='lat' dir='ltr'>Ovidio,</span> <span class='ocrx_word' id='word_1_339' title='bbox 1276 1175 1349 1200; x_wconf 89' lang='lat' dir='ltr'>met.</span> <span class='ocrx_word' id='word_1_340' title='bbox 1365 1168 1397 1199; x_wconf 84' lang='lat' dir='ltr'>ii.</span> <span class='ocrx_word' id='word_1_341' title='bbox 1415 1171 1486 1198; x_wconf 76' lang='lat'><strong>202.</strong></span> 
     </span>
    </p>
   </div>
   <div class='ocr_carea' id='block_1_14' title="bbox 949 1253 1658 1403">
    <p class='ocr_par' dir='ltr' id='par_1_16' title="bbox 949 1253 1658 1403">
     <span class='ocr_line' id='line_1_60' title="bbox 949 1253 1658 1290; baseline -0.014 -6"><span class='ocrx_word' id='word_1_342' title='bbox 949 1258 1142 1290; x_wconf 80' lang='lat' dir='ltr'>Exspatiantur</span> <span class='ocrx_word' id='word_1_343' title='bbox 1154 1258 1216 1288; x_wconf 86' lang='lat' dir='ltr'>equi</span> <span class='ocrx_word' id='word_1_344' title='bbox 1226 1265 1234 1287; x_wconf 90' lang='lat'>;</span> <span class='ocrx_word' id='word_1_345' title='bbox 1251 1255 1378 1286; x_wconf 91' lang='lat' dir='ltr'>nulloque</span> <span class='ocrx_word' id='word_1_346' title='bbox 1389 1253 1538 1282; x_wconf 84' lang='lat' dir='ltr'>inhibente,</span> <span class='ocrx_word' id='word_1_347' title='bbox 1545 1255 1592 1284; x_wconf 79' lang='lat' dir='ltr'>per</span> <span class='ocrx_word' id='word_1_348' title='bbox 1601 1258 1658 1275; x_wconf 82' lang='lat' dir='ltr'>oras</span> 
     </span>
     <span class='ocr_line' id='line_1_61' title="bbox 950 1291 1608 1331; baseline -0.015 -7"><span class='ocrx_word' id='word_1_349' title='bbox 950 1301 1056 1331; x_wconf 79' lang='lat' dir='ltr'>Ignotae</span> <span class='ocrx_word' id='word_1_350' title='bbox 1069 1297 1184 1329; x_wconf 86' lang='lat' dir='ltr'>regionis</span> <span class='ocrx_word' id='word_1_351' title='bbox 1194 1299 1277 1326; x_wconf 88' lang='lat' dir='ltr'>eunt;</span> <span class='ocrx_word' id='word_1_352' title='bbox 1295 1294 1402 1326; x_wconf 62' lang='lat' dir='ltr'>quique</span> <span class='ocrx_word' id='word_1_353' title='bbox 1412 1293 1530 1324; x_wconf 86' lang='lat' dir='ltr'>impetus</span> <span class='ocrx_word' id='word_1_354' title='bbox 1541 1291 1608 1322; x_wconf 80' lang='lat' dir='ltr'>egit,</span> 
     </span>
     <span class='ocr_line' id='line_1_62' title="bbox 952 1330 1635 1368; baseline -0.015 -4"><span class='ocrx_word' id='word_1_355' title='bbox 952 1340 1020 1368; x_wconf 81' lang='lat' dir='ltr'>Hac,</span> <span class='ocrx_word' id='word_1_356' title='bbox 1031 1338 1087 1363; x_wconf 83' lang='lat' dir='ltr'>sine</span> <span class='ocrx_word' id='word_1_357' title='bbox 1098 1337 1168 1368; x_wconf 83' lang='lat' dir='ltr'>lege,</span> <span class='ocrx_word' id='word_1_358' title='bbox 1179 1339 1277 1366; x_wconf 77' lang='lat' dir='ltr'>ruunt5</span> <span class='ocrx_word' id='word_1_359' title='bbox 1295 1334 1404 1365; x_wconf 88' lang='lat' dir='ltr'>altoque</span> <span class='ocrx_word' id='word_1_360' title='bbox 1415 1333 1463 1357; x_wconf 81' lang='lat' dir='ltr'>sub</span> <span class='ocrx_word' id='word_1_361' title='bbox 1473 1332 1562 1357; x_wconf 78' lang='lat' dir='ltr'>ethere</span> <span class='ocrx_word' id='word_1_362' title='bbox 1573 1330 1635 1355; x_wconf 77' lang='lat' dir='ltr'>fixis</span> 
     </span>
     <span class='ocr_line' id='line_1_63' title="bbox 953 1376 1258 1403; baseline -0.01 0"><span class='ocrx_word' id='word_1_363' title='bbox 953 1379 1093 1403; x_wconf 84' lang='lat' dir='ltr'>Incursant</span> <span class='ocrx_word' id='word_1_364' title='bbox 1105 1376 1258 1401; x_wconf 81' lang='lat' dir='ltr'>stellis—.</span> 
     </span>
    </p>
   </div>
   <div class='ocr_carea' id='block_1_15' title="bbox 939 1448 1662 1543">
    <p class='ocr_par' dir='ltr' id='par_1_17' title="bbox 939 1448 1662 1543">
     <span class='ocr_line' id='line_1_64' title="bbox 941 1448 1662 1491; baseline -0.01 -8"><span class='ocrx_word' id='word_1_365' title='bbox 941 1453 1003 1490; x_wconf 89' lang='lat' dir='ltr'>Sic,</span> <span class='ocrx_word' id='word_1_366' title='bbox 1027 1451 1150 1491; x_wconf 85' lang='lat' dir='ltr'>opinor,</span> <span class='ocrx_word' id='word_1_367' title='bbox 1179 1448 1395 1481; x_wconf 81' lang='lat' dir='ltr'>emendandus</span> <span class='ocrx_word' id='word_1_368' title='bbox 1421 1454 1480 1478; x_wconf 88' lang='lat' dir='ltr'>est:</span> <span class='ocrx_word' id='word_1_369' title='bbox 1507 1448 1589 1485; x_wconf 85' lang='lat' dir='ltr'>libri,</span> <span class='ocrx_word' id='word_1_370' title='bbox 1603 1457 1662 1487; x_wconf 77' lang='lat' dir='ltr'>per</span> 
     </span>
     <span class='ocr_line' id='line_1_65' title="bbox 939 1500 1654 1543; baseline -0.007 -8"><span class='ocrx_word' id='word_1_371' title='bbox 939 1514 1035 1535; x_wconf 83' lang='lat' dir='ltr'>auras</span> <span class='ocrx_word' id='word_1_372' title='bbox 1041 1519 1052 1540; x_wconf 85' lang='lat'>,·</span> <span class='ocrx_word' id='word_1_373' title='bbox 1071 1513 1185 1543; x_wconf 88' lang='lat' dir='ltr'>parum</span> <span class='ocrx_word' id='word_1_374' title='bbox 1196 1502 1342 1541; x_wconf 88' lang='lat' dir='ltr'>apposite.</span> <span class='ocrx_word' id='word_1_375' title='bbox 1360 1500 1525 1538; x_wconf 77' lang='lat' dir='ltr'>Manilius,</span> <span class='ocrx_word' id='word_1_376' title='bbox 1539 1500 1570 1530; x_wconf 82' lang='lat' dir='ltr'>ii.</span> <span class='ocrx_word' id='word_1_377' title='bbox 1583 1502 1654 1531; x_wconf 73' lang='lat'><strong>792.</strong></span> 
     </span>
    </p>
   </div>
   <div class='ocr_carea' id='block_1_16' title="bbox 975 1581 1624 1616">
    <p class='ocr_par' dir='ltr' id='par_1_18' title="bbox 975 1581 1624 1616">
     <span class='ocr_line' id='line_1_66' title="bbox 975 1581 1624 1616; baseline -0.009 -5"><span class='ocrx_word' id='word_1_378' title='bbox 975 1586 1050 1611; x_wconf 84' lang='lat' dir='ltr'>Alter</span> <span class='ocrx_word' id='word_1_379' title='bbox 1061 1585 1093 1610; x_wconf 84' lang='lat' dir='ltr'>ab</span> <span class='ocrx_word' id='word_1_380' title='bbox 1108 1583 1219 1610; x_wconf 69' lang='lat' dir='ltr'>adversa</span> <span class='ocrx_word' id='word_1_381' title='bbox 1230 1583 1391 1616; x_wconf 84' lang='lat' dir='ltr'>respondens</span> <span class='ocrx_word' id='word_1_382' title='bbox 1402 1581 1499 1606; x_wconf 76' lang='lat' dir='ltr'>etheris</span> <span class='ocrx_word' id='word_1_383' title='bbox 1506 1581 1624 1606; x_wconf 75' lang='lat' dir='ltr'>orci—.</span> 
     </span>
    </p>
   </div>
   <div class='ocr_carea' id='block_1_17' title="bbox 941 1659 1668 1794">
    <p class='ocr_par' dir='ltr' id='par_1_19' title="bbox 941 1659 1668 1794">
     <span class='ocr_line' id='line_1_67' title="bbox 987 1659 1666 1700; baseline -0.006 -7"><span class='ocrx_word' id='word_1_384' title='bbox 987 1664 1065 1693; x_wconf 91' lang='lat' dir='ltr'>Ver.</span> <span class='ocrx_word' id='word_1_385' title='bbox 1098 1664 1174 1693; x_wconf 86' lang='lat'><strong>655.</strong></span> <span class='ocrx_word' id='word_1_386' title='bbox 1212 1663 1337 1692; x_wconf 78' lang='lat' dir='ltr'>Matuta</span> <span class='ocrx_word' id='word_1_387' title='bbox 1369 1662 1525 1691; x_wconf 79' lang='lat' dir='ltr'>Auroram</span> <span class='ocrx_word' id='word_1_388' title='bbox 1562 1659 1666 1700; x_wconf 66' lang='grc' dir='ltr'>ἀςίὲνι.</span> 
     </span>
     <span class='ocr_line' id='line_1_68' title="bbox 942 1710 1668 1747; baseline -0.007 -3"><span class='ocrx_word' id='word_1_389' title='bbox 942 1713 1083 1744; x_wconf 89' lang='lat' dir='ltr'>Pulchre</span> <span class='ocrx_word' id='word_1_390' title='bbox 1111 1712 1239 1742; x_wconf 85' lang='lat' dir='ltr'>variavit</span> <span class='ocrx_word' id='word_1_391' title='bbox 1267 1712 1462 1742; x_wconf 88' lang='lat' dir='ltr'>Homeream</span> <span class='ocrx_word' id='word_1_392' title='bbox 1488 1710 1668 1747; x_wconf 89' lang='lat' dir='ltr'>formulam,</span> 
     </span>
     <span class='ocr_line' id='line_1_69' title="bbox 941 1763 1169 1794; baseline 0.004 -1"><span class='ocrx_word' id='word_1_393' title='bbox 941 1763 976 1793; x_wconf 89' lang='lat' dir='ltr'>in</span> <span class='ocrx_word' id='word_1_394' title='bbox 992 1764 1031 1794; x_wconf 89' lang='lat' dir='ltr'>ll.</span> <span class='ocrx_word' id='word_1_395' title='bbox 1046 1771 1081 1794; x_wconf 84' lang='lat' dir='ltr'><strong>A.</strong></span> <span class='ocrx_word' id='word_1_396' title='bbox 1096 1766 1169 1794; x_wconf 89' lang='lat'><strong>477.</strong></span> 
     </span>
    </p>
   </div>
   <div class='ocr_carea' id='block_1_18' title="bbox 986 1867 1101 1877">
    <p class='ocr_par' dir='ltr' id='par_1_20' title="bbox 986 1867 1101 1877">
     <span class='ocr_line' id='line_1_70' title="bbox 986 1867 1101 1877; baseline 0 0"><span class='ocrx_word' id='word_1_397' title='bbox 986 1867 1101 1877; x_wconf 95' lang='lat' dir='ltr'> </span> 
     </span>
    </p>
   </div>
   <div class='ocr_carea' id='block_1_19' title="bbox 1117 1853 1668 1889">
    <p class='ocr_par' dir='ltr' id='par_1_21' title="bbox 1117 1853 1668 1889">
     <span class='ocr_line' id='line_1_71' title="bbox 1117 1853 1668 1889; baseline 0.002 -10"><span class='ocrx_word' id='word_1_398' title='bbox 1117 1855 1303 1880; x_wconf 75' lang='lat' dir='ltr'>HPIFENEIA</span> <span class='ocrx_word' id='word_1_399' title='bbox 1318 1861 1382 1887; x_wconf 74' lang='grc' dir='ltr'>φαινη</span> <span class='ocrx_word' id='word_1_400' title='bbox 1391 1853 1572 1889; x_wconf 66' lang='grc' dir='ltr'>ῥοδοδακτυλος</span> <span class='ocrx_word' id='word_1_401' title='bbox 1583 1855 1633 1879; x_wconf 84' lang='grc' dir='ltr'>ΗΩ</span> <span class='ocrx_word' id='word_1_402' title='bbox 1639 1854 1668 1880; x_wconf 88' lang='grc' dir='ltr'>Σ.</span> 
     </span>
    </p>
   </div>
   <div class='ocr_carea' id='block_1_20' title="bbox 946 1936 1677 2289">
    <p class='ocr_par' dir='ltr' id='par_1_22' title="bbox 946 1936 1677 2289">
     <span class='ocr_line' id='line_1_72' title="bbox 992 1936 1671 1978; baseline -0.003 -9"><span class='ocrx_word' id='word_1_403' title='bbox 992 1938 1066 1969; x_wconf 88' lang='lat' dir='ltr'>Ver.</span> <span class='ocrx_word' id='word_1_404' title='bbox 1083 1940 1155 1969; x_wconf 89' lang='lat'><strong>656.</strong></span> <span class='ocrx_word' id='word_1_405' title='bbox 1177 1936 1274 1978; x_wconf 59' lang='lat' dir='ltr'>defert</span> <span class='ocrx_word' id='word_1_406' title='bbox 1288 1943 1333 1968; x_wconf 84' lang='lat' dir='ltr'>et:</span> <span class='ocrx_word' id='word_1_407' title='bbox 1359 1936 1457 1967; x_wconf 83' lang='lat' dir='ltr'>Vind.</span> <span class='ocrx_word' id='word_1_408' title='bbox 1472 1936 1606 1977; x_wconf 78' lang='lat' dir='ltr'>deferre,-</span> <span class='ocrx_word' id='word_1_409' title='bbox 1629 1937 1671 1967; x_wconf 87' lang='lat' dir='ltr'>V.</span> 
     </span>
     <span class='ocr_line' id='line_1_73' title="bbox 950 1988 1668 2030; baseline -0.003 -10"><span class='ocrx_word' id='word_1_410' title='bbox 950 1989 997 2020; x_wconf 84' lang='lat' dir='ltr'>ed.</span> <span class='ocrx_word' id='word_1_411' title='bbox 1025 1989 1152 2030; x_wconf 69' lang='lat' dir='ltr'>defierte,</span> <span class='ocrx_word' id='word_1_412' title='bbox 1173 1988 1193 2019; x_wconf 79' lang='grc' dir='ltr'>ἰ.</span> <span class='ocrx_word' id='word_1_413' title='bbox 1216 1998 1242 2018; x_wconf 83' lang='lat' dir='ltr'>e.</span> <span class='ocrx_word' id='word_1_414' title='bbox 1267 1988 1363 2030; x_wconf 63' lang='lat' dir='ltr'><em>dffert</em></span> <span class='ocrx_word' id='word_1_415' title='bbox 1377 1991 1409 2024; x_wconf 71' lang='grc' dir='ltr'>ἔς</span> <span class='ocrx_word' id='word_1_416' title='bbox 1433 1988 1470 2018; x_wconf 92' lang='lat' dir='ltr'>L.</span> <span class='ocrx_word' id='word_1_417' title='bbox 1494 1988 1598 2029; x_wconf 63' lang='lat' dir='ltr'>deffere</span> <span class='ocrx_word' id='word_1_418' title='bbox 1625 1995 1668 2024; x_wconf 84' lang='lat' dir='ltr'>et,-</span> 
     </span>
     <span class='ocr_line' id='line_1_74' title="bbox 951 2039 1676 2081; baseline -0.004 -9"><span class='ocrx_word' id='word_1_419' title='bbox 951 2042 1000 2072; x_wconf 92' lang='lat' dir='ltr'><strong>M.</strong></span> <span class='ocrx_word' id='word_1_420' title='bbox 1021 2041 1060 2072; x_wconf 90' lang='grc'>0.</span> <span class='ocrx_word' id='word_1_421' title='bbox 1078 2048 1122 2071; x_wconf 85' lang='grc' dir='ltr'>Ω.</span> <span class='ocrx_word' id='word_1_422' title='bbox 1138 2039 1240 2081; x_wconf 73' lang='lat' dir='ltr'>dzffe&#39;rt</span> <span class='ocrx_word' id='word_1_423' title='bbox 1252 2046 1292 2077; x_wconf 83' lang='lat' dir='ltr'>et,</span> <span class='ocrx_word' id='word_1_424' title='bbox 1316 2040 1336 2069; x_wconf 94' lang='lat' dir='ltr'>i.</span> <span class='ocrx_word' id='word_1_425' title='bbox 1352 2049 1377 2069; x_wconf 87' lang='lat' dir='ltr'>e.</span> <span class='ocrx_word' id='word_1_426' title='bbox 1399 2039 1562 2080; x_wconf 87' lang='lat' dir='ltr'>dispergit;</span> <span class='ocrx_word' id='word_1_427' title='bbox 1586 2045 1622 2070; x_wconf 87' lang='lat' dir='ltr'>ut</span> <span class='ocrx_word' id='word_1_428' title='bbox 1644 2046 1676 2069; x_wconf 86' lang='lat' dir='ltr'>et</span> 
     </span>
     <span class='ocr_line' id='line_1_75' title="bbox 951 2090 1675 2133; baseline -0.004 -9"><span class='ocrx_word' id='word_1_429' title='bbox 951 2094 1004 2124; x_wconf 89' lang='lat' dir='ltr'>Pii</span> <span class='ocrx_word' id='word_1_430' title='bbox 1019 2093 1147 2133; x_wconf 85' lang='lat' dir='ltr'>quidam</span> <span class='ocrx_word' id='word_1_431' title='bbox 1169 2091 1256 2122; x_wconf 88' lang='lat' dir='ltr'>codd.</span> <span class='ocrx_word' id='word_1_432' title='bbox 1280 2101 1337 2121; x_wconf 89' lang='lat' dir='ltr'>nec</span> <span class='ocrx_word' id='word_1_433' title='bbox 1352 2090 1434 2120; x_wconf 85' lang='lat' dir='ltr'>male</span> <span class='ocrx_word' id='word_1_434' title='bbox 1449 2102 1506 2121; x_wconf 89' lang='lat' dir='ltr'>suo</span> <span class='ocrx_word' id='word_1_435' title='bbox 1520 2091 1601 2129; x_wconf 87' lang='lat' dir='ltr'>loco,</span> <span class='ocrx_word' id='word_1_436' title='bbox 1621 2091 1675 2122; x_wconf 89' lang='lat' dir='ltr'>sed</span> 
     </span>
     <span class='ocr_line' id='line_1_76' title="bbox 949 2141 1676 2184; baseline -0.004 -9"><span class='ocrx_word' id='word_1_437' title='bbox 949 2145 1002 2175; x_wconf 81' lang='lat' dir='ltr'>hic</span> <span class='ocrx_word' id='word_1_438' title='bbox 1020 2145 1159 2184; x_wconf 78' lang='lat' dir='ltr'>imagine</span> <span class='ocrx_word' id='word_1_439' title='bbox 1174 2142 1275 2172; x_wconf 90' lang='lat' dir='ltr'>multo</span> <span class='ocrx_word' id='word_1_440' title='bbox 1289 2142 1395 2171; x_wconf 86' lang='lat' dir='ltr'>minus</span> <span class='ocrx_word' id='word_1_441' title='bbox 1409 2141 1562 2181; x_wconf 87' lang='lat' dir='ltr'>elegante,</span> <span class='ocrx_word' id='word_1_442' title='bbox 1581 2148 1676 2182; x_wconf 91' lang='lat' dir='ltr'>atque</span> 
     </span>
     <span class='ocr_line' id='line_1_77' title="bbox 950 2193 1677 2235; baseline -0.006 -7"><span class='ocrx_word' id='word_1_443' title='bbox 950 2197 1046 2228; x_wconf 89' lang='lat' dir='ltr'>etiam</span> <span class='ocrx_word' id='word_1_444' title='bbox 1066 2194 1234 2235; x_wconf 62' lang='lat' dir='ltr'>superflua,</span> <span class='ocrx_word' id='word_1_445' title='bbox 1259 2195 1298 2223; x_wconf 94' lang='lat' dir='ltr'>ob</span> <span class='ocrx_word' id='word_1_446' title='bbox 1313 2199 1493 2233; x_wconf 87' lang='lat' dir='ltr'>sequentem</span> <span class='ocrx_word' id='word_1_447' title='bbox 1508 2193 1677 2224; x_wconf 84' lang='lat' dir='ltr'>dictionem</span> 
     </span>
     <span class='ocr_line' id='line_1_78' title="bbox 946 2249 1071 2289; baseline -0.008 -10"><span class='ocrx_word' id='word_1_448' title='bbox 946 2249 1071 2289; x_wconf 75' lang='lat' dir='ltr'>pandit.</span> 
     </span>
    </p>
   </div>
   <div class='ocr_carea' id='block_1_21' title="bbox 954 2306 1680 2505">
    <p class='ocr_par' dir='ltr' id='par_1_23' title="bbox 954 2306 1680 2505">
     <span class='ocr_line' id='line_1_79' title="bbox 999 2306 1678 2348; baseline -0.006 -9"><span class='ocrx_word' id='word_1_449' title='bbox 999 2308 1082 2339; x_wconf 86' lang='lat' dir='ltr'>Ibid.</span> <span class='ocrx_word' id='word_1_450' title='bbox 1107 2309 1231 2338; x_wconf 84' lang='lat' dir='ltr'>Aurora</span> <span class='ocrx_word' id='word_1_451' title='bbox 1248 2306 1360 2348; x_wconf 58' lang='lat' dir='ltr'>defert,-</span> <span class='ocrx_word' id='word_1_452' title='bbox 1384 2306 1605 2346; x_wconf 88' lang='lat' dir='ltr'>obsequiosum</span> <span class='ocrx_word' id='word_1_453' title='bbox 1619 2306 1678 2336; x_wconf 88' lang='lat' dir='ltr'>sci-</span> 
     </span>
     <span class='ocr_line' id='line_1_80' title="bbox 954 2357 1680 2399; baseline -0.003 -9"><span class='ocrx_word' id='word_1_454' title='bbox 954 2360 1028 2390; x_wconf 86' lang='lat' dir='ltr'>licet</span> <span class='ocrx_word' id='word_1_455' title='bbox 1056 2370 1111 2399; x_wconf 91' lang='lat' dir='ltr'>per</span> <span class='ocrx_word' id='word_1_456' title='bbox 1137 2359 1277 2389; x_wconf 89' lang='lat' dir='ltr'>officium</span> <span class='ocrx_word' id='word_1_457' title='bbox 1316 2357 1450 2388; x_wconf 86' lang='lat' dir='ltr'>deducit.</span> <span class='ocrx_word' id='word_1_458' title='bbox 1482 2357 1680 2397; x_wconf 79' lang='lat' dir='ltr'>Tempestive</span> 
     </span>
     <span class='ocr_line' id='line_1_81' title="bbox 955 2412 1678 2451; baseline -0.004 -7"><span class='ocrx_word' id='word_1_459' title='bbox 955 2414 1056 2451; x_wconf 86' lang='lat' dir='ltr'>Naso,</span> <span class='ocrx_word' id='word_1_460' title='bbox 1077 2413 1116 2443; x_wconf 89' lang='lat' dir='ltr'>de</span> <span class='ocrx_word' id='word_1_461' title='bbox 1133 2415 1279 2450; x_wconf 80' lang='lat' dir='ltr'>Hercule,</span> <span class='ocrx_word' id='word_1_462' title='bbox 1301 2412 1418 2442; x_wconf 89' lang='lat' dir='ltr'>flumen</span> <span class='ocrx_word' id='word_1_463' title='bbox 1442 2412 1588 2442; x_wconf 87' lang='lat' dir='ltr'>Evenum</span> <span class='ocrx_word' id='word_1_464' title='bbox 1609 2421 1678 2450; x_wconf 87' lang='lat' dir='ltr'>per-</span> 
     </span>
     <span class='ocr_line' id='line_1_82' title="bbox 955 2464 1433 2505; baseline -0.006 -9"><span class='ocrx_word' id='word_1_465' title='bbox 955 2472 1134 2505; x_wconf 90' lang='lat' dir='ltr'>rumpente,</span> <span class='ocrx_word' id='word_1_466' title='bbox 1156 2465 1196 2495; x_wconf 93' lang='lat' dir='ltr'>ad</span> <span class='ocrx_word' id='word_1_467' title='bbox 1211 2470 1284 2494; x_wconf 91' lang='lat' dir='ltr'>met.</span> <span class='ocrx_word' id='word_1_468' title='bbox 1303 2464 1343 2494; x_wconf 89' lang='lat' dir='ltr'>ix.</span> <span class='ocrx_word' id='word_1_469' title='bbox 1366 2467 1433 2494; x_wconf 87' lang='lat'><strong>117.</strong></span> 
     </span>
    </p>
   </div>
   <div class='ocr_carea' id='block_1_22' title="bbox 971 2547 1673 2621">
    <p class='ocr_par' dir='ltr' id='par_1_24' title="bbox 971 2547 1673 2621">
     <span class='ocr_line' id='line_1_83' title="bbox 971 2547 1673 2581; baseline -0.004 -6"><span class='ocrx_word' id='word_1_470' title='bbox 971 2552 1026 2575; x_wconf 88' lang='lat' dir='ltr'>Nec</span> <span class='ocrx_word' id='word_1_471' title='bbox 1036 2550 1153 2580; x_wconf 84' lang='lat' dir='ltr'>dubitat,</span> <span class='ocrx_word' id='word_1_472' title='bbox 1167 2557 1228 2580; x_wconf 85' lang='lat' dir='ltr'>nec,</span> <span class='ocrx_word' id='word_1_473' title='bbox 1239 2549 1294 2581; x_wconf 64' lang='lat' dir='ltr'>qua</span> <span class='ocrx_word' id='word_1_474' title='bbox 1303 2549 1338 2574; x_wconf 86' lang='lat' dir='ltr'>sit</span> <span class='ocrx_word' id='word_1_475' title='bbox 1346 2548 1567 2574; x_wconf 79' lang='lat' dir='ltr'>clementissimus</span> <span class='ocrx_word' id='word_1_476' title='bbox 1576 2547 1673 2578; x_wconf 83' lang='lat' dir='ltr'>amnis,</span> 
     </span>
     <span class='ocr_line' id='line_1_84' title="bbox 971 2588 1624 2621; baseline -0.005 -6"><span class='ocrx_word' id='word_1_477' title='bbox 971 2590 1095 2621; x_wconf 76' lang='lat' dir='ltr'>Quaerit3</span> <span class='ocrx_word' id='word_1_478' title='bbox 1111 2593 1139 2614; x_wconf 90' lang='lat' dir='ltr'>et</span> <span class='ocrx_word' id='word_1_479' title='bbox 1150 2589 1261 2621; x_wconf 80' lang='lat' dir='ltr'>obsequio</span> <span class='ocrx_word' id='word_1_480' title='bbox 1272 2588 1364 2620; x_wconf 55' lang='lat' dir='ltr'>deferri</span> <span class='ocrx_word' id='word_1_481' title='bbox 1375 2588 1475 2620; x_wconf 87' lang='lat' dir='ltr'>spernit</span> <span class='ocrx_word' id='word_1_482' title='bbox 1486 2595 1624 2621; x_wconf 83' lang='lat' dir='ltr'>aquarum.</span> 
     </span>
    </p>
   </div>
   <div class='ocr_carea' id='block_1_23' title="bbox 958 2662 1684 2861">
    <p class='ocr_par' dir='ltr' id='par_1_25' title="bbox 959 2662 1682 2703">
     <span class='ocr_line' id='line_1_85' title="bbox 959 2662 1682 2703; baseline -0.004 -8"><span class='ocrx_word' id='word_1_483' title='bbox 959 2665 1052 2703; x_wconf 80' lang='lat' dir='ltr'>Quae,</span> <span class='ocrx_word' id='word_1_484' title='bbox 1079 2671 1115 2695; x_wconf 84' lang='lat' dir='ltr'>ut</span> <span class='ocrx_word' id='word_1_485' title='bbox 1142 2665 1249 2695; x_wconf 88' lang='lat' dir='ltr'>omnia</span> <span class='ocrx_word' id='word_1_486' title='bbox 1274 2663 1363 2694; x_wconf 86' lang='lat' dir='ltr'>istius</span> <span class='ocrx_word' id='word_1_487' title='bbox 1386 2663 1513 2694; x_wconf 89' lang='lat' dir='ltr'>fecundi</span> <span class='ocrx_word' id='word_1_488' title='bbox 1538 2662 1682 2703; x_wconf 86' lang='lat' dir='ltr'>pectoris,</span> 
     </span>
    </p>

    <p class='ocr_par' dir='ltr' id='par_1_26' title="bbox 958 2714 1684 2808">
     <span class='ocr_line' id='line_1_86' title="bbox 958 2714 1640 2758; baseline -0.001 -12"><span class='ocrx_word' id='word_1_489' title='bbox 958 2723 1031 2746; x_wconf 90' lang='lat' dir='ltr'>sunt</span> <span class='ocrx_word' id='word_1_490' title='bbox 1048 2716 1295 2758; x_wconf 64' lang='lat' dir='ltr'>exquisitissima?</span> <span class='ocrx_word' id='word_1_491' title='bbox 1310 2715 1449 2755; x_wconf 82' lang='lat' dir='ltr'>profecto</span> <span class='ocrx_word' id='word_1_492' title='bbox 1464 2714 1640 2745; x_wconf 76' lang='lat' dir='ltr'>venustatis.</span> 
     </span>
     <span class='ocr_line' id='line_1_87' title="bbox 1005 2765 1684 2808; baseline -0.004 -10"><span class='ocrx_word' id='word_1_493' title='bbox 1005 2768 1086 2799; x_wconf 89' lang='lat' dir='ltr'>Ibid.</span> <span class='ocrx_word' id='word_1_494' title='bbox 1109 2770 1227 2798; x_wconf 79' lang='lat' dir='ltr'>lumina</span> <span class='ocrx_word' id='word_1_495' title='bbox 1240 2770 1371 2808; x_wconf 77' lang='lat' dir='ltr'>pandit;</span> <span class='ocrx_word' id='word_1_496' title='bbox 1395 2769 1435 2798; x_wconf 93' lang='lat' dir='ltr'>ob</span> <span class='ocrx_word' id='word_1_497' title='bbox 1452 2770 1636 2807; x_wconf 80' lang='lat' dir='ltr'>divergentes</span> <span class='ocrx_word' id='word_1_498' title='bbox 1650 2765 1684 2795; x_wconf 88' lang='lat' dir='ltr'>in</span> 
     </span>
    </p>

    <p class='ocr_par' dir='ltr' id='par_1_27' title="bbox 958 2817 1683 2861">
     <span class='ocr_line' id='line_1_88' title="bbox 958 2817 1683 2861; baseline -0.006 -11"><span class='ocrx_word' id='word_1_499' title='bbox 958 2821 1132 2861; x_wconf 85' lang='lat' dir='ltr'>quamlibet</span> <span class='ocrx_word' id='word_1_500' title='bbox 1152 2827 1271 2860; x_wconf 87' lang='lat' dir='ltr'>partem</span> <span class='ocrx_word' id='word_1_501' title='bbox 1295 2820 1410 2850; x_wconf 87' lang='lat' dir='ltr'>radios:</span> <span class='ocrx_word' id='word_1_502' title='bbox 1437 2819 1506 2850; x_wconf 85' lang='lat' dir='ltr'>vide</span> <span class='ocrx_word' id='word_1_503' title='bbox 1528 2829 1580 2849; x_wconf 88' lang='lat' dir='ltr'>me</span> <span class='ocrx_word' id='word_1_504' title='bbox 1601 2817 1641 2848; x_wconf 89' lang='lat' dir='ltr'>ad</span> <span class='ocrx_word' id='word_1_505' title='bbox 1663 2817 1683 2847; x_wconf 89' lang='lat' dir='ltr'>i.</span> 
     </span>
    </p>
   </div>
   <div class='ocr_carea' id='block_1_24' title="bbox 962 2872 1683 2960">
    <p class='ocr_par' dir='ltr' id='par_1_28' title="bbox 962 2872 1683 2960">
     <span class='ocr_line' id='line_1_89' title="bbox 962 2872 1683 2912; baseline -0.008 -6"><span class='ocrx_word' id='word_1_506' title='bbox 962 2879 1033 2907; x_wconf 77' lang='lat'><strong>145.</strong></span> <span class='ocrx_word' id='word_1_507' title='bbox 1079 2875 1130 2906; x_wconf 87' lang='lat' dir='ltr'>Sic</span> <span class='ocrx_word' id='word_1_508' title='bbox 1146 2875 1240 2906; x_wconf 85' lang='lat' dir='ltr'>etiam</span> <span class='ocrx_word' id='word_1_509' title='bbox 1256 2874 1376 2905; x_wconf 77' lang='lat' dir='ltr'>Valerii</span> <span class='ocrx_word' id='word_1_510' title='bbox 1392 2874 1495 2905; x_wconf 84' lang='lat' dir='ltr'>Flacci</span> <span class='ocrx_word' id='word_1_511' title='bbox 1515 2873 1611 2912; x_wconf 79' lang='lat' dir='ltr'>lepos,</span> <span class='ocrx_word' id='word_1_512' title='bbox 1634 2872 1683 2901; x_wconf 72' lang='lat' dir='ltr'>vii.</span> 
     </span>
     <span class='ocr_line' id='line_1_90' title="bbox 963 2931 1032 2960; baseline -0.029 0"><span class='ocrx_word' id='word_1_513' title='bbox 963 2931 1032 2960; x_wconf 81' lang='lat'><strong>548.</strong></span> 
     </span>
    </p>
   </div>
  </div>
 </body>
</html>
