1926 3224
295 247 356 287 92

794 248 853 295 T.
906 249 1284 299 LUCRETII

437 372 512 424 At,
541 389 840 430 quaequomque
858 375 955 416 foris
975 379 1158 428 veniunt,
1189 380 1429 437 inpostaque
1448 386 1567 427 nobis

324 449 404 486 545
437 446 628 488 Pondera
647 455 756 497 sunt,
777 447 934 490 laedunt
952 452 1159 505 permulto
1176 468 1286 509 saepe
1305 455 1485 498 minora:

436 519 579 575 Usque
599 520 702 561 adeo
721 523 862 578 magni
881 522 1019 574 refert,
1041 526 1140 580 quid
1160 541 1333 583 quaeque
1353 538 1475 584 queat
1493 545 1568 572 res.

436 593 504 635 Sic
523 593 649 650 igitur
669 594 784 637 tellus
804 611 890 637 non
910 605 969 639 est
988 599 1119 641 aliena
1138 611 1305 656 repente

433 665 599 717 Adlata,
622 677 744 723 atque
765 670 875 710 auris
894 671 1058 713 aliunde
1077 673 1235 728 objecta
1254 676 1409 726 alienis3

437 740 518 781 Sed
538 740 692 794 pariter
711 741 844 795 prima
866 754 1064 799 concepta
1078 746 1130 787 ab
1150 748 1308 805 origine
1327 751 1488 801 mundi,

319 816 400 853 550
433 813 636 868 Certaque
655 828 750 868 pars
770 815 854 868 ejus
865 833 878 864 3
910 818 1024 871 quasi
1043 819 1165 860 nobis·
1181 822 1365 863 membra
1384 824 1591 866 videntur.-

489 885 710 935 Praeterea,
733 888 881 944 grandi
904 891 1059 932 tonitru
1079 907 1287 945 concussa,
1309 906 1476 951 repente

431 957 576 1008 Terra,
600 974 723 1014 supra
741 976 783 1002 se
803 976 896 1018 quae
916 973 1024 1016 sunt,
1047 969 1228 1010 concutit
1247 971 1386 1011 omnia
1404 979 1538 1020 motu3

285 1141 324 1167 uu,
347 1130 590 1170 ὦς-φκσι-και
614 1145 640 1163 εν
664 1141 780 1173 αλλως,
803 1149 854 1170 την
881 1150 936 1178 ’γῆν
963 1151 1005 1180 τῳ

281 1193 337 1222 αερι
353 1184 649 1222 magadan—Mox
666 1190 700 1217 Σ.
722 1189 845 1226 desinit,
874 1200 930 1228 pro
953 1193 1004 1222 de-

274 1233 393 1270 primit.

320 1289 395 1320 ver.
411 1293 482 1322 540.
498 1294 680 1332 Propterea:
700 1295 861 1333 nimirum,
876 1306 1000 1338 propter

278 1340 430 1372 diveisam
445 1349 602 1382 naturam,
614 1355 708 1385 quam
720 1347 812 1377 tellus
824 1349 916 1379 habet
927 1353 999 1382 sub-

278 1397 336 1430 ter,
365 1394 499 1432 pondere
521 1405 577 1424 suo
609 1396 804 1428 decrescente
825 1400 999 1440 paullatim,

277 1449 369 1483 atque
386 1444 512 1474 tandem
529 1455 652 1483 prorsus
667 1455 874 1479 evanescente.

321 1502 392 1532 Ver.
405 1506 476 1533 541.
501 1505 557 1534 Ut:
579 1504 675 1534 Vind.
689 1505 726 1535 B.
740 1510 774 1536 Δ.
789 1513 829 1536 Π.
854 1509 905 1538 Ec.
924 1509 1002 1539 Mox

277 1552 316 1583 O.
329 1565 433 1593 neque.

316 1605 389 1635 Ver.
406 1609 477 1637 545.
496 1609 664 1646 permulto:
692 1615 736 1639 Ω.
748 1614 930 1649 permultos,-
948 1623 997 1642 ar-

274 1655 359 1694 repta}
375 1656 514 1695 principe
529 1658 611 1688 vocis
624 1660 729 1689 statim
741 1662 890 1693 venientis
901 1663 996 1693 litera

316 1706 389 1745 xder.
407 1710 477 1738 546.
501 1710 576 1748 quid
599 1720 725 1749 quaeque
742 1718 831 1750 queat
847 1724 910 1743 res:
935 1714 955 1743 i.
970 1724 995 1744 e.

273 1761 295 1775 “
311 1768 380 1798 quae
396 1758 458 1788 sint
474 1759 670 1799 primigeniae
684 1761 846 1800 qualitates
867 1764 945 1803 ejus,
966 1771 996 1795 et

272 1813 293 1827 ‘⁴
311 1816 485 1847 potestates,
507 1811 620 1850 quibus
641 1812 680 1841 sit
702 1813 814 1843 natura
836 1815 994 1852 praedita.”

272 1860 364 1895 Quod
381 1860 586 1901 undequaque
603 1861 733 1901 planum
749 1871 794 1894 est
815 1872 845 1895 et
867 1873 994 1898 rectum.

272 1912 409 1942 Attende
421 1919 537 1951 tamen,
547 1925 663 1954 quaeso,
675 1917 826 1947 scabiosas
839 1918 996 1958 lectiones,

268 1973 344 2002 quas
359 1963 507 1993 Lucretio
529 1965 721 1996 affricuerint
743 1968 888 2008 editores,
909 1970 993 2001 fibris

267 2014 412 2044 omnibus
434 2015 638 2052 conculcatis;
661 2017 858 2049 audacissimi
890 2021 991 2051 homi-

266 2075 357 2102 num,
371 2072 446 2105 quot
460 2073 545 2103 sunt,
556 2073 692 2108 quotque
705 2069 844 2108 fuerunt,
856 2079 992 2113 quotque

267 2122 335 2155 post
349 2116 417 2146 aliis
433 2124 525 2147 erunt
541 2118 573 2147 in
589 2120 689 2150 annis:

296 2196 386 2226 Usque
397 2196 464 2220 adeo
474 2198 566 2229 magni
577 2198 670 2229 refert,
681 2201 738 2231 quoi
748 2208 806 2233 quae
813 2203 932 2235 adjaceat
941 2211 989 2230 res-

267 2270 306 2294 Π.
323 2272 426 2296 autem
443 2275 584 2307 nequeat,
600 2269 666 2300 vice
681 2279 783 2310 queat.

307 2316 380 2347 Ver.
397 2321 469 2349 547.
490 2327 619 2359 repente.
665 2322 704 2352 In
721 2324 778 2354 hac
800 2334 873 2355 voce
895 2326 986 2356 verti-

263 2373 325 2404 tur,
342 2375 378 2398 ut
393 2369 513 2400 indoles
535 2371 595 2402 loci
620 2372 703 2403 clare
722 2374 870 2415 loquitur,
894 2387 987 2418 arg-u—

262 2419 359 2448 menti
375 2420 481 2450 cardo:
509 2421 594 2452 unde
620 2425 783 2463 expositio,
806 2437 901 2466 quam
916 2438 986 2458 nos-

261 2475 327 2499 met
341 2470 498 2510 dedimus,
520 2479 551 2503 et
574 2475 667 2505 robur
689 2476 800 2515 accipit
821 2484 852 2508 et
867 2478 985 2516 lucem3

261 2525 352 2560 atquc
368 2522 532 2553 vanissima
545 2525 666 2555 somnia
677 2526 833 2558 editorum
846 2530 903 2559 sub
914 2540 985 2559 um·

260 2571 328 2600 bras
343 2573 567 2610 propelluntur.

303 2621 374 2652 Ver.
391 2626 461 2653 548.
484 2626 610 2656 alienis:
637 2627 656 2656 i.
674 2637 699 2657 e.
725 2631 747 2646 “
763 2628 803 2659 ad
820 2640 888 2659 eam
905 2631 984 2660 nihil

259 2674 279 2688 “
297 2673 509 2713 attinentibus,
531 2686 631 2717 neque
647 2679 784 2709 naturali
799 2681 983 2720 cognatione

259 2725 280 2739 “
296 2723 438 2760 primitus
453 2727 576 2758 sociatis
582 2741 591 2766 ;
607 2729 650 2760 ita
661 2736 697 2759 ut
709 2731 896 2762 amicissime
909 2743 981 2763 con-

259 2775 279 2789 “
297 2774 435 2812 cordeut,

280 2863 298 2875 “
309 2862 350 2885 Ex
362 2862 471 2890 ineunte
482 2871 543 2892 aevo
554 2870 709 2900 conjuncta,
721 2874 804 2902 atque
815 2873 903 2898 uniter
913 2880 975 2898 auc-

347 2905 366 2917 «ι
379 2905 437 2929 ta.”

1091 1141 1163 1173 Ver.
1179 1146 1250 1175 550.
1273 1146 1430 1175 videntur:
1456 1144 1475 1173 i.
1491 1154 1516 1174 e.
1540 1157 1604 1175 mm
1618 1143 1697 1180 δοκει,
1719 1144 1767 1175 utl

1047 1193 1162 1230 passim
1183 1193 1355 1234 loquuntur
1380 1195 1494 1225 Graeci:
1521 1195 1653 1225 editores
1668 1201 1765 1226 teme-

1047 1243 1121 1272 rarii
1136 1243 1174 1273 de
1189 1255 1246 1274 suo
1261 1246 1350 1275 nobis
1365 1246 1522 1283 exhibent,
1535 1248 1664 1277 videtur.

1086 1294 1167 1324 Ibid.
1191 1299 1281 1335 quasi
1297 1299 1438 1327 membra.
1485 1298 1534 1327 Sic
1557 1298 1652 1338 igitur
1673 1297 1765 1328 tellus

1043 1346 1106 1375 a'e'ri
1122 1347 1313 1387 aequabiliter
1334 1349 1496 1388 inequitat,
1516 1348 1680 1379 libramine
1703 1349 1763 1379 im·

1043 1399 1231 1435 perturbato,
1256 1399 1340 1438 quod
1366 1409 1435 1428 eam
1450 1401 1561 1429 habeat
1575 1400 1615 1429 ad
1630 1401 1701 1429 abra
1715 1409 1764 1429 ra·

1047 1447 1176 1485 tionem,
1190 1460 1260 1489 quae
1275 1450 1406 1480 membri
1421 1450 1585 1490 cujuslibet
1600 1450 1639 1480 ad
1654 1461 1766 1489 corpus

1047 1498 1100 1535 sit;
1117 1509 1180 1529 non
1196 1507 1319 1539 propter
1334 1501 1520 1531 concinnam
1535 1501 1671 1541 aliquam
1684 1502 1766 1532 inter

1046 1560 1078 1579 se
1093 1557 1204 1580 mutuo
1219 1551 1453 1582 collocationem
1469 1553 1614 1592 partium.
1658 1553 1765 1583 Veris-

1042 1602 1120 1631 sima
1135 1609 1180 1632 est
1195 1603 1309 1643 itaque,
1330 1614 1425 1644 quam
1441 1604 1594 1642 dedimus,
1613 1604 1765 1643 interpre-

1042 1652 1117 1682 tatio
1139 1653 1179 1682 ad
1200 1663 1260 1683 ver.
1277 1657 1347 1685 546.
1372 1660 1403 1684 et
1424 1656 1463 1685 ab
1485 1656 1571 1685 omni
1601 1654 1762 1685 contextus

1040 1709 1126 1741 parte
1143 1704 1411 1735 confirmationem
1426 1706 1544 1745 accipit.

1085 1763 1156 1793 Ver.
1186 1767 1256 1795 552.
1280 1776 1348 1805 qua*
1370 1777 1417 1796 se:
1443 1766 1479 1796 P.
1503 1771 1537 1796 Δ.
1559 1777 1589 1797 se
1618 1777 1701 1806 quau
1725 1772 1762 1796 ut

1039 1815 1113 1846 editi
1128 1817 1323 1855 recentiores,
1333 1825 1440 1848 contra
1451 1818 1544 1848 libros
1552 1824 1676 1849 caeteros
1687 1829 1761 1849 cum

1039 1867 1128 1897 Junt.
1147 1874 1178 1897 et
1194 1868 1268 1899 Ald.
1289 1869 1357 1899 edd.
1382 1870 1432 1900 De
1447 1870 1553 1900 codice
1578 1871 1615 1900 Β.
1641 1881 1705 1900 non
1720 1870 1761 1900 li-

1039 1925 1126 1958 quet:
1146 1930 1175 1949 se
1191 1919 1276 1949 deest
1291 1920 1331 1950 V.
1348 1921 1395 1951 ed.
1411 1921 1501 1961 cujus
1516 1921 1564 1951 vel
1579 1928 1760 1957 curatorem,

1038 1971 1086 2000 vel
1118 1971 1231 2002 codicis
1253 1973 1442 2013 scriptorem,
1463 1975 1568 2004 versus
1593 1975 1760 2006 insolente-5

1037 2022 1160 2051 numeri
1176 2022 1209 2051 in
1225 2033 1361 2054 errorem
1378 2024 1577 2056 induxerunt.

1082 2081 1152 2111 Ver.
1180 2085 1252 2113 554.
1275 2085 1380 2113 abr-iis.-
1410 2083 1502 2114 Vind.
1533 2087 1599 2116 azir-1·
1603 2099 1613 2120 ;
1641 2084 1679 2116 V.
1709 2084 1756 2116 ed.

1033 2135 1325 2164 occul—revincta:
1353 2134 1391 2165 V.
1408 2134 1454 2164 ed.
1476 2135 1653 2176 reifuncta.
1687 2137 1755 2167 Cae-

1036 2189 1149 2221 terum,
1163 2185 1359 2215 vehementer
1371 2185 1470 2224 placet
1479 2187 1591 2217 codicis
1602 2194 1647 2218 Ω.
1661 2189 1755 2228 scrip-

1033 2239 1115 2272 tura,
1145 2245 1243 2275 quum
1260 2236 1396 2266 varietati
1413 2237 1574 2276 sermonis,
1595 2239 1647 2268 cui
1669 2249 1754 2269 sum-

1031 2295 1157 2324 mopere
1172 2286 1203 2315 in
1219 2287 1364 2317 omnibus
1379 2288 1558 2318 consultum
1573 2295 1676 2319 noster
1690 2289 1753 2320 ivit,

1033 2337 1209 2374 conveniat;
1234 2343 1265 2367 et
1287 2337 1431 2368 librarius
1455 2339 1582 2369 forsitan
1603 2339 1753 2379 importu-

1032 2399 1092 2418 nus
1117 2389 1156 2419 ad
1178 2390 1402 2428 praecedentem
1424 2401 1483 2422 ver.
1504 2394 1575 2423 559.
1598 2391 1753 2432 exemplar

1033 2451 1125 2470 suum
1138 2442 1357 2480 composuerit:

1091 2518 1208 2542 Partibus
1220 2518 1304 2548 a'e'rtis,
1317 2520 1420 2550 mundo,
1431 2520 1546 2552 caeloque,
1557 2520 1689 2544 revincta:

1032 2592 1065 2615 ut
1091 2601 1123 2617 το
1152 2589 1294 2619 Partibus
1321 2589 1360 2619 sit
1389 2590 1565 2629 appositum
1593 2588 1749 2620 connexus

1029 2638 1279 2670 instrumentum.
1326 2641 1399 2676 Quo
1420 2641 1520 2681 magis
1541 2640 1747 2680 propendeant

1026 2689 1058 2718 in
1075 2691 1154 2720 hanc
1170 2692 1420 2722 constitutionem
1443 2691 1555 2727 versus,
1578 2691 1748 2721 consimilis

1026 2741 1099 2771 facit
1115 2742 1320 2782 VirgilianuS‚
1334 2744 1417 2780 hinc,
1428 2749 1464 2773 ut
1477 2743 1616 2780 arbitrer,
1626 2742 1744 2783 effigia-

1025 2798 1093 2829 tus;
1117 2793 1169 2833 qui
1187 2794 1299 2834 legitur
1314 2795 1345 2824 in
1363 2796 1437 2824 AEn.
1452 2794 1494 2824 iii.
1512 2797 1562 2825 76.

1054 2874 1140 2902 Quam
1154 2874 1211 2904 pius
1222 2874 1397 2906 Arquitenens,
1408 2880 1465 2897 oras
1475 2876 1503 2898 et
1513 2873 1591 2898 litora
1603 2873 1705 2898 circum

1054 2915 1206 2945 Errantem,
1219 2917 1300 2946 Gywro
1312 2915 1389 2944 celsa-⁸1,
1403 2917 1562 2947 Myconoque,
1571 2915 1701 2940 revinxit.
1752 2942 1757 2944 b
