1926 3224
586 232 820 282 LIBER
867 230 1170 280 SEXTUS.
1210 304 1216 310 ι

1534 234 1626 276 289

288 379 475 422 Πρηστηρως
497 364 638 407 Graiei
659 379 760 420 quos
782 363 834 405 ab
856 377 900 403 re
919 362 1234 412 nominitarunt,

286 438 337 479 In
357 453 470 480 mare
490 439 570 494 qufi
590 438 723 479 missei
743 437 909 478 veniant
928 437 1086 477 ratione
1106 450 1292 490 superne.

171 514 253 552 425
287 511 396 553 Nam
416 512 478 564 fit,
499 520 546 553 ut
564 511 786 559 interdum,
808 517 1017 562 tamquam
1038 508 1212 553 demissa
1231 507 1436 559 columna,

284 585 335 626 In
356 600 468 626 mare
487 585 539 626 de
558 583 661 625 coelo
681 579 948 628 descendant3
981 594 1104 634 quam
1125 579 1227 620 freta
1246 581 1401 622 circum

285 658 545 706 Fervescunt,
567 654 746 711 graviter
766 651 1016 708 spirantibus
1034 652 1160 692 incita
1179 652 1333 693 flabris:

285 731 355 780 Et,
378 742 676 785 quaequomque
698 727 742 768 in
762 741 812 768 eo
831 734 920 768 tum
940 734 1035 767 sunt
1054 725 1255 780 deprensa
1274 727 1467 779 tumultu,

282 803 457 859 Navigia
475 802 519 843 in
540 815 745 844 summum
765 801 935 843 veniunt
955 809 1101 842 vexata
1119 799 1332 855 periclum.

138 958 344 998 nunciaverit,
360 969 402 996 se,
419 966 454 990 ut
469 959 543 990 alias
556 960 750 1000 saepiuscule,
772 960 862 992 valde

137 1011 332 1051 negligenter
355 1011 472 1041 habuit.
518 1011 617 1050 Editi,
648 1022 685 1042 ex
713 1012 861 1043 Lambini

136 1064 352 1095 emendatione
364 1064 532 1101 arbitraria,
548 1067 745 1106 plurimaque
760 1067 859 1107 hujus.

179 1116 256 1145 Ver.
287 1118 361 1146 421.
398 1117 522 1155 vestigia
553 1118 643 1155 ignis.
695 1117 859 1158 Virgilius,

139 1167 214 1197 AEn.
229 1167 270 1196 iv.
289 1169 337 1197 25.

298 1246 422 1277 Agnosco
434 1245 528 1271 veteris
543 1245 655 1278 vestigia
659 1245 783 1277 stamme.

179 1317 255 1348 Ver.
270 1319 342 1347 422.
354 1316 449 1357 facul
462 1323 522 1347 est:
547 1317 590 1347 sic
611 1317 801 1357 felicissima,
825 1320 858 1350 ni

136 1368 284 1404 fallimur,
316 1367 534 1397 emendatione
562 1367 667 1398 locum
692 1371 858 1401 venerabili

137 1429 194 1451 suo
209 1420 302 1450 nitori
316 1419 506 1449 restituimus
523 1429 561 1449 ex
576 1420 714 1460 vestigiis
729 1421 794 1453 cod.
812 1430 857 1454 Ω.

137 1471 221 1510 apud
236 1481 341 1512 quem,
356 1481 412 1510 pro
426 1471 654 1511 vulgarifacile
663 1479 716 1510 est,
729 1473 860 1513 simplex

125 1522 228 1563 facile
242 1522 389 1561 scriptum
404 1521 476 1551 vidi.
522 1521 692 1559 Nimirum,
715 1533 751 1553 ex
766 1524 862 1565 facul

135 1578 164 1612 ἒ,
178 1574 240 1605 sive
244 1573 339 1614 facul
352 1580 408 1611 est,
423 1583 496 1603 mox
509 1574 619 1609 evenit,
632 1575 757 1605 vocibus
766 1577 859 1606 coali-

136 1625 182 1662 tis,
194 1626 320 1666 sacule;
345 1624 440 1662 unde,
464 1635 528 1656 non
556 1625 652 1666 longo
666 1628 860 1658 morantibus

135 1682 274 1715 tempore
289 1675 432 1713 librariis,
450 1676 622 1706 exsurrexit
633 1677 736 1717 facile
751 1683 782 1708 et
795 1679 856 1718 fa-

134 1729 230 1766 cilest,
254 1728 361 1757 omnia
382 1737 540 1767 germanae
572 1727 764 1768 antiquitatis
793 1741 858 1760 ves-

135 1779 212 1820 tigia
242 1778 356 1818 passim
383 1778 625 1809 obliterantibus.
684 1779 760 1810 Jam
785 1791 858 1811 vero

136 1830 357 1863 vetustissimos
372 1830 564 1868 usurpavisse
568 1830 664 1870 facul
678 1841 714 1860 ac
730 1832 856 1872 dg'ffi'cul,

135 1894 191 1925 pro
197 1883 297 1924 facile
312 1892 346 1912 ac
369 1882 505 1921 dffcz'le,
527 1888 558 1911 te
584 1882 705 1912 Nonius
726 1882 856 1920 docebit,

134 1935 175 1966 ad
192 1934 222 1964 ii.
238 1937 310 1963 551.
344 1931 460 1962 Videas
473 1941 634 1970 proporro,
646 1943 716 1973 quae
731 1944 788 1964 nos
803 1945 857 1967 an.

134 1985 311 2016 notavimus
325 1983 477 2022 superius,
493 1982 527 2012 iu
541 1983 585 2012 iii.
601 1987 673 2014 401.

175 2039 250 2069 Ver.
279 2039 350 2067 425.
390 2043 571 2078 Πρκστηρκς·
611 2046 721 2066 omnes
748 2036 856 2073 nostri,

134 2092 303 2125 Hesterna·
327 2088 446 2118 Latinis
461 2088 737 2119 literis—Graiei:
762 2088 857 2119 Vind.

133 2141 176 2171 V.
191 2140 238 2170 ed.
265 2140 371 2175 Grali‚·
397 2145 442 2169 Ω..
472 2139 656 2170 Graz'.—De
679 2139 728 2169 his
752 2145 858 2169 autem

134 2191 327 2233 prester-ibus,
343 2196 375 2221 et
388 2190 518 2229 Epicuri
539 2201 631 2229 super
657 2191 718 2220 illis
733 2197 857 2221 senten-

134 2243 189 2282 tia,
205 2241 413 2274 consulendus
428 2249 475 2272 est
490 2242 650 2281 Diogenes
663 2243 816 2280 Laertius,
828 2254 858 2273 x.

136 2297 208 2327 104.
226 2293 383 2333 prolixior,
395 2304 489 2334 quam
505 2294 558 2334 qui
569 2294 732 2324 commode
747 2295 860 2325 nostris

135 2345 386 2378 annotationibus
413 2345 544 2375 adscribi
580 2350 682 2385 queat.
740 2344 859 2376 Videas

134 2407 258 2440 quoque
273 2396 424 2433 Plinium,
441 2402 503 2426 nat.
518 2396 589 2426 hist.
605 2396 637 2426 ii.
653 2400 705 2427 50.
728 2402 759 2426 et
773 2397 858 2433 alibi,

134 2452 191 2481 has
211 2447 412 2490 philosophiae
441 2454 541 2487 partes
569 2447 695 2478 uberius
725 2454 857 2480 tractan-

135 2507 208 2533 tem.

132 2595 136 2598 ,
178 2561 259 2592 Ibid.
292 2562 330 2591 ab
351 2571 400 2591 re:
425 2570 445 2590 a
467 2562 568 2602 aepndw,
592 2571 696 2601 πρῆσαι,
725 2560 858 2600 scilicet;

133 2612 207 2654 quia
220 2622 294 2642 cum
305 2614 414 2642 ardore
427 2611 564 2652 quodam
575 2617 759 2643 tumescant:
778 2613 859 2644 inest

134 2664 221 2695 enim
250 2664 319 2694 voci
344 2673 409 2693 non
439 2663 545 2693 minus
570 2665 740 2704 &finitionis
764 2665 858 2701 notio,

132 2722 229 2756 quam
243 2716 335 2754 ignis.

176 2767 250 2797 Ver.
274 2768 345 2797 425.
367 2772 541 2805 tamquarm
567 2764 664 2795 Vind.
687 2771 749 2797 tam
772 2777 857 2803 cum,-

134 2824 171 2849 A.
184 2824 321 2854 tantumn
346 2822 381 2849 Σ.
397 2823 515 2856 autem,
530 2824 594 2848 tum
610 2829 688 2848 cum.

175 2869 249 2900 Ver.
264 2873 337 2900 426.
359 2871 562 2900 descendant.-
587 2879 711 2908 nempe,
729 2882 856 2912 πρηστῆ-

131 2929 182 2958 ρῐς.
227 2920 278 2952 Ita
299 2926 408 2962 sponte
430 2921 646 2962 rescripseram
672 2931 711 2952 ex
735 2920 854 2951 divina-

904 960 1001 998 tione,
1025 967 1151 990 mecum
1173 958 1341 990 certissime
1363 958 1557 998 exploratum
1572 959 1628 990 ha-

903 1012 988 1046 bens,
1019 1010 1284 1050 elegantissimum
1307 1011 1440 1049 poetam,
1472 1016 1507 1040 ut
1528 1009 1627 1040 ambi-

903 1074 1004 1104 guum
1033 1063 1233 1104 effugeretur,
1265 1063 1349 1093 haud
1379 1063 1466 1093 aliter
1495 1064 1630 1102 potuisse

904 1115 1033 1146 scribere
1047 1115 1080 1145 in
1097 1116 1156 1145 hoc
1170 1115 1252 1145 loco:
1273 1122 1378 1154 postea
1386 1124 1457 1145 vero
1472 1115 1514 1145 sic
1530 1116 1631 1146 offen-a

903 1165 945 1195 do
959 1165 1134 1197 luculenter
1148 1166 1286 1205 positum
1303 1166 1336 1195 in
1350 1165 1389 1196 Ο.
1404 1166 1458 1206 qui
1474 1166 1581 1203 codex,
1593 1171 1630 1196 ut

903 1225 940 1248 ut
953 1220 1071 1249 recenti
1085 1230 1182 1249 manu
1197 1219 1237 1249 sit
1251 1226 1405 1256 exaratus,
1431 1218 1516 1248 haud
1535 1218 1631 1247 dubie

903 1268 1005 1299 multo
1024 1270 1229 1309 antiquiorem
1244 1280 1300 1309 pro
1315 1270 1480 1309 archetypo
1503 1278 1561 1299 suo
1576 1269 1631 1298 ha-

903 1319 980 1349 buit.
1003 1326 1038 1350 A.
1053 1323 1225 1357 distendat;
1250 1326 1284 1352 Σ.
1307 1323 1472 1351 discendat.
1511 1319 1632 1360 Vulgo,

901 1372 1224 1412 descendat.—quam.·
1250 1377 1284 1402 Δ.
1303 1378 1336 1404 Σ.
1353 1384 1431 1412 qua;
1453 1381 1517 1402 non
1532 1371 1626 1409 male,

901 1429 936 1452 ut
951 1423 1093 1459 arbitror,
1110 1434 1165 1462 pro
1181 1422 1241 1463 qud
1258 1423 1321 1461 υἱᾶ,
1338 1423 1385 1453 vel
1400 1433 1462 1463 quo
1478 1423 1555 1453 loco.

947 1474 1019 1504 Ver.
1036 1478 1107 1505 427.
1130 1477 1243 1505 incita:
1269 1475 1312 1505 sic
1328 1474 1385 1505 soli
1407 1474 1446 1504 P.
1466 1475 1505 1505 Ο.
1530 1480 1564 1505 A.
1583 1480 1629 1505 Ω.

904 1526 1016 1563 caeteri,
1037 1528 1148 1562 lacita,·
1172 1527 1192 1556 i.
1216 1536 1241 1556 e.
1264 1528 1414 1562 lacessita,
1437 1526 1485 1556 uti
1507 1536 1631 1566 quoque

905 1587 1018 1607 manus
1033 1578 1207 1616 interpretis
1222 1577 1359 1618 margini
1374 1577 1440 1608 cod.
1459 1582 1492 1609 Σ.
1507 1577 1630 1615 allevit;

903 1629 965 1659 sive
994 1639 1146 1669 percussa.
1193 1630 1285 1660 Certe
1306 1639 1364 1659 vox
1393 1629 1472 1659 adeo
1496 1639 1576 1667 rara,
1599 1634 1632 1658 et

901 1689 989 1713 extra
1004 1693 1208 1713 communem
1222 1694 1315 1714 usum
1335 1684 1453 1724 jacens,
1479 1683 1628 1722 deprava-

902 1732 1038 1763 tionibus
1053 1734 1249 1764 librariorum
1265 1731 1353 1764 vaide
1368 1734 1464 1764 fuerit
1478 1734 1630 1772 obnoxia3

902 1791 933 1814 et
947 1795 986 1814 an
1003 1785 1074 1814 ferri
1088 1792 1207 1824 poterat
1222 1786 1254 1815 in
1270 1786 1329 1815 hoc
1344 1785 1411 1815 loco
1423 1795 1478 1824 per
1489 1785 1629 1824 duplica-

901 1833 1018 1865 tionem
1028 1834 1234 1872 consonantis,
1247 1836 1293 1866 uti
1303 1835 1420 1866 factum
1435 1843 1481 1866 est
1493 1836 1526 1865 in
1537 1838 1630 1866 verbo

900 1887 1053 1925 reducere,
1076 1893 1169 1928 atque
1190 1884 1259 1917 aliis
1282 1886 1480 1927 quibusdam,
1503 1897 1560 1917 nec
1582 1893 1628 1918 te-

900 1950 986 1969 mere
1001 1939 1177 1980 negaverim
1194 1939 1354 1981 equidem,
1381 1949 1437 1969 nec
1459 1939 1627 1970 contende-

900 1991 974 2021 rim:
1000 2000 1109 2020 verum
1132 1991 1218 2020 enim
1245 1990 1343 2020 tutius
1360 1990 1455 2020 habui
1470 1990 1566 2020 libros
1580 2001 1630 2020 se-

900 2042 966 2081 qui,
991 2042 1177 2072 recentiores
1191 2042 1344 2082 quamvis,
1368 2052 1404 2071 ac
1421 2041 1528 2071 minus
1541 2041 1629 2082 gravi

900 2093 1091 2132 testimonio,
1117 2099 1149 2124 at
1174 2093 1305 2123 minime
1322 2092 1566 2122 contemnendos
1581 2098 1626 2122 ta-

901 2154 983 2174 men.

946 2195 1026 2226 Ibid.
1048 2197 1229 2226 fervescunt
1244 2195 1332 2234 freta
1360 2196 1547 2234 spirantibus
1555 2197 1626 2236 fla·-

902 2248 972 2278 bris.
1011 2247 1092 2278 Haec
1107 2247 1202 2277 etiam
1218 2248 1415 2278 Mantuanus
1429 2247 1542 2287 attigit,
1557 2257 1626 2288 geo.

903 2298 922 2329 i.
937 2300 1014 2328 527.

1086 2371 1236 2403 fervetque
1237 2371 1317 2403 fretis
1325 2369 1478 2403 spirantibus
1488 2376 1583 2402 aequor
1593 2378 1601 2395 :

901 2440 931 2465 et
945 2434 979 2464 in
994 2433 1134 2475 ejusdem
1148 2434 1219 2465 libri
1235 2445 1296 2465 ver.
1315 2438 1386 2466 455.

932 2516 1029 2540 OmnIa
1041 2519 1108 2540 tunc
1118 2515 1220 2548 pariter
1228 2519 1320 2545 vento,
1333 2515 1494 2550 nimbisque,
1505 2516 1606 2542 videbis

933 2557 1112 2580 fervere—-

945 2626 1025 2657 Ibid.
1045 2628 1180 2666 graviter
1195 2627 1390 2666 spirantibus.
1425 2627 1528 2663 Idem,
1551 2627 1628 2658 AErr.

901 2678 952 2709 vii.
970 2682 988 2709 7
992 2681 1041 2710 53.

916 2752 1029 2784 Vipereo
1040 2750 1141 2783 generi,
1154 2754 1182 2776 et·
1190 2751 1314 2783 graviter
1322 2751 1476 2784 spirantibus
1486 2751 1617 2784 hydris—.

946 2816 1021 2845 Ver.
1037 2818 1109 2845 4528.
1135 2821 1199 2845 tum
1225 2822 1315 2845 sunt.-
1346 2814 1383 2845 P.
1413 2815 1453 2846 V.
1479 2814 1528 2845 ed.
1556 2826 1626 2846 cum.

903 2870 965 2899 sint
971 2883 982 2904 ;
1008 2873 1042 2899 Σ.
1071 2874 1114 2899 Ω.
1146 2874 1210 2898 tum
1233 2869 1528 2907 sint.-deprelzensa
1551 2867 1629 2897 dant

906 2918 998 2957 plene
1014 2919 1050 2950 P.
1067 2919 1108 2949 V.
1123 2918 1170 2950 ed.
1188 2919 1226 2950 Ο.
1249 2925 1280 2950 et
1298 2919 1334 2950 in
1356 2919 1504 2951 Lucretio
1517 2920 1628 2959 proba·
