1926 3224
307 222 400 262 130

801 218 860 265 Τ.
902 215 1277 265 LUCRETII

455 345 629 400 CorpuS‚
661 344 773 399 quod
792 358 948 385 cassum
969 344 1127 385 labatur
1146 343 1299 385 lumine
1318 358 1487 399 semper.

508 417 657 472 Solque
676 431 769 458 suos
789 418 911 458 etiam
931 417 1135 459 dimittere
1153 417 1370 474 languidus
1389 418 1519 474 igneis

451 490 658 545 Tempore
676 505 783 546 quur
803 499 914 532 certo
934 498 1125 547 nequeat,
1156 505 1418 546 recreareque
1436 491 1589 541 lumen,

451 562 590 612 Quom
610 564 700 605 loca
718 564 930 619 praeteriit,
960 564 1134 606 flammis
1155 563 1313 614 infesta,
1345 579 1420 619 per
1439 579 1575 614 auras3

336 638 419 678 760
451 637 559 687 Quae
577 637 732 680 faciunt
750 639 880 695 igneis
899 638 1172 695 interstingui,
1204 646 1326 693 atque
1344 634 1494 692 pariri?

506 711 576 761 Et,
608 726 714 767 quur
733 720 842 752 terra
862 722 983 766 queat
1002 712 1142 752 lunam
1163 711 1335 766 spoliare
1355 711 1528 751 vicissim

448 784 642 835 Lumine,
674 792 715 826 et
734 785 972 840 obpressum
992 785 1132 834 solem,
1163 799 1283 840 super
1304 785 1405 839 ipsa,
1436 792 1589 836 tenere,

448 856 665 898 Menstrua
683 857 784 899 dum
803 858 956 915 rigidas
975 859 1069 900 coni
1089 858 1312 914 perlabitur
1334 858 1496 899 umbras
1502 876 1514 908 3

302 1009 334 1040 lo
348 1009 442 1041 modo
456 1010 614 1041 certaverit
629 1011 798 1052 eleganti&
820 1019 852 1044 et
867 1014 945 1045 lauti
959 1014 1020 1044 lec-

301 1066 392 1097 tores,
409 1060 485 1102 quId
500 1060 599 1097 distet,
614 1063 720 1092 statim
735 1064 875 1095 sentient.

345 1121 426 1152 Ibid.
448 1123 565 1152 altum:
589 1123 610 1152 i.
634 1133 660 1153 e.
686 1129 750 1153 tam
775 1123 869 1165 longe
889 1125 1020 1164 distans;

300 1172 385 1203 unde
421 1179 553 1214 augetur
582 1174 786 1214 hypotheseos
817 1176 905 1206 istius
941 1177 1020 1207 diffi.

298 1223 407 1255 cultas.

342 1282 417 1314 Ver.
433 1285 506 1315 755.
519 1286 637 1315 eodem:
658 1284 752 1315 vind.
767 1285 804 1315 1..
821 1285 868 1316 M.
885 1292 918 1317 Δ.
933 1294 972 1318 n.
986 1292 1020 1319 Σ.

297 1336 402 1365 eadem
408 1350 420 1371 ;
438 1334 522 1374 quod
537 1335 663 1365 fortasse
678 1335 749 1365 ferri
764 1342 895 1375 poterat:
922 1342 942 1356 “
956 1339 1022 1369 Cur

300 1388 324 1404 ‘¹
339 1395 403 1416 non
418 1385 505 1416 aliud
519 1396 630 1424 corpus
646 1392 772 1425 putetur
791 1387 891 1418 facere
914 1388 946 1419 id
971 1389 1021 1420 εᾶ-

300 1438 323 1455 “
339 1438 405 1467 dem
421 1435 469 1467 vici
492 1447 544 1467 suo
567 1436 747 1475 tempore?“
772 1437 834 1467 Sed
849 1437 1021 1478 vulgatum,

298 1488 383 1529 quod
397 1488 524 1518 testibus
544 1488 663 1518 idoneis
688 1488 843 1527 innititur,
867 1489 960 1531 longe
975 1491 1020 1522 di-

299 1537 432 1568 lucidius
461 1544 506 1568 est
535 1544 628 1578 atque
653 1539 1019 1581 expeditius—putetur:

298 1587 337 1620 P.
346 1596 504 1629 putemus;
530 1590 571 1619 V.
586 1589 634 1620 ed.
644 1598 744 1631 putes.

340 1648 415 1679 Ver.
433 1651 504 1680 756.
532 1660 670 1681 cassum:
696 1650 795 1682 Vind.
819 1654 1023 1683 casum.-—Iu-

297 1701 396 1730 mine:
424 1705 464 1730 11.
475 1701 622 1741 flumine.

342 1758 423 1789 Ibid.
457 1761 570 1799 Comus
595 1761 692 1790 aliud.
735 1760 892 1799 Epicurus
917 1762 948 1791 in
979 1762 1020 1793 D.

297 1808 435 1847 La'elrtio,
458 1819 487 1839 x.
503 1813 554 1841 96.
579 1815 633 1841 Kar
650 1822 691 1840 ειτι
714 1812 861 1851 (εκλειψις
885 1813 952 1845 ἥλιε
973 1827 1023 1844 και

297 1867 416 1895 “annis
438 1860 555 1892 Surae-m
575 1862 711 1902 qimam)
735 1865 808 1893 κατ’
827 1868 1022 1905 ετιτροςθετη·

296 1923 339 1942 ηπ
353 1918 455 1942 αλλων
469 1925 558 1950 τινων,
582 1926 599 1945 n
614 1926 681 1952 γῆς,
699 1927 716 1946 n
731 1925 822 1954 epam,
841 1928 857 1947 n
874 1928 942 1950 τινος
959 1917 1020 1948 ἑτε-

296 1975 330 2004 ρυ
344 1975 452 1995 rouvre.

341 2022 416 2052 Ver.
435 2026 507 2054 757.
530 2025 580 2054 Soc
604 2025 757 2055 dimittere
782 2027 900 2065 igneis:
930 2033 1021 2068 atque

297 2072 357 2102 hoc
379 2072 474 2103 modo
498 2073 627 2113 eclipsin
655 2075 716 2114 pati
723 2087 733 2112 ;
755 2076 1021 2116 quemadmodum

296 2130 411 2155 noctem
435 2125 529 2155 etiam
553 2125 619 2156 fieri
643 2126 772 2167 quidam
797 2128 916 2166 opinati
938 2136 1022 2168 sunt,

295 2175 343 2205 uti
358 2174 476 2206 dictum
492 2182 538 2207 est
551 2177 704 2216 superius,
718 2188 780 2208 ver.
792 2180 1020 2220 651.-Pon-o,

298 2231 338 2256 Π.
354 2227 446 2257 habet
459 2229 627 2266 demittere,
654 2238 709 2267 pro
734 2231 894 2261 dimittere.
939 2231 1020 2262 Ver-

295 2286 348 2306 sus
361 2276 509 2318 leguntur
523 2279 750 2310 accommodati
762 2281 795 2310 in
808 2281 938 2312 Anthol.
951 2282 1019 2313 Lat.

295 2327 407 2359 Burm.
424 2329 445 2360 i.
461 2332 510 2360 72.
528 2333 598 2361 157.
614 2330 653 2361 de
666 2332 743 2362 sole:

357 2408 453 2440 Dixin
469 2413 496 2434 et
507 2410 595 2435 infuso
605 2411 724 2436 radiabat
734 2411 835 2437 lumine
845 2412 941 2443 lucum,

356 2449 442 2480 Inque
455 2448 536 2474 fidem
547 2450 651 2475 sceleris
662 2455 734 2476 totos
744 2451 874 2476 dimiserat
884 2452 961 2484 ignei.

297 2517 349 2549 sic
378 2519 586 2558 rescribimus,
616 2527 651 2551 ut
679 2521 755 2552 ordo
784 2523 1021 2554 constructionis

294 2577 493 2601 conservetur
521 2572 654 2613 integer:
695 2573 790 2614 vulgo
823 2575 919 2605 lucus.
977 2575 1021 2605 Et

296 2621 393 2652 codex
418 2633 512 2662 unus,
537 2626 696 2656 demiserat
703 2640 713 2661 ;
739 2624 791 2655 sed
816 2631 938 2665 recepta
961 2636 1019 2656 vox

297 2672 398 2702 multo
413 2673 577 2704 efficacior:
602 2675 691 2715 quasi
706 2676 821 2706 scilicet
832 2687 863 2706 se
878 2677 1019 2717 insump-

298 2728 377 2752 serat
400 2730 432 2753 et
455 2726 638 2755 exhauserat
662 2726 695 2756 in
719 2727 777 2756 hoc
801 2737 894 2766 opere
907 2727 1019 2758 defun-

296 2773 400 2812 gendo
417 2775 560 2806 Phoebus,

342 2823 414 2855 Ver.
432 2828 503 2857 758.
526 2838 682 2859 recreare:
703 2829 722 2859 i.
739 2839 764 2859 e.
779 2831 815 2860 de
829 2841 902 2861 novo
918 2841 1020 2861 creare

299 2872 407 2906 lumen
422 2875 585 2908 dimissum
606 2889 641 2909 ac
656 2878 851 2919 deperditum
867 2882 906 2911 ob
926 2880 1018 2920 eclip-

1066 1014 1115 1044 sin
1144 1012 1482 1047 factam.—Caeterum‚
1514 1014 1550 1042 Δ.
1578 1013 1695 1048 lunam,
1724 1012 1790 1043 vice

1063 1069 1175 1098 lumen.

1108 1126 1181 1156 Ver.
1198 1129 1268 1157 759.
1279 1125 1421 1166 flammis
1451 1123 1580 1165 infesta:
1618 1124 1639 1154 i.
1669 1134 1696 1155 e.
1725 1124 1790 1155 exi-

1064 1177 1157 1207 tialia.

1108 1237 1181 1267 Ver.
1199 1239 1269 1267 760.
1297 1237 1419 1275 periri:
1453 1234 1473 1265 i.
1503 1245 1530 1266 e.
1560 1235 1663 1266 creari.
1709 1236 1792 1268 Haec

1063 1288 1168 1318 versus
1189 1287 1350 1318 verissima
1370 1286 1524 1317 restitutio
1547 1286 1792 1319 divinationibus

1063 1339 1142 1369 meis
1156 1338 1297 1369 debetur:
1324 1337 1375 1368 adi
1390 1338 1430 1368 sis
1445 1337 1654 1374 Priscianum,
1667 1338 1718 1369 lib.
1727 1339 1792 1370 viii.

1064 1400 1093 1428 p.
1119 1393 1191 1419 8052.
1217 1394 1248 1418 et
1270 1399 1350 1428 quae,
1377 1388 1438 1418 nisi
1463 1388 1563 1425 fallor,
1593 1399 1658 1419 non
1685 1389 1792 1420 minus

1065 1448 1134 1468 vere
1149 1438 1279 1468 dixerim
1294 1449 1397 1478 supra,
1413 1438 1452 1469 ad
1466 1439 1486 1469 i.
1507 1443 1578 1470 200.
1617 1440 1791 1478 Nimirum,

1067 1503 1107 1520 w
1122 1491 1321 1529 interstingui
1335 1495 1428 1530 atque
1445 1491 1553 1530 par-iri
1568 1503 1624 1525 τοις
1640 1493 1792 1523 dimittere

1065 1542 1150 1580 ignes
1173 1546 1203 1570 et
1224 1551 1360 1571 recreare
1381 1542 1483 1571 lumen
1507 1540 1603 1572 modo
1617 1542 1793 1584 praegressis

1065 1597 1172 1621 contra
1194 1591 1446 1621 manifestissime
1467 1591 1671 1631 respondeum
1694 1593 1738 1623 ita
1757 1598 1794 1624 ut

1064 1651 1114 1671 res
1139 1648 1225 1672 exna
1250 1641 1491 1671 controversiam
1518 1641 1647 1680 locetur,
1673 1652 1732 1673 nec
1760 1653 1793 1674 se

1065 1693 1138 1723 velit
1153 1693 1309 1732 operosius
1331 1693 1488 1723 vindicari.
1532 1693 1663 1725 Veteres
1678 1705 1792 1735 nempe

1065 1744 1135 1774 libri
1165 1744 1299 1775 universi
1329 1744 1444 1775 habent
1472 1751 1650 1785 corruptam
1682 1756 1791 1778 vocem

1060 1798 1162 1836 periri
1166 1813 1176 1833 ;
1200 1796 1285 1827 unde
1300 1796 1388 1826 nullo
1402 1796 1532 1836 negotio
1546 1797 1731 1828 fabricatum
1746 1804 1793 1829 est

1065 1846 1146 1877 illud
1182 1849 1296 1887 perire,
1341 1846 1400 1877 loci
1435 1857 1527 1886 scopo
1563 1847 1792 1879 alieniffiimum

1064 1898 1214 1939 quamvis,
1239 1897 1323 1938 quod
1345 1904 1503 1937 comparet
1524 1897 1558 1928 in
1575 1899 1610 1930 P.
1628 1903 1663 1930 Δ.
1685 1905 1718 1930 et
1737 1909 1793 1940 per

1063 1949 1215 1980 editiones
1229 1949 1372 1990 vulgares
1385 1955 1590 1990 propagatum
1605 1950 1698 1981 venit.
1730 1951 1790 1981 Ni-

1063 2002 1108 2032 hil
1133 2009 1186 2038 est,
1210 2002 1249 2032 de
1274 2013 1336 2042 quo
1363 2003 1462 2033 tutius
1484 2002 1524 2033 ad
1546 2003 1790 2044 intelligentium

1059 2053 1178 2093 judicia
1193 2053 1345 2092 possimus
1367 2063 1542 2092 provocare,
1566 2064 1663 2095 quam
1677 2054 1717 2086 de
1731 2056 1789 2086 hac

1064 2104 1212 2135 facillima
1227 2104 1455 2135 emendatione.

1108 2166 1190 2197 Ibid.
1211 2168 1417 2207 interstingui.
1455 2165 1634 2198 Martianus
1650 2167 1787 2208 Capella,

1063 2217 1102 2248 ix.
1119 2221 1149 2248 4.

1124 2299 1222 2323 Nantoe
1233 2297 1400 2330 fluctigenas‚
1410 2298 1578 2329 chorumque
1588 2298 1693 2328 Phorci,

1124 2339 1248 2370 Flagrans
1258 2345 1322 2363 cura
1333 2338 1415 2362 trahit
1425 2346 1433 2368 ;
1450 2338 1633 2369 nivalibusque

1124 2377 1298 2402 lneerstinctus
1307 2377 1390 2408 aqum,
1403 2376 1554 2409 triumphat
1564 2377 1651 2402 ardor.

1106 2448 1182 2479 Ver.
1214 2451 1284 2479 761.
1320 2450 1449 2489 spoliare
1479 2449 1623 2479 Lumine.
1681 2447 1785 2486 Maro,

1065 2497 1140 2529 AEn.
1157 2498 1210 2529 xii.
1226 2501 1297 2530 935.

1297 2591 1404 2617 corpus,
1413 2585 1546 2617 spoliatum
1556 2583 1721 2609 luniae-—m

1107 2663 1180 2694 Ver.
1198 2666 1268 2695 7652.
1290 2665 1457 2703 obpressum
1472 2663 1569 2693 solem.
1604 2660 1677 2691 Non
1692 2660 1785 2692 aliam

1062 2717 1204 2748 adhibuit
1225 2717 1398 2748 orationem
1422 2716 1556 2751 Curtius
1580 2715 1619 2745 iv.
1647 2718 1694 2746 lo.
1710 2719 1784 2747 5.—

1063 2768 1271 2810 “lunamque
1299 2768 1438 2806 deficere,
1468 2777 1568 2808 quum
1592 2772 1647 2797 aut
1668 2772 1782 2798 terram

1063 2825 1085 2841 ‘⁸
1101 2823 1227 2859 subiret,
1243 2828 1297 2853 aut
1310 2824 1370 2854 sole
1377 2821 1595 2863 premeretur.”

1106 2882 1180 2913 Ver.
1199 2885 1267 2914 765.
1290 2884 1380 2913 dum:
1407 2888 1447 2913 11.
1470 2884 1662 2914 cum—coni
1679 2883 1782 2922 perla-
