1926 3224
229 283 291 321 20

730 276 790 321 Τ.
831 273 1205 322 LUCRETII

371 405 528 447 Tactile
547 402 648 443 nihil
667 402 785 442 nobis
805 400 917 455 quod
937 400 1001 449 sit,
1024 399 1262 455 contingere
1281 397 1415 440 debet:

370 479 560 534 Tangere
579 476 689 516 enim
709 489 794 515 non
814 475 917 529 quit,
940 473 972 513 si
992 473 1106 529 tangi
1126 487 1209 513 non
1229 472 1322 513 licet
1341 471 1486 526 ipsum.

370 550 465 600 Qua
487 565 531 590 re
550 549 674 590 etiam
694 548 806 589 sedes
826 561 989 602 quoque
1007 546 1156 586 nostris
1177 545 1337 586 sedibus
1358 559 1442 585 esse

262 630 338 668 155
370 623 597 666 Dissimiles
617 622 787 671 debent;
821 631 978 670 tenues,
1000 619 1052 660 de
1071 634 1244 674 corpore
1263 633 1417 660 eorum.

371 698 480 747 Quae
500 697 572 738 tibi
592 696 793 751 posterius
812 695 927 751 largo
947 707 1133 734 sermone
1151 693 1348 747 probabo.

427 771 580 813 Dicere
598 784 739 825 porro,
761 768 976 809 hominum
996 765 1134 806 caussa
1155 766 1325 807 voluisse
1343 779 1488 821 parare

373 844 620 886 Praeclaram
639 840 785 881 mundi
806 848 1010 890 naturam,
1032 847 1328 895 proptereaque

372 914 646 958 Adlaudabile
665 927 768 967 opus
788 912 927 953 divom
947 913 1113 954 laudare
1132 912 1289 960 decere,

260 995 342 1031 160
373 988 677 1042 AEternumque
699 993 844 1041 putare
864 993 985 1041 atque
1004 984 1219 1026 inmortale
1237 983 1438 1033 futurum3

272 1153 344 1184 Ver.
363 1155 432 1184 155.
455 1154 491 1183 ‹Ie
505 1163 627 1193 corpore
635 1165 645 1183 .·
663 1152 683 1183 i.
699 1163 727 1183 e.
738 1150 948 1193 preconante,

227 1206 271 1236 ad
285 1205 432 1235 rationem
448 1209 540 1244 atque
554 1204 785 1243 proportionem
799 1204 949 1243 corporis;

229 1265 300 1297 quae
314 1260 448 1294 potestas
461 1260 507 1284 est
520 1255 639 1285 voculae
659 1264 808 1295 perquam
830 1254 951 1285 usitata.

230 1307 406 1338 Lambinus
429 1306 525 1347 igitur
553 1316 593 1336 ne
622 1306 797 1337 audiendus
825 1306 952 1347 quidem

229 1364 288 1397 est,
313 1358 497 1389 substituere
525 1357 632 1389 volens
649 1369 717 1398 pro,
743 1358 830 1388 libris
843 1358 951 1388 adver-

229 1410 379 1441 santibus.

272 1461 347 1491 Ver.
376 1463 445 1492 156.
474 1462 578 1499 largo.-
603 1459 702 1490 vind.
729 1459 768 1490 Ο.
789 1461 894 1498 longo5
917 1465 954 1489 ut

228 1511 370 1550 Flaccus,
389 1512 475 1551 epist.
490 1512 522 1542 ii.
540 1515 567 1541 1.
583 1515 612 1541 4.

258 1589 298 1612 Ne
305 1587 376 1619 longo
386 1593 496 1612 sermone
506 1593 596 1612 mores
606 1590 654 1612 tua
665 1589 803 1619 tempora,
814 1587 918 1612 Caesar:

230 1657 261 1681 et
274 1651 340 1690 ipse
355 1650 520 1691 Virgilius,
541 1652 616 1682 AEn.
631 1651 651 1681 i.
668 1654 703 1681 21
711 1654 738 1682 7.

292 1726 407 1752 Amissus
417 1726 488 1758 longo
498 1726 582 1751 socios
591 1733 701 1750 sermone
709 1726 859 1756 requirunt.

232 1788 313 1819 Sane
324 1798 415 1818 voces
425 1790 529 1828 largus
541 1794 571 1819 et
580 1790 687 1827 longus
698 1788 859 1829 aliquoties
868 1798 952 1819 com-

229 1845 364 1870 mutatas
379 1850 443 1870 esse
458 1840 531 1870 satis
547 1840 655 1881 liquet:
676 1840 782 1872 videas
795 1850 856 1870 var.
872 1840 952 1870 lectt.

228 1891 268 1921 ad
285 1891 402 1921 Lucan.
419 1891 461 1921 iii.
476 1895 548 1922 347.
589 1891 751 1922 Claudian.
773 1898 849 1930 rapt.
867 1892 954 1921 Pros.

229 1942 273 1972 iii.
290 1945 360 1972 215.
383 1948 414 1972 et
428 1942 470 1972 ibi
487 1943 725 1972 Burmannumz
749 1943 802 1972 sed
818 1942 906 1972 nobis
922 1955 955 1972 »ro

230 1994 318 2033 longo
333 1993 492 2033 vulgarius
506 1993 637 2029 videtur,
660 1999 691 2023 et
705 1993 805 2033 magis
819 1992 860 2023 ad
881 1992 954 2022 scri-

231 2045 342 2074 barum
358 2050 497 2074 mentem
519 2050 741 2083 comparatum.

277 2094 357 2124 Ibid.
376 2097 527 2134 posterius
549 2097 633 2134 largo
663 2106 797 2125 sermone
815 2095 955 2134 probabo.

234 2145 324 2180 Vide,
341 2155 381 2175 an
397 2145 491 2175 fidem
507 2145 653 2176 liberavit.
726 2146 955 2176 ΒεΝτιειυε.

235 2197 335 2234 Certe,
352 2199 399 2230 vel
414 2200 606 2239 propositum
616 2200 714 2239 po'e'tae
726 2210 889 2240 nunquam
900 2199 956 2229 ad-

232 2248 397 2288 impletum
413 2257 468 2289 est,
486 2251 545 2288 vel,
561 2261 630 2292 quae
645 2251 684 2281 de
701 2250 811 2281 natura
827 2250 958 2281 deorum

232 2300 459 2343 domiciliisque
482 2303 646 2342 scripserit,
668 2303 783 2343 injuria
811 2302 958 2342 temporis

233 2353 357 2390 periere.

275 2404 350 2435 Ver.
371 2408 440 2436 157.
464 2407 605 2437 voluisse:
634 2407 681 2437 M.
697 2409 778 2438 volui
792 2409 862 2446 ipse.

277 2455 358 2486 Ibid.
382 2457 573 2495 Lactantius,
588 2458 648 2488 div.
664 2458 746 2489 instt.
763 2458 814 2488 vii.
836 2462 865 2488 5.
891 2458 955 2488 Lu-

234 2506 319 2535 cretii
334 2517 439 2538 versus
461 2509 607 2549 allegans,
634 2509 724 2540 dicit:
753 2513 775 2527 “
792 2510 838 2539 At
861 2509 957 2539 iidem

231 2560 253 2574 ‘⁴
272 2557 377 2593 Stoici,
416 2560 607 2598 Hominum,
655 2560 811 2601 inquiunt,
849 2559 956 2591 caussa

232 2610 255 2625 “
272 2608 410 2640 mundus
425 2611 551 2641 effectus
565 2613 642 2642 est.'’
665 2612 708 2642 Et
723 2611 865 2641 similiter
873 2622 955 2646 mox,

232 2658 270 2687 ad
287 2669 353 2698 cap.
372 2663 400 2690 4.
418 2661 484 2691 init.
501 2663 554 2692 ubi
570 2662 781 2693 consulendus
795 2668 849 2692 est.

276 2709 351 2740 Ver.
369 2713 439 2741 158.
463 2713 673 2743 Praeclaram:
700 2714 740 2743 V.
757 2713 804 2743 ed.
829 2714 955 2744 Percla-

234 2765 480 2792 ram.—7mmdi:
504 2769 543 2793 Π.
560 2766 679 2799 mondi;
706 2770 742 2794 ut
758 2764 792 2794 in
807 2773 867 2794 ver.
887 2766 955 2794 162-

221 2809 612 2852 sandalum—propterea:
630 2815 666 2844 P.
678 2814 955 2855 praeterea.—Cae·

232 2866 346 2898 terum,
372 2862 552 2894 Lactantius
577 2864 616 2895 ad
634 2864 684 2896 vii.
700 2869 730 2897 5.
753 2866 837 2896 hunc
852 2865 957 2896 locum

234 2913 369 2945 ventilat.

1035 1152 1109 1182 Ver.
1128 1154 1198 1183 159.
1215 1151 1438 1181 Adlaudabile:
1457 1149 1502 1179 ita
1511 1158 1622 1179 omnes
1635 1148 1715 1185 libri,

995 1204 1054 1234 nisi
1070 1203 1154 1244 quod
1170 1213 1259 1233 voces
1273 1202 1442 1242 disjunctas
1457 1200 1633 1239 exhibeant,
1655 1199 1718 1241 qua

996 1254 1111 1294 scripti,
1127 1253 1188 1294 qua
1203 1253 1284 1293 typis
1298 1252 1453 1291 impressi,
1476 1257 1586 1291 praeter
1613 1256 1648 1282 Δ.
1670 1259 1719 1281 re-

994 1308 1077 1338 centi
1091 1313 1261 1337 correctore
1275 1306 1361 1336 haud
1375 1305 1469 1336 dubie
1491 1309 1664 1341 exaratum,
1686 1308 1719 1334 et

994 1359 1173 1400 vulgarium
1198 1358 1372 1389 editionum
1399 1356 1524 1387 lectioni
1539 1355 1718 1394 conspiran-

996 1416 1072 1447 tem,
1088 1411 1129 1440 Id
1142 1410 1299 1440 laudabile
1313 1419 1352 1438 ex
1362 1407 1491 1448 ingenio
1502 1405 1718 1446 praebentium.

997 1460 1142 1498 Plautus,
1161 1460 1246 1490 Pers.
1261 1460 1300 1490 iv.
1316 1463 1346 1490 5.
1361 1462 1390 1489 1.

1026 1538 1126 1571 Edepol
1135 1538 1242 1570 dedisti,
1252 1538 1340 1572 virgo,
1349 1545 1458 1571 operam
1469 1537 1667 1568 adlaudabilem‚

1025 1579 1150 1609 probam,
1159 1581 1188 1604 et
1197 1577 1359 1610 sapientem,
1370 1580 1399 1603 et
1407 1577 1564 1602 sobriam—.

998 1657 1104 1696 Idem,
1120 1657 1219 1688 Mero.
1236 1656 1257 1688 i.
1272 1659 1301 1687 1.
1317 1659 1367 1686 84.

1027 1741 1091 1774 Agit
1112 1740 1211 1774 gratias
1231 1739 1310 1770 mihi,
1328 1743 1412 1772 atque
1431 1738 1570 1772 ingenium
1593 1737 1720 1764 adlaudat

1118 1786 1223 1806 meum.

999 1855 1110 1886 Posses
1132 1854 1228 1885 etiam
1247 1864 1303 1894 per
1318 1853 1457 1892 tmesim,
1474 1853 1556 1885 Caro
1569 1851 1660 1884 valde
1673 1852 1722 1883 fa-

998 1907 1161 1943 miliarem,
1186 1920 1219 1938 το
1236 1909 1283 1938 ad
1297 1916 1374 1937 cum
1395 1908 1534 1942 laudare,
1556 1905 1605 1936 vel
1627 1905 1723 1936 etiam

997 1961 1114 1996 decere,
1141 1957 1335 1995 consociare3
1355 1957 1410 1988 sed
1434 1962 1540 1988 nostra
1552 1956 1633 1987 ratio
1646 1955 1723 1987 faci-

998 2011 1059 2041 lior
1082 2016 1136 2046 est,
1163 2020 1199 2041 ac
1223 2009 1331 2041 minus
1344 2010 1506 2050 ambigua:
1532 2009 1602 2040 vide
1617 2009 1722 2040 Plaut.

1000 2061 1088 2092 Trin.
1103 2061 1126 2091 i.
1152 2065 1181 2091 2.
1203 2064 1254 2091 41.
1276 2066 1308 2092 et
1328 2060 1541 2092 animadverte
1569 2059 1723 2091 bellulum

999 2112 1105 2143 lusum
1120 2119 1238 2152 λογικω
1251 2112 1360 2151 po'e'tae,
1382 2112 1580 2143 adlaudabile
1593 2113 1724 2143 laudare

1000 2163 1127 2194 scilicet:
1153 2173 1173 2192 a
1193 2172 1256 2202 quo
1279 2172 1344 2192 non
1366 2163 1511 2192 abhorret
1534 2162 1724 2192 Naevianum

1000 2213 1091 2252 illud,
1118 2213 1214 2244 semel
1237 2218 1329 2254 atque
1343 2213 1458 2243 iterum
1485 2212 1634 2243 Cicerone
1657 2223 1724 2242 me-

1001 2270 1168 2300 moratum,
1185 2267 1207 2282 “
1218 2265 1365 2296 Laudari
1379 2266 1531 2296 alaudam
1540 2264 1635 2296 viro.’‘
1651 2265 1726 2295 Has

1000 2322 1106 2347 autern
1121 2316 1248 2346 delicias
1269 2316 1407 2346 Lucretii
1429 2315 1612 2356 saepiuscule
1635 2321 1724 2346 nota·

1002 2366 1271 2398 vimus—divtim:
1297 2367 1393 2397 vind.
1409 2369 1511 2398 divini
1516 2383 1526 2404 ;
1552 2366 1591 2397 V.
1606 2365 1654 2397 ed.
1667 2377 1724 2397 au-

1000 2425 1074 2455 tem,
1089 2421 1184 2449 dium.

1043 2478 1119 2508 Ver.
1145 2481 1214 2508 160.
1237 2479 1404 2508 AEternum
1425 2484 1548 2518 putare,
1574 2478 1723 2517 Desipere

999 2536 1050 2560 est.
1083 2529 1124 2560 In
1139 2529 1187 2559 his
1201 2529 1295 2560 fatuis
1308 2540 1425 2560 nomen
1438 2529 1594 2560 Pindarus
1604 2527 1720 2568 profes-

999 2593 1051 2613 sus
1065 2589 1118 2619 est,
1135 2582 1229 2614 Nem.
1243 2583 1282 2615 vi.
1299 2587 1327 2614 6.

1075 2677 1106 2702 '0
1118 2677 1142 2703 δε
1153 2682 1266 2710 χωλκεος
1278 2682 1393 2710 «amu
1410 2684 1456 2702 ευει
1467 2674 1517 2702 ἕδος

1078 2725 1146 2749 Mem
1158 2731 1294 2759 namq—5

999 2805 1111 2846 quibus
1117 2806 1288 2836 concinunt
1295 2803 1446 2836 Hesiodei
1455 2813 1569 2840 versus,
1579 2813 1652 2834 mox
1664 2804 1723 2834 sub

1001 2867 1062 2887 ver.
1087 2861 1158 2887 901.
1182 2856 1320 2893 citandi;
1343 2861 1381 2892 et,
1399 2865 1438 2886 ne
1464 2855 1540 2886 alios
1554 2864 1720 2893 accersam,

1002 2908 1105 2945 Maro,
1122 2909 1197 2940 AEn.
1215 2908 1246 2939 ii.
1263 2910 1331 2940 154.
1598 2897 1601 2903 ’
