1926 3224
578 254 810 303 LIBER
850 253 1206 311 QUINTUS.

1557 257 1619 297 49

269 383 368 425 Non
389 399 506 426 ruere
526 386 680 426 avolsos
702 386 828 427 silices
849 402 873 426 a
893 386 1100 427 montibus
1120 385 1226 434 altis;

159 461 238 497 315
271 457 360 498 Nec
380 458 530 499 validas
551 459 627 498 aevi
649 459 766 499 vireis
786 458 979 512 perferre,
1000 459 1181 513 patique,

269 530 304 571 F
305 530 418 572 initi?
451 545 584 585 neque
604 531 713 570 enim
734 531 927 570 caderent
947 530 1081 570 avolsa
1102 539 1283 584 repente,

268 603 335 644 Ex
356 602 516 643 infinito
536 616 628 656 quae
649 609 833 654 tempore
852 600 1164 654 pertolerassent

121 769 241 789 cessum
256 762 301 788 est
315 757 379 796 ipse
394 756 484 795 po'eta
498 755 608 786 videat.
642 755 736 786 Tales
750 755 843 786 libros

121 809 345 840 consentientes
374 813 490 837 temere
511 807 688 846 proculcare
711 817 775 837 non
797 813 843 838 est

120 869 235 891 meum.
281 859 346 889 Pro
366 860 424 889 sibi
445 869 579 898 cumque,
607 858 644 888 P.
666 859 839 899 subitoqu25

120 910 217 941 Vind.
232 911 425 950 sibiomique;
449 909 490 939 V.
513 908 560 939 ed.
583 909 621 939 B.
645 914 681 939 Δ.
706 911 842 940 sibiom-

119 967 227 1005 m'que;
253 970 294 994 Π.
317 965 374 994 sibi
388 965 488 994 omni:
513 973 583 1003 quae
605 962 753 993 colluvies
775 974 842 994 cor·

117 1015 309 1055 ruptelarum
337 1014 387 1044 vel
415 1023 453 1043 ex
482 1013 667 1054 glossemate
696 1014 841 1044 dictionis

117 1077 243 1106 cumque
272 1064 373 1102 fluxit,
403 1064 451 1094 vel
473 1075 511 1094 ex
533 1064 693 1103 scripturae
721 1065 839 1101 veteris,

118 1126 214 1157 quam
227 1126 284 1146 nos
299 1115 511 1153 exhibuimus,
525 1115 678 1156 vestigiis;
693 1127 840 1157 quomque

118 1168 241 1199 scilicet.
267 1167 440 1205 Bentleius,
456 1172 525 1206 post
539 1167 744 1204 Lambinum,
757 1169 841 1199 hunc

118 1225 150 1249 et
179 1224 360 1260 sequentem
389 1228 511 1248 versum
533 1228 589 1257 pro
611 1218 794 1249 adulterinis
815 1225 846 1249 et

118 1270 266 1301 audacter
292 1270 418 1300 intrusis
446 1270 567 1300 habuit:
594 1280 671 1310 quos
699 1270 842 1302 demiror.

120 1326 182 1357 Sed
192 1325 320 1356 cuilibet
328 1330 509 1365 promptum
520 1331 564 1355 est
574 1325 616 1355 ita
627 1324 747 1356 nodum
761 1325 842 1355 Gor-

117 1378 249 1410 dianum
274 1377 431 1408 dissecare.
480 1377 737 1416 obstupescimus
753 1377 842 1407 Prei-

118 1439 205 1471 gero,
234 1429 356 1460 homini
381 1429 620 1459 annumerando
648 1428 842 1465 lautioribus,

119 1490 233 1511 aurum
254 1480 288 1510 in
310 1479 472 1509 Vossianis
493 1479 636 1508 sordibus
658 1479 844 1516 invenienti;

118 1532 170 1563 vix
185 1531 301 1572 dignis,
327 1530 440 1572 quibus
461 1531 574 1560 chartae
589 1535 702 1560 nostrae
716 1529 841 1570 inquin-

117 1588 223 1614 entur:

133 1652 198 1683 ραι
207 1656 280 1674 ruere
289 1656 418 1682 proporro
427 1649 472 1679 ibi,
483 1655 589 1679 conque
598 1655 733 1674 senescere
739 1651 839 1674 credas.

117 1717 291 1754 Nimirum,
314 1716 477 1756 aliquoties
502 1715 655 1755 cogimur,
681 1715 721 1744 de
742 1720 842 1745 tenta-

116 1768 254 1799 minibus
275 1766 495 1798 excellentium
518 1766 668 1804 virorum,
692 1765 746 1795 sed
768 1765 842 1795 artis

116 1819 231 1850 divinae
245 1828 374 1848 veneres
389 1827 453 1847 non
476 1816 658 1847 medullitus
679 1815 842 1846 sentienti-

118 1882 186 1910 um,
201 1870 288 1911 loqui
303 1869 413 1900 durius
427 1875 458 1899 et
472 1869 622 1904 acerbius,
637 1878 732 1909 quam
747 1867 840 1898 velle-

117 1932 198 1952 mus.
242 1920 311 1950 Nec
325 1919 454 1949 taedium
470 1929 534 1949 non
557 1925 602 1949 est
627 1919 843 1950 devorandum

117 1972 218 2010 nobis,
235 1970 401 2001 exhibendi
415 1981 520 2000 coram
535 1970 700 2002 lectoribus
708 1971 842 2002 versicu-

117 2024 186 2055 lum
216 2022 432 2063 indignissime
459 2028 632 2061 acceptum,
655 2022 781 2063 qualem
805 2034 844 2054 ex

115 2073 242 2106 officina
263 2073 320 2104 sua
342 2073 499 2104 diffictum
521 2073 654 2104 editores
675 2074 749 2104 boni
771 2084 842 2114 pro-

115 2127 270 2158 tulerunt:

175 2193 263 2218 cedere
272 2199 412 2225 proporro,
423 2192 550 2225 subitoque
560 2199 696 2220 senescere
706 2200 776 2219 casu.

160 2263 240 2294 Ibid.
262 2275 427 2304 quomque.-
453 2263 504 2294 adi
518 2264 559 2294 sis
574 2265 614 2295 vi.
633 2268 725 2296 1016.
750 2270 842 2306 atque

115 2314 227 2354 scripta
241 2313 281 2345 ad
295 2315 326 2346 ii.
344 2318 414 2346 720.

159 2366 241 2396 Ibid.
262 2377 411 2398 senescere
437 2370 552 2416 cgedas.
598 2367 696 2398 Hanc
719 2367 839 2398 formu-

117 2416 193 2456 lam,
223 2428 294 2457 quae
323 2418 425 2449 simile
453 2419 597 2449 miraculi
625 2419 786 2460 quiddam,
810 2425 841 2450 et

114 2478 243 2498 omnem
257 2467 352 2498 fidem
374 2479 620 2510 supergressum,
649 2470 724 2500 scite
745 2480 838 2500 cona-

114 2527 167 2551 tur
183 2531 339 2557 excusare,
362 2526 399 2551 ut
412 2522 509 2552 lector
536 2523 576 2553 sit
590 2523 749 2562 propitius,
767 2523 839 2552 Vir.

112 2572 208 2613 gilius
222 2573 351 2611 excepit,
368 2572 409 2603 ad
425 2574 498 2604 AEn.
514 2573 578 2604 viii.
594 2577 669 2605 691.

330 2668 392 2675 —
401 2655 497 2687 pelago
507 2655 593 2680 credas
605 2656 697 2681 innare
707 2657 825 2682 revolsas

143 2693 284 2724 cycladas,
294 2696 342 2718 aut
353 2695 452 2720 montis
463 2701 622 2720 concurrere
631 2695 755 2720 montibus
762 2696 838 2721 altos.-

113 2768 342 2807 Symplegadas,
373 2767 493 2807 opinor,
522 2768 667 2799 innuens.
719 2769 836 2800 Videas

111 2816 155 2847 ibi
171 2818 404 2848 Burmannum.
435 2819 489 2857 Et,
501 2819 554 2859 qui
564 2820 703 2860 sequitur
717 2819 752 2850 in
763 2831 834 2851 nos-

113 2872 172 2905 tro,
187 2877 294 2899 versus
309 2879 426 2909 magno
436 2875 622 2910 argumento
634 2875 687 2907 est,
701 2881 758 2901 nos
769 2881 839 2902 vere

114 2917 218 2949 locum
233 2929 338 2952 coram
360 2921 497 2960 positum
520 2922 659 2953 Lucretii
681 2922 720 2954 ad
741 2922 838 2963 ipsius

885 759 1026 785 mentem
1040 755 1251 792 constituisse;
1278 765 1378 796 quum
1400 767 1436 788 eo
1452 759 1491 788 sit
1506 765 1612 790 tenore

886 807 1047 846 sermonis,
1063 807 1117 849 qui
1147 807 1290 838 Maronis
1305 808 1512 840 imitationem
1528 812 1610 841 voci—

885 859 1017 889 feretur:

950 928 1008 951 Non
1020 933 1096 951 ruere
1109 926 1211 951 avolsos
1222 926 1306 952 silices
1317 933 1333 951 a
1344 927 1468 952 montibus
1478 929 1548 954 altis.-

887 992 960 1012 nam
977 982 1072 1013 modo
1087 989 1293 1022 praecesserat:

948 1050 1009 1074 Uni
1021 1056 1116 1075 omnes
1127 1057 1210 1080 ruere,
1220 1057 1251 1074 ac
1265 1054 1358 1074 totum
1370 1057 1534 1082 spumare-.

887 1115 975 1146 Artis
990 1121 1095 1145 tamen
1111 1115 1285 1154 principem
1301 1120 1433 1154 uterque
1448 1117 1613 1148 vatesimi-

888 1172 970 1197 tatus
984 1173 1038 1202 est,
1054 1167 1177 1196 divinos
1191 1175 1297 1196 versus
1311 1165 1346 1195 in
1362 1165 1401 1196 11.
1418 1173 1449 1197 0.
1461 1170 1533 1198 697.
1544 1179 1614 1207 pro-

888 1218 1088 1249 fundentem:

928 1296 1042 1321 ΦΑΙΗΣ
1054 1295 1089 1325 κ’,
1104 1305 1231 1329 amam-023
1244 1305 1292 1320 zm
1310 1304 1421 1330 ατεφεας
1433 1300 1577 1325 annium»

927 1343 1030 1371 Awer’
1044 1353 1064 1370 εν
1076 1348 1186 1378 §rozaz-q·
1204 1344 1236 1372 ὡς
1249 1353 1383 1377 εσσυμενως
1395 1353 1530 1378 §pazova-o.

889 1417 954 1449 Ubi
969 1418 1061 1457 plane
1076 1417 1278 1448 intolerabilis
1303 1423 1350 1447 est
1365 1418 1546 1456 Barnesius,
1567 1425 1612 1450 te.

888 1471 1014 1500 mei-iter
1028 1476 1059 1500 et
1074 1470 1286 1500 indoctissime
1309 1470 1507 1501 sanissimam
1532 1473 1614 1513 glos-

888 1531 956 1551 sam
978 1521 1161 1559 scholiastis,
1184 1527 1215 1551 et
1238 1521 1524 1562 exquisitissimam,
1547 1534 1614 1554 cor-

884 1581 1040 1611 rumpens.

927 1624 1002 1654 Ver.
1024 1626 1099 1652 514.
1130 1624 1259 1654 avolsos:
1287 1623 1384 1653 Vind.
1415 1624 1456 1654 V.
1489 1626 1536 1656 ed.
1568 1627 1610 1657 O.

885 1677 1002 1706 avulsos
1008 1690 1018 1711 ;
1047 1680 1083 1704 ut
1112 1674 1467 1707 recentiores—silices:
1495 1683 1538 1708 11.
1562 1689 1612 1709 sa-

884 1728 966 1757 lices.

930 1777 1010 1807 Ibid.
1033 1789 1120 1808 ruere
1142 1781 1256 1809 avolsos
1279 1782 1389 1816 silices,
1415 1782 1483 1812 Nec
1505 1784 1615 1813 tevi.—

887 1828 1032 1859 Maronis
1046 1839 1144 1864 musa,
1161 1829 1201 1859 ad
1218 1830 1293 1860 AEn.
1310 1830 1374 1860 viii.
1392 1834 1463 1861 255.

917 1901 1009 1926 Stabat
1020 1905 1100 1927 acuta
1111 1901 1186 1932 silex,
1199 1903 1344 1934 praeruptis
1355 1903 1474 1934 undique
1483 1904 1600 1928 saxis:—

917 1940 1044 1965 Avolsam
1055 1941 1134 1966 solvit
1145 1941 1316 1967 radicibus—.

892 2013 939 2044 Ut
952 2013 1038 2044 idem
1060 2024 1177 2054 rursus,
1200 2015 1274 2046 ibid.
1301 2015 1354 2046 xii.
1379 2019 1450 2047 684.
1472 2016 1506 2047 in
1529 2027 1615 2048 com-

887 2065 1048 2104 paratione
1064 2065 1153 2096 valde
1167 2066 1348 2106 magnifica,
1365 2076 1400 2096 ac
1412 2068 1511 2097 verbis
1521 2068 1616 2110 longe

887 2116 1107 2153 ornatissimis,
1122 2123 1154 2147 et
1167 2117 1367 2153 electissimis,
1384 2119 1547 2158 concepta:

915 2199 954 2223 Ac
963 2197 1048 2223 veluti
1056 2198 1146 2222 montis
1156 2204 1262 2228 saxum,
1274 2199 1308 2223 de
1318 2199 1420 2224 vertice
1430 2204 1552 2231 praeceps

917 2239 1010 2270 Quum
1020 2238 1083 2268 ruit,
1095 2238 1220 2263 avolsum
1235 2242 1330 2268 vento,
1341 2246 1386 2264 seu
1399 2239 1519 2263 turbidus
1527 2239 1615 2266 imber

915 2277 1027 2307 Proluit,
1037 2281 1085 2302 aut
1095 2277 1170 2302 annis
1181 2277 1271 2307 solvit,
1283 2278 1414 2307 subt-absa,
1425 2281 1585 2303 νεικείω-ῃ

928 2356 1002 2387 Ver.
1017 2360 1090 2388 515.
1116 2359 1202 2388 Nec:
1225 2357 1264 2387 Ο.
1285 2363 1326 2388 Π.
1343 2357 1501 2387 nom—Et
1511 2358 1617 2396 phrasi

878 2409 1018 2450 perferre
1031 2412 1160 2449 patique
1177 2419 1285 2448 parem
1313 2418 1407 2448 supra
1417 2408 1485 2448 jam
1504 2409 1615 2440 habui-

883 2471 963 2497 mus,
981 2460 1021 2490 ad
1036 2461 1070 2491 ii.
1089 2464 1162 2492 291.

926 2512 1002 2541 Ver.
1017 2515 1090 2542 517.
1116 2512 1223 2547 Quam
1245 2511 1346 2550 parcis
1360 2516 1391 2540 et
1410 2510 1614 2552 infrequenti-

882 2564 942 2593 bus
957 2563 1122 2593 doctorum
1132 2562 1279 2592 manibus
1290 2562 1455 2592 Lucretius
1466 2568 1614 2593 tractatus

883 2613 932 2649 sit,
951 2613 1094 2653 exemplo
1115 2619 1162 2643 est
1183 2614 1312 2643 verbum
1330 2614 1497 2652 pertolero;
1521 2614 1612 2654 cujus

883 2664 1011 2695 aliunde
1042 2674 1126 2700 saue,
1163 2674 1258 2704 quam
1292 2673 1330 2693 ex
1371 2664 1612 2704 Amphitryonis

886 2716 1027 2746 Plautini
1043 2715 1260 2755 supposititiis,
1283 2715 1369 2745 uude
1392 2715 1609 2746 confirmarent

885 2778 988 2804 usum,
1015 2768 1187 2798 lexicorum
1209 2767 1338 2806 opifices
1361 2767 1448 2798 haud
1469 2767 1611 2798 videntur

880 2820 1030 2850 habuisse.

926 2872 1001 2902 Ver.
1015 2874 1088 2902 318.
1103 2877 1271 2902 tormenta:
1289 2871 1309 2901 i.
1325 2881 1350 2901 e.
1366 2870 1503 2901 violenta
1518 2879 1607 2901 vexa-

881 2923 980 2963 mina‚
997 2927 1127 2962 βασανω,
1147 2923 1261 2964 quibus
1283 2928 1401 2955 tentata
1422 2923 1497 2962 sint,
1519 2928 1609 2963 atque
