<?xml version="1.0" encoding="UTF-8"?>
<!DOCTYPE html PUBLIC "-//W3C//DTD XHTML 1.0 Transitional//EN"
    "http://www.w3.org/TR/xhtml1/DTD/xhtml1-transitional.dtd">
<html xmlns="http://www.w3.org/1999/xhtml" xml:lang="en" lang="en">
 <head>
  <title>
</title>
<meta http-equiv="Content-Type" content="text/html;charset=utf-8" />
  <meta name='ocr-system' content='tesseract 3.04.00' />
  <meta name='ocr-capabilities' content='ocr_page ocr_carea ocr_par ocr_line ocrx_word'/>
</head>
<body>
  <div class='ocr_page' id='page_1' title='image "./tlucretiicarider03lucruoft_0140.png"; bbox 0 0 1926 3224; ppageno 0'>
   <div class='ocr_carea' id='block_1_1' title="bbox 299 228 391 268">
    <p class='ocr_par' dir='ltr' id='par_1_1' title="bbox 299 228 391 268">
     <span class='ocr_line' id='line_1_1' title="bbox 299 228 391 268; baseline 0.022 -2"><span class='ocrx_word' id='word_1_1' title='bbox 299 228 391 268; x_wconf 80' lang='lat'>120</span> 
     </span>
    </p>
   </div>
   <div class='ocr_carea' id='block_1_2' title="bbox 789 223 1286 273">
    <p class='ocr_par' dir='ltr' id='par_1_2' title="bbox 789 223 1286 273">
     <span class='ocr_line' id='line_1_2' title="bbox 789 223 1286 273; baseline 0.006 -3"><span class='ocrx_word' id='word_1_2' title='bbox 789 223 848 271; x_wconf 90' lang='lat' dir='ltr'>T.</span> <span class='ocrx_word' id='word_1_3' title='bbox 907 223 1286 273; x_wconf 86' lang='lat' dir='ltr'>LUCRETII</span> 
     </span>
    </p>
   </div>
   <div class='ocr_carea' id='block_1_3' title="bbox 322 350 1479 553">
    <p class='ocr_par' dir='ltr' id='par_1_3' title="bbox 322 350 1479 553">
     <span class='ocr_line' id='line_1_3' title="bbox 322 350 1352 408; baseline 0.003 -16"><span class='ocrx_word' id='word_1_4' title='bbox 322 355 408 393; x_wconf 90' lang='lat'>690</span> <span class='ocrx_word' id='word_1_5' title='bbox 437 351 614 407; x_wconf 87' lang='lat' dir='ltr'>Propter</span> <span class='ocrx_word' id='word_1_6' title='bbox 632 350 813 408; x_wconf 85' lang='lat' dir='ltr'>signiferi</span> <span class='ocrx_word' id='word_1_7' title='bbox 832 352 1059 406; x_wconf 86' lang='lat' dir='ltr'><strong>posituram</strong></span> <span class='ocrx_word' id='word_1_8' title='bbox 1083 353 1207 394; x_wconf 88' lang='lat' dir='ltr'>totius</span> <span class='ocrx_word' id='word_1_9' title='bbox 1226 354 1352 404; x_wconf 85' lang='lat' dir='ltr'>orbis,</span> 
     </span>
     <span class='ocr_line' id='line_1_4' title="bbox 436 424 1479 483; baseline 0.003 -17"><span class='ocrx_word' id='word_1_10' title='bbox 436 426 592 466; x_wconf 85' lang='lat' dir='ltr'>Annua</span> <span class='ocrx_word' id='word_1_11' title='bbox 612 424 671 465; x_wconf 92' lang='lat' dir='ltr'>sol</span> <span class='ocrx_word' id='word_1_12' title='bbox 691 424 735 465; x_wconf 88' lang='lat' dir='ltr'>in</span> <span class='ocrx_word' id='word_1_13' title='bbox 755 439 837 480; x_wconf 92' lang='lat' dir='ltr'>quo</span> <span class='ocrx_word' id='word_1_14' title='bbox 858 425 1076 467; x_wconf 88' lang='lat' dir='ltr'>contundit</span> <span class='ocrx_word' id='word_1_15' title='bbox 1094 434 1281 482; x_wconf 84' lang='lat' dir='ltr'>tempora</span> <span class='ocrx_word' id='word_1_16' title='bbox 1300 442 1479 483; x_wconf 89' lang='lat' dir='ltr'>serpens,</span> 
     </span>
     <span class='ocr_line' id='line_1_5' title="bbox 439 497 1417 553; baseline 0.004 -15"><span class='ocrx_word' id='word_1_17' title='bbox 439 497 620 553; x_wconf 93' lang='lat' dir='ltr'>Obliquo</span> <span class='ocrx_word' id='word_1_18' title='bbox 641 506 784 548; x_wconf 85' lang='lat' dir='ltr'>terraS,</span> <span class='ocrx_word' id='word_1_19' title='bbox 806 505 847 539; x_wconf 87' lang='lat' dir='ltr'>et</span> <span class='ocrx_word' id='word_1_20' title='bbox 867 499 1030 550; x_wconf 84' lang='lat' dir='ltr'>coelum,</span> <span class='ocrx_word' id='word_1_21' title='bbox 1051 499 1206 541; x_wconf 90' lang='lat' dir='ltr'>lumine</span> <span class='ocrx_word' id='word_1_22' title='bbox 1224 500 1417 551; x_wconf 83' lang='lat' dir='ltr'>lustrans;</span> 
     </span>
    </p>
   </div>
   <div class='ocr_carea' id='block_1_4' title="bbox 439 571 1312 629">
    <p class='ocr_par' dir='ltr' id='par_1_4' title="bbox 439 571 1312 629">
     <span class='ocr_line' id='line_1_6' title="bbox 439 571 1312 629; baseline 0.003 -17"><span class='ocrx_word' id='word_1_23' title='bbox 439 571 501 613; x_wconf 92' lang='lat' dir='ltr'>Ut</span> <span class='ocrx_word' id='word_1_24' title='bbox 520 572 626 613; x_wconf 83' lang='lat' dir='ltr'>ratio</span> <span class='ocrx_word' id='word_1_25' title='bbox 645 572 824 613; x_wconf 87' lang='lat' dir='ltr'>declarat</span> <span class='ocrx_word' id='word_1_26' title='bbox 844 588 1002 624; x_wconf 89' lang='lat' dir='ltr'>eorum,</span> <span class='ocrx_word' id='word_1_27' title='bbox 1023 575 1094 629; x_wconf 93' lang='lat' dir='ltr'>qui</span> <span class='ocrx_word' id='word_1_28' title='bbox 1113 574 1203 615; x_wconf 88' lang='lat' dir='ltr'>loca</span> <span class='ocrx_word' id='word_1_29' title='bbox 1221 575 1312 615; x_wconf 90' lang='lat' dir='ltr'>coeli</span> 
     </span>
    </p>
   </div>
   <div class='ocr_carea' id='block_1_5' title="bbox 327 644 1456 853">
    <p class='ocr_par' dir='ltr' id='par_1_5' title="bbox 327 644 1456 853">
     <span class='ocr_line' id='line_1_7' title="bbox 439 644 1391 704; baseline 0.004 -18"><span class='ocrx_word' id='word_1_30' title='bbox 439 644 609 696; x_wconf 89' lang='lat' dir='ltr'>Omnia,</span> <span class='ocrx_word' id='word_1_31' title='bbox 629 645 831 701; x_wconf 83' lang='lat' dir='ltr'>dispositis</span> <span class='ocrx_word' id='word_1_32' title='bbox 851 648 976 704; x_wconf 85' lang='lat' dir='ltr'>signis</span> <span class='ocrx_word' id='word_1_33' title='bbox 997 657 1156 699; x_wconf 84' lang='lat' dir='ltr'>ornata,</span> <span class='ocrx_word' id='word_1_34' title='bbox 1177 651 1391 701; x_wconf 83' lang='lat' dir='ltr'>notarunt)</span> 
     </span>
     <span class='ocr_line' id='line_1_8' title="bbox 327 719 1437 777; baseline 0.005 -18"><span class='ocrx_word' id='word_1_35' title='bbox 327 723 408 760; x_wconf 90' lang='lat'>695</span> <span class='ocrx_word' id='word_1_36' title='bbox 441 719 543 768; x_wconf 86' lang='lat' dir='ltr'>Aut,</span> <span class='ocrx_word' id='word_1_37' title='bbox 565 719 660 774; x_wconf 85' lang='lat' dir='ltr'>quia</span> <span class='ocrx_word' id='word_1_38' title='bbox 680 720 850 760; x_wconf 78' lang='lat' dir='ltr'>crassior</span> <span class='ocrx_word' id='word_1_39' title='bbox 870 728 930 761; x_wconf 89' lang='lat' dir='ltr'>est</span> <span class='ocrx_word' id='word_1_40' title='bbox 949 722 1068 762; x_wconf 91' lang='lat' dir='ltr'>certis</span> <span class='ocrx_word' id='word_1_41' title='bbox 1087 723 1130 762; x_wconf 90' lang='lat' dir='ltr'>in</span> <span class='ocrx_word' id='word_1_42' title='bbox 1149 722 1332 777; x_wconf 84' lang='lat' dir='ltr'>partibus</span> <span class='ocrx_word' id='word_1_43' title='bbox 1352 724 1437 772; x_wconf 72' lang='lat' dir='ltr'>aer,</span> 
     </span>
     <span class='ocr_line' id='line_1_9' title="bbox 440 791 1456 853; baseline 0.002 -19"><span class='ocrx_word' id='word_1_44' title='bbox 440 791 526 834; x_wconf 91' lang='lat' dir='ltr'>Sub</span> <span class='ocrx_word' id='word_1_45' title='bbox 543 792 660 833; x_wconf 84' lang='lat' dir='ltr'>terris</span> <span class='ocrx_word' id='word_1_46' title='bbox 685 791 778 832; x_wconf 90' lang='lat' dir='ltr'>ideo</span> <span class='ocrx_word' id='word_1_47' title='bbox 798 793 1016 835; x_wconf 85' lang='lat' dir='ltr'>tremulum</span> <span class='ocrx_word' id='word_1_48' title='bbox 1030 795 1153 849; x_wconf 88' lang='lat' dir='ltr'>jubar</span> <span class='ocrx_word' id='word_1_49' title='bbox 1172 794 1334 837; x_wconf 84' lang='lat' dir='ltr'>haesitat</span> <span class='ocrx_word' id='word_1_50' title='bbox 1352 796 1456 853; x_wconf 87' lang='lat' dir='ltr'>igni,</span> 
     </span>
    </p>
   </div>
   <div class='ocr_carea' id='block_1_6' title="bbox 294 961 1017 1149">
    <p class='ocr_par' dir='ltr' id='par_1_6' title="bbox 294 961 1017 1149">
     <span class='ocr_line' id='line_1_10' title="bbox 294 961 1015 1004; baseline 0.008 -13"><span class='ocrx_word' id='word_1_51' title='bbox 294 961 368 992; x_wconf 87' lang='lat' dir='ltr'>boni</span> <span class='ocrx_word' id='word_1_52' title='bbox 382 962 439 992; x_wconf 86' lang='lat' dir='ltr'>viri</span> <span class='ocrx_word' id='word_1_53' title='bbox 455 962 545 992; x_wconf 87' lang='lat' dir='ltr'>nobis</span> <span class='ocrx_word' id='word_1_54' title='bbox 554 962 738 994; x_wconf 77' lang='lat' dir='ltr'>Lucretium</span> <span class='ocrx_word' id='word_1_55' title='bbox 747 965 949 1004; x_wconf 84' lang='lat' dir='ltr'>propinavere</span> <span class='ocrx_word' id='word_1_56' title='bbox 960 976 1015 996; x_wconf 58' lang='lat' dir='ltr'>na»-</span> 
     </span>
     <span class='ocr_line' id='line_1_11' title="bbox 294 1014 1017 1048; baseline 0.008 -5"><span class='ocrx_word' id='word_1_57' title='bbox 294 1014 366 1044; x_wconf 78' lang='lat' dir='ltr'>tivis</span> <span class='ocrx_word' id='word_1_58' title='bbox 403 1014 590 1045; x_wconf 81' lang='lat' dir='ltr'>dictionibus</span> <span class='ocrx_word' id='word_1_59' title='bbox 619 1015 852 1048; x_wconf 86' lang='lat' dir='ltr'>emedullatum.</span> <span class='ocrx_word' id='word_1_60' title='bbox 897 1018 1017 1048; x_wconf 86' lang='lat' dir='ltr'><strong>Tacent</strong></span> 
     </span>
     <span class='ocr_line' id='line_1_12' title="bbox 294 1065 1017 1110; baseline 0.008 -16"><span class='ocrx_word' id='word_1_61' title='bbox 294 1065 432 1103; x_wconf 81' lang='lat' dir='ltr'>profecto</span> <span class='ocrx_word' id='word_1_62' title='bbox 448 1065 608 1095; x_wconf 78' lang='lat' dir='ltr'>collatores</span> <span class='ocrx_word' id='word_1_63' title='bbox 622 1065 661 1097; x_wconf 84' lang='lat' dir='ltr'>de</span> <span class='ocrx_word' id='word_1_64' title='bbox 681 1067 849 1106; x_wconf 84' lang='lat' dir='ltr'>exemplari</span> <span class='ocrx_word' id='word_1_65' title='bbox 873 1069 910 1099; x_wconf 92' lang='lat' dir='ltr'>B.</span> <span class='ocrx_word' id='word_1_66' title='bbox 933 1069 1017 1110; x_wconf 89' lang='lat' dir='ltr'>quod</span> 
     </span>
     <span class='ocr_line' id='line_1_13' title="bbox 295 1115 838 1149; baseline 0.007 -4"><span class='ocrx_word' id='word_1_67' title='bbox 295 1115 448 1146; x_wconf 86' lang='lat' dir='ltr'>incuriose</span> <span class='ocrx_word' id='word_1_68' title='bbox 463 1115 558 1146; x_wconf 88' lang='lat' dir='ltr'>nimis</span> <span class='ocrx_word' id='word_1_69' title='bbox 573 1116 775 1148; x_wconf 81' lang='lat' dir='ltr'>eventilatum</span> <span class='ocrx_word' id='word_1_70' title='bbox 785 1124 838 1149; x_wconf 89' lang='lat' dir='ltr'>est.</span> 
     </span>
    </p>
   </div>
   <div class='ocr_carea' id='block_1_7' title="bbox 295 1175 1016 1420">
    <p class='ocr_par' dir='ltr' id='par_1_7' title="bbox 295 1175 1016 1420">
     <span class='ocr_line' id='line_1_14' title="bbox 337 1175 1016 1215; baseline 0.009 -11"><span class='ocrx_word' id='word_1_71' title='bbox 337 1175 414 1205; x_wconf 86' lang='lat' dir='ltr'>Ver.</span> <span class='ocrx_word' id='word_1_72' title='bbox 436 1179 509 1207; x_wconf 85' lang='lat'>687.</span> <span class='ocrx_word' id='word_1_73' title='bbox 533 1177 660 1207; x_wconf 84' lang='lat' dir='ltr'>Nodus:</span> <span class='ocrx_word' id='word_1_74' title='bbox 687 1178 724 1208; x_wconf 92' lang='lat' dir='ltr'>P.</span> <span class='ocrx_word' id='word_1_75' title='bbox 750 1180 866 1215; x_wconf 84' lang='lat' dir='ltr'>Almis;</span> <span class='ocrx_word' id='word_1_76' title='bbox 902 1179 940 1209; x_wconf 94' lang='lat' dir='ltr'>V.</span> <span class='ocrx_word' id='word_1_77' title='bbox 968 1179 1016 1210; x_wconf 92' lang='lat' dir='ltr'>ed.</span> 
     </span>
     <span class='ocr_line' id='line_1_15' title="bbox 297 1226 1016 1268; baseline 0.007 -12"><span class='ocrx_word' id='word_1_78' title='bbox 297 1226 338 1256; x_wconf 90' lang='lat' dir='ltr'>B.</span> <span class='ocrx_word' id='word_1_79' title='bbox 364 1228 479 1258; x_wconf 87' lang='lat' dir='ltr'>Malus</span> <span class='ocrx_word' id='word_1_80' title='bbox 484 1243 494 1263; x_wconf 89' lang='lat'><em>;</em></span> <span class='ocrx_word' id='word_1_81' title='bbox 519 1238 589 1268; x_wconf 82' lang='lat' dir='ltr'>quae</span> <span class='ocrx_word' id='word_1_82' title='bbox 603 1228 678 1268; x_wconf 91' lang='lat' dir='ltr'>quid</span> <span class='ocrx_word' id='word_1_83' title='bbox 693 1229 751 1259; x_wconf 85' lang='lat' dir='ltr'>sibi</span> <span class='ocrx_word' id='word_1_84' title='bbox 766 1230 872 1268; x_wconf 84' lang='lat' dir='ltr'>velint,</span> <span class='ocrx_word' id='word_1_85' title='bbox 889 1241 953 1261; x_wconf 90' lang='lat' dir='ltr'>non</span> <span class='ocrx_word' id='word_1_86' title='bbox 969 1231 1016 1260; x_wconf 92' lang='lat' dir='ltr'>in-</span> 
     </span>
     <span class='ocr_line' id='line_1_16' title="bbox 295 1276 1016 1321; baseline 0.008 -15"><span class='ocrx_word' id='word_1_87' title='bbox 295 1276 417 1317; x_wconf 87' lang='lat' dir='ltr'>telligo;</span> <span class='ocrx_word' id='word_1_88' title='bbox 444 1278 504 1308; x_wconf 89' lang='lat' dir='ltr'>nisi</span> <span class='ocrx_word' id='word_1_89' title='bbox 533 1278 661 1309; x_wconf 67' lang='lat' dir='ltr'>fortaese</span> <span class='ocrx_word' id='word_1_90' title='bbox 692 1281 808 1318; x_wconf 77' lang='lat' dir='ltr'>Limes,</span> <span class='ocrx_word' id='word_1_91' title='bbox 835 1291 871 1310; x_wconf 82' lang='lat' dir='ltr'>ex</span> <span class='ocrx_word' id='word_1_92' title='bbox 901 1281 1016 1321; x_wconf 86' lang='lat' dir='ltr'>glosse-</span> 
     </span>
     <span class='ocr_line' id='line_1_17' title="bbox 295 1329 1016 1370; baseline 0.007 -13"><span class='ocrx_word' id='word_1_93' title='bbox 295 1333 584 1369; x_wconf 71' lang='lat' dir='ltr'>mate.-—exaequat.·</span> <span class='ocrx_word' id='word_1_94' title='bbox 621 1329 656 1359; x_wconf 89' lang='lat' dir='ltr'>P.</span> <span class='ocrx_word' id='word_1_95' title='bbox 687 1337 864 1370; x_wconf 72' lang='lat' dir='ltr'>eraequant;</span> <span class='ocrx_word' id='word_1_96' title='bbox 906 1332 952 1361; x_wconf 87' lang='lat' dir='ltr'>M.</span> <span class='ocrx_word' id='word_1_97' title='bbox 988 1338 1016 1362; x_wconf 85' lang='lat' dir='ltr'>et</span> 
     </span>
     <span class='ocr_line' id='line_1_18' title="bbox 296 1387 407 1420; baseline 0.018 -11"><span class='ocrx_word' id='word_1_98' title='bbox 296 1387 407 1420; x_wconf 82' lang='lat' dir='ltr'>aequat.</span> 
     </span>
    </p>
   </div>
   <div class='ocr_carea' id='block_1_8' title="bbox 294 1440 1018 1792">
    <p class='ocr_par' dir='ltr' id='par_1_8' title="bbox 294 1440 1017 1628">
     <span class='ocr_line' id='line_1_19' title="bbox 340 1440 1017 1481; baseline 0.003 -11"><span class='ocrx_word' id='word_1_99' title='bbox 340 1440 419 1470; x_wconf 89' lang='lat' dir='ltr'>Ibid.</span> <span class='ocrx_word' id='word_1_100' title='bbox 446 1443 563 1472; x_wconf 63' lang='lat' dir='ltr'>Abdus.</span> <span class='ocrx_word' id='word_1_101' title='bbox 609 1441 781 1481; x_wconf 82' lang='lat' dir='ltr'>Egregiam</span> <span class='ocrx_word' id='word_1_102' title='bbox 802 1441 940 1480; x_wconf 81' lang='lat' dir='ltr'>profecto</span> <span class='ocrx_word' id='word_1_103' title='bbox 961 1453 1017 1472; x_wconf 89' lang='lat' dir='ltr'>na-</span> 
     </span>
     <span class='ocr_line' id='line_1_20' title="bbox 294 1491 1017 1530; baseline 0.004 -10"><span class='ocrx_word' id='word_1_104' title='bbox 294 1491 376 1521; x_wconf 86' lang='lat' dir='ltr'>vabit</span> <span class='ocrx_word' id='word_1_105' title='bbox 392 1502 518 1530; x_wconf 83' lang='lat' dir='ltr'>operam</span> <span class='ocrx_word' id='word_1_106' title='bbox 533 1498 638 1522; x_wconf 84' lang='lat' dir='ltr'>nostro</span> <span class='ocrx_word' id='word_1_107' title='bbox 662 1492 808 1522; x_wconf 90' lang='lat' dir='ltr'>Lucretio</span> <span class='ocrx_word' id='word_1_108' title='bbox 830 1492 917 1523; x_wconf 88' lang='lat' dir='ltr'>locus</span> <span class='ocrx_word' id='word_1_109' title='bbox 945 1493 1017 1523; x_wconf 88' lang='lat' dir='ltr'>Ma-</span> 
     </span>
     <span class='ocr_line' id='line_1_21' title="bbox 294 1541 1016 1582; baseline 0.006 -12"><span class='ocrx_word' id='word_1_110' title='bbox 294 1541 370 1576; x_wconf 91' lang='lat' dir='ltr'>nilii,</span> <span class='ocrx_word' id='word_1_111' title='bbox 387 1542 440 1581; x_wconf 91' lang='lat' dir='ltr'>qui</span> <span class='ocrx_word' id='word_1_112' title='bbox 456 1552 526 1572; x_wconf 91' lang='lat' dir='ltr'>suas</span> <span class='ocrx_word' id='word_1_113' title='bbox 538 1543 678 1573; x_wconf 84' lang='lat' dir='ltr'>Veneres</span> <span class='ocrx_word' id='word_1_114' title='bbox 692 1544 765 1573; x_wconf 92' lang='lat' dir='ltr'>hinc</span> <span class='ocrx_word' id='word_1_115' title='bbox 776 1543 890 1582; x_wconf 84' lang='lat' dir='ltr'>partim</span> <span class='ocrx_word' id='word_1_116' title='bbox 901 1543 1016 1574; x_wconf 87' lang='lat' dir='ltr'>deliba-</span> 
     </span>
     <span class='ocr_line' id='line_1_22' title="bbox 294 1592 491 1628; baseline 0.01 -7"><span class='ocrx_word' id='word_1_117' title='bbox 294 1592 346 1628; x_wconf 84' lang='lat' dir='ltr'>vit,</span> <span class='ocrx_word' id='word_1_118' title='bbox 361 1593 403 1622; x_wconf 86' lang='lat' dir='ltr'>iii.</span> <span class='ocrx_word' id='word_1_119' title='bbox 420 1596 491 1624; x_wconf 76' lang='lat'>614.</span> 
     </span>
    </p>

    <p class='ocr_par' dir='ltr' id='par_1_9' title="bbox 324 1680 1018 1792">
     <span class='ocr_line' id='line_1_23' title="bbox 324 1680 1018 1712; baseline 0.001 -7"><span class='ocrx_word' id='word_1_120' title='bbox 324 1680 373 1705; x_wconf 85' lang='lat' dir='ltr'>Sed</span> <span class='ocrx_word' id='word_1_121' title='bbox 383 1683 475 1706; x_wconf 89' lang='lat' dir='ltr'>tamen</span> <span class='ocrx_word' id='word_1_122' title='bbox 484 1681 510 1705; x_wconf 90' lang='lat' dir='ltr'>in</span> <span class='ocrx_word' id='word_1_123' title='bbox 523 1681 614 1712; x_wconf 80' lang='lat' dir='ltr'>primis</span> <span class='ocrx_word' id='word_1_124' title='bbox 623 1682 738 1707; x_wconf 83' lang='lat' dir='ltr'>memori</span> <span class='ocrx_word' id='word_1_125' title='bbox 748 1686 811 1707; x_wconf 87' lang='lat' dir='ltr'>sunt</span> <span class='ocrx_word' id='word_1_126' title='bbox 823 1687 916 1708; x_wconf 89' lang='lat' dir='ltr'>mente</span> <span class='ocrx_word' id='word_1_127' title='bbox 924 1685 1018 1707; x_wconf 88' lang='lat' dir='ltr'>notan-</span> 
     </span>
     <span class='ocr_line' id='line_1_24' title="bbox 324 1721 978 1792; baseline 0.003 -9"><span class='ocrx_word' id='word_1_128' title='bbox 324 1721 569 1784; x_wconf 60' lang='lat' dir='ltr'>Partibiisa’adveisis</span> <span class='ocrx_word' id='word_1_129' title='bbox 578 1766 639 1791; x_wconf 80' lang='lat' dir='ltr'>qua:</span> <span class='ocrx_word' id='word_1_130' title='bbox 651 1763 764 1791; x_wconf 83' lang='lat' dir='ltr'>surgunt</span> <span class='ocrx_word' id='word_1_131' title='bbox 776 1761 886 1785; x_wconf 83' lang='lat' dir='ltr'>condita</span> <span class='ocrx_word' id='word_1_132' title='bbox 893 1761 978 1792; x_wconf 82' lang='lat' dir='ltr'>signa,</span> 
     </span>
    </p>
   </div>
   <div class='ocr_carea' id='block_1_9' title="bbox 325 1798 945 1830">
    <p class='ocr_par' dir='ltr' id='par_1_10' title="bbox 325 1798 945 1830">
     <span class='ocr_line' id='line_1_25' title="bbox 325 1798 945 1830; baseline 0.002 -8"><span class='ocrx_word' id='word_1_133' title='bbox 325 1798 505 1829; x_wconf 78' lang='lat' dir='ltr'>Divimmque</span> <span class='ocrx_word' id='word_1_134' title='bbox 513 1802 602 1822; x_wconf 80' lang='lat' dir='ltr'>tenen!</span> <span class='ocrx_word' id='word_1_135' title='bbox 613 1805 683 1830; x_wconf 73' lang='lat' dir='ltr'>equo</span> <span class='ocrx_word' id='word_1_136' title='bbox 694 1798 837 1823; x_wconf 77' lang='lat' dir='ltr'>discrimine</span> <span class='ocrx_word' id='word_1_137' title='bbox 844 1799 945 1827; x_wconf 81' lang='lat' dir='ltr'>caelum;</span> 
     </span>
    </p>
   </div>
   <div class='ocr_carea' id='block_1_10' title="bbox 324 1837 1019 1948">
    <p class='ocr_par' dir='ltr' id='par_1_11' title="bbox 324 1837 1019 1948">
     <span class='ocr_line' id='line_1_26' title="bbox 324 1837 1019 1869; baseline 0.003 -9"><span class='ocrx_word' id='word_1_138' title='bbox 324 1837 394 1867; x_wconf 68' lang='lat' dir='ltr'>Quat</span> <span class='ocrx_word' id='word_1_139' title='bbox 412 1837 520 1868; x_wconf 82' lang='lat' dir='ltr'>tropica</span> <span class='ocrx_word' id='word_1_140' title='bbox 537 1837 684 1868; x_wconf 81' lang='lat' dir='ltr'>appellant,</span> <span class='ocrx_word' id='word_1_141' title='bbox 700 1838 772 1868; x_wconf 88' lang='lat' dir='ltr'>quod</span> <span class='ocrx_word' id='word_1_142' title='bbox 791 1838 818 1861; x_wconf 92' lang='lat' dir='ltr'>in</span> <span class='ocrx_word' id='word_1_143' title='bbox 835 1838 883 1862; x_wconf 84' lang='lat' dir='ltr'>illis</span> <span class='ocrx_word' id='word_1_144' title='bbox 903 1842 1019 1869; x_wconf 89' lang='lat' dir='ltr'>quatuor</span> 
     </span>
     <span class='ocr_line' id='line_1_27' title="bbox 417 1882 481 1899; baseline 0 0"><span class='ocrx_word' id='word_1_145' title='bbox 417 1882 481 1899; x_wconf 89' lang='lat' dir='ltr'>anm</span> 
     </span>
     <span class='ocr_line' id='line_1_28' title="bbox 324 1916 1017 1948; baseline 0.003 -9"><span class='ocrx_word' id='word_1_146' title='bbox 324 1916 462 1946; x_wconf 83' lang='lat' dir='ltr'>Tempora</span> <span class='ocrx_word' id='word_1_147' title='bbox 475 1918 620 1940; x_wconf 80' lang='lat' dir='ltr'>vertuntur</span> <span class='ocrx_word' id='word_1_148' title='bbox 630 1916 720 1948; x_wconf 85' lang='lat' dir='ltr'>siguis,</span> <span class='ocrx_word' id='word_1_149' title='bbox 732 1916 861 1947; x_wconf 82' lang='lat' dir='ltr'>nodosque</span> <span class='ocrx_word' id='word_1_150' title='bbox 872 1917 1017 1942; x_wconf 86' lang='lat' dir='ltr'>resolvunt.</span> 
     </span>
    </p>
   </div>
   <div class='ocr_carea' id='block_1_11' title="bbox 297 1994 1019 2128">
    <p class='ocr_par' dir='ltr' id='par_1_12' title="bbox 297 1994 1019 2128">
     <span class='ocr_line' id='line_1_29' title="bbox 339 1994 1019 2036; baseline 0.003 -11"><span class='ocrx_word' id='word_1_151' title='bbox 339 1994 419 2025; x_wconf 89' lang='lat' dir='ltr'>Ibid.</span> <span class='ocrx_word' id='word_1_152' title='bbox 437 2002 602 2026; x_wconf 80' lang='lat' dir='ltr'>nocturnas</span> <span class='ocrx_word' id='word_1_153' title='bbox 615 2003 750 2036; x_wconf 77' lang='lat' dir='ltr'>eraequat</span> <span class='ocrx_word' id='word_1_154' title='bbox 761 1998 878 2028; x_wconf 80' lang='lat' dir='ltr'>lucibus</span> <span class='ocrx_word' id='word_1_155' title='bbox 890 1999 1019 2028; x_wconf 81' lang='lat' dir='ltr'>umbras.</span> 
     </span>
     <span class='ocr_line' id='line_1_30' title="bbox 297 2046 1018 2086; baseline 0.006 -12"><span class='ocrx_word' id='word_1_156' title='bbox 297 2046 371 2075; x_wconf 86' lang='lat' dir='ltr'>Non</span> <span class='ocrx_word' id='word_1_157' title='bbox 398 2046 501 2076; x_wconf 86' lang='lat' dir='ltr'>multo</span> <span class='ocrx_word' id='word_1_158' title='bbox 530 2046 619 2076; x_wconf 83' lang='lat' dir='ltr'>aliter</span> <span class='ocrx_word' id='word_1_159' title='bbox 652 2057 756 2077; x_wconf 88' lang='lat' dir='ltr'>rerum</span> <span class='ocrx_word' id='word_1_160' title='bbox 789 2047 1018 2086; x_wconf 83' lang='lat' dir='ltr'>disertissimus,</span> 
     </span>
     <span class='ocr_line' id='line_1_31' title="bbox 297 2098 550 2128; baseline 0.004 -2"><span class='ocrx_word' id='word_1_161' title='bbox 297 2098 386 2127; x_wconf 73' lang='lat' dir='ltr'>Arat.</span> <span class='ocrx_word' id='word_1_162' title='bbox 402 2107 462 2127; x_wconf 83' lang='lat' dir='ltr'>ver.</span> <span class='ocrx_word' id='word_1_163' title='bbox 478 2100 550 2128; x_wconf 82' lang='lat'>553.</span> 
     </span>
    </p>
   </div>
   <div class='ocr_carea' id='block_1_12' title="bbox 295 2178 1020 2251">
    <p class='ocr_par' dir='ltr' id='par_1_13' title="bbox 295 2178 1020 2251">
     <span class='ocr_line' id='line_1_32' title="bbox 295 2178 1020 2210; baseline 0.007 -9"><span class='ocrx_word' id='word_1_164' title='bbox 295 2179 325 2201; x_wconf 86' lang='lat' dir='ltr'>ln</span> <span class='ocrx_word' id='word_1_165' title='bbox 337 2185 390 2208; x_wconf 88' lang='lat' dir='ltr'>quo</span> <span class='ocrx_word' id='word_1_166' title='bbox 402 2178 567 2203; x_wconf 82' lang='lat' dir='ltr'>auctumnali</span> <span class='ocrx_word' id='word_1_167' title='bbox 577 2182 659 2210; x_wconf 80' lang='lat' dir='ltr'>atque</span> <span class='ocrx_word' id='word_1_168' title='bbox 668 2180 767 2204; x_wconf 84' lang='lat' dir='ltr'>iterum</span> <span class='ocrx_word' id='word_1_169' title='bbox 778 2180 815 2204; x_wconf 85' lang='lat' dir='ltr'>sol</span> <span class='ocrx_word' id='word_1_170' title='bbox 828 2180 929 2206; x_wconf 79' lang='lat' dir='ltr'>lumine</span> <span class='ocrx_word' id='word_1_171' title='bbox 936 2187 1020 2206; x_wconf 86' lang='lat' dir='ltr'>verno</span> 
     </span>
     <span class='ocr_line' id='line_1_33' title="bbox 295 2218 932 2251; baseline 0.006 -11"><span class='ocrx_word' id='word_1_172' title='bbox 295 2219 422 2249; x_wconf 70' lang='lat' dir='ltr'>Exequat</span> <span class='ocrx_word' id='word_1_173' title='bbox 433 2218 548 2249; x_wconf 81' lang='lat' dir='ltr'>spatium</span> <span class='ocrx_word' id='word_1_174' title='bbox 559 2218 622 2242; x_wconf 74' lang='lat' dir='ltr'>lucis</span> <span class='ocrx_word' id='word_1_175' title='bbox 633 2225 697 2243; x_wconf 89' lang='lat' dir='ltr'>cum</span> <span class='ocrx_word' id='word_1_176' title='bbox 712 2224 835 2251; x_wconf 86' lang='lat' dir='ltr'>tempore</span> <span class='ocrx_word' id='word_1_177' title='bbox 846 2220 932 2244; x_wconf 77' lang='lat' dir='ltr'>noctis.</span> 
     </span>
    </p>
   </div>
   <div class='ocr_carea' id='block_1_13' title="bbox 294 2297 1022 2491">
    <p class='ocr_par' dir='ltr' id='par_1_14' title="bbox 294 2297 1022 2491">
     <span class='ocr_line' id='line_1_34' title="bbox 339 2297 1021 2331; baseline 0.007 -5"><span class='ocrx_word' id='word_1_178' title='bbox 339 2297 412 2328; x_wconf 87' lang='lat' dir='ltr'>Ver.</span> <span class='ocrx_word' id='word_1_179' title='bbox 431 2301 502 2328; x_wconf 87' lang='lat'>688.</span> <span class='ocrx_word' id='word_1_180' title='bbox 528 2298 726 2329; x_wconf 87' lang='lat' dir='ltr'>Constructio</span> <span class='ocrx_word' id='word_1_181' title='bbox 741 2305 799 2330; x_wconf 86' lang='lat' dir='ltr'>est:</span> <span class='ocrx_word' id='word_1_182' title='bbox 828 2303 850 2318; x_wconf 91' lang='lat'><strong>“</strong></span> <span class='ocrx_word' id='word_1_183' title='bbox 865 2300 949 2331; x_wconf 89' lang='lat' dir='ltr'>Nam</span> <span class='ocrx_word' id='word_1_184' title='bbox 960 2311 1021 2331; x_wconf 85' lang='lat' dir='ltr'>coe-</span> 
     </span>
     <span class='ocr_line' id='line_1_35' title="bbox 294 2348 1022 2390; baseline 0.005 -12"><span class='ocrx_word' id='word_1_185' title='bbox 294 2351 317 2366; x_wconf 89' lang='lat'>“</span> <span class='ocrx_word' id='word_1_186' title='bbox 334 2348 403 2378; x_wconf 88' lang='lat' dir='ltr'>lum</span> <span class='ocrx_word' id='word_1_187' title='bbox 426 2349 466 2379; x_wconf 87' lang='lat' dir='ltr'>ad</span> <span class='ocrx_word' id='word_1_188' title='bbox 491 2350 626 2390; x_wconf 87' lang='lat' dir='ltr'>aequales</span> <span class='ocrx_word' id='word_1_189' title='bbox 648 2350 823 2389; x_wconf 84' lang='lat' dir='ltr'>distantias,</span> <span class='ocrx_word' id='word_1_190' title='bbox 854 2352 887 2381; x_wconf 92' lang='lat' dir='ltr'>in</span> <span class='ocrx_word' id='word_1_191' title='bbox 916 2352 1022 2382; x_wconf 89' lang='lat' dir='ltr'>medio</span> 
     </span>
     <span class='ocr_line' id='line_1_36' title="bbox 296 2400 1022 2443; baseline 0.006 -14"><span class='ocrx_word' id='word_1_192' title='bbox 296 2403 319 2418; x_wconf 74' lang='lat'>‘⁶</span> <span class='ocrx_word' id='word_1_193' title='bbox 336 2400 504 2440; x_wconf 88' lang='lat' dir='ltr'>Aquilonis</span> <span class='ocrx_word' id='word_1_194' title='bbox 534 2407 565 2431; x_wconf 85' lang='lat' dir='ltr'>et</span> <span class='ocrx_word' id='word_1_195' title='bbox 592 2402 709 2438; x_wconf 85' lang='lat' dir='ltr'>Austri,</span> <span class='ocrx_word' id='word_1_196' title='bbox 735 2409 834 2433; x_wconf 88' lang='lat' dir='ltr'>metas</span> <span class='ocrx_word' id='word_1_197' title='bbox 855 2404 1022 2443; x_wconf 78' lang='lat' dir='ltr'>separatim</span> 
     </span>
     <span class='ocr_line' id='line_1_37' title="bbox 296 2453 779 2491; baseline 0.004 -9"><span class='ocrx_word' id='word_1_198' title='bbox 296 2454 318 2470; x_wconf 90' lang='lat'><strong>“</strong></span> <span class='ocrx_word' id='word_1_199' title='bbox 338 2457 435 2491; x_wconf 84' lang='lat' dir='ltr'>tenet,</span> <span class='ocrx_word' id='word_1_200' title='bbox 449 2453 497 2483; x_wconf 89' lang='lat' dir='ltr'>vel</span> <span class='ocrx_word' id='word_1_201' title='bbox 512 2454 641 2484; x_wconf 81' lang='lat' dir='ltr'>seorsim</span> <span class='ocrx_word' id='word_1_202' title='bbox 657 2454 779 2484; x_wconf 87' lang='lat' dir='ltr'>habet.”</span> 
     </span>
    </p>
   </div>
   <div class='ocr_carea' id='block_1_14' title="bbox 294 2511 1025 2862">
    <p class='ocr_par' dir='ltr' id='par_1_15' title="bbox 294 2511 1022 2656">
     <span class='ocr_line' id='line_1_38' title="bbox 337 2511 1021 2547; baseline 0.009 -6"><span class='ocrx_word' id='word_1_203' title='bbox 337 2511 412 2542; x_wconf 78' lang='lat' dir='ltr'>Ver.</span> <span class='ocrx_word' id='word_1_204' title='bbox 430 2516 503 2544; x_wconf 87' lang='lat'>689.</span> <span class='ocrx_word' id='word_1_205' title='bbox 524 2515 681 2545; x_wconf 80' lang='lat' dir='ltr'>Distinet:</span> <span class='ocrx_word' id='word_1_206' title='bbox 710 2515 756 2544; x_wconf 88' lang='lat' dir='ltr'>M.</span> <span class='ocrx_word' id='word_1_207' title='bbox 775 2515 814 2545; x_wconf 92' lang='grc' dir='ltr'>Ο.</span> <span class='ocrx_word' id='word_1_208' title='bbox 832 2520 866 2545; x_wconf 90' lang='grc' dir='ltr'>Δ.</span> <span class='ocrx_word' id='word_1_209' title='bbox 886 2521 925 2545; x_wconf 88' lang='lat' dir='ltr'>n.</span> <span class='ocrx_word' id='word_1_210' title='bbox 942 2517 1021 2547; x_wconf 88' lang='lat' dir='ltr'>Des-</span> 
     </span>
     <span class='ocr_line' id='line_1_39' title="bbox 294 2564 1022 2606; baseline 0.007 -13"><span class='ocrx_word' id='word_1_211' title='bbox 294 2565 387 2598; x_wconf 83' lang='lat' dir='ltr'>tinet;</span> <span class='ocrx_word' id='word_1_212' title='bbox 414 2564 460 2594; x_wconf 89' lang='lat' dir='ltr'>uti</span> <span class='ocrx_word' id='word_1_213' title='bbox 476 2564 603 2603; x_wconf 87' lang='lat' dir='ltr'>passim,</span> <span class='ocrx_word' id='word_1_214' title='bbox 626 2575 684 2595; x_wconf 90' lang='lat' dir='ltr'>nec</span> <span class='ocrx_word' id='word_1_215' title='bbox 706 2565 813 2595; x_wconf 90' lang='lat' dir='ltr'>minus</span> <span class='ocrx_word' id='word_1_216' title='bbox 827 2566 860 2595; x_wconf 94' lang='lat' dir='ltr'>in</span> <span class='ocrx_word' id='word_1_217' title='bbox 883 2567 1022 2606; x_wconf 84' lang='lat' dir='ltr'>Detinet,</span> 
     </span>
     <span class='ocr_line' id='line_1_40' title="bbox 295 2615 1001 2656; baseline 0.004 -12"><span class='ocrx_word' id='word_1_218' title='bbox 295 2615 376 2645; x_wconf 91' lang='lat' dir='ltr'>hanc</span> <span class='ocrx_word' id='word_1_219' title='bbox 395 2625 502 2646; x_wconf 88' lang='lat' dir='ltr'>vocem</span> <span class='ocrx_word' id='word_1_220' title='bbox 520 2616 637 2647; x_wconf 89' lang='lat' dir='ltr'>librarii</span> <span class='ocrx_word' id='word_1_221' title='bbox 653 2617 816 2656; x_wconf 86' lang='lat' dir='ltr'>scriptores</span> <span class='ocrx_word' id='word_1_222' title='bbox 831 2623 1001 2647; x_wconf 72' lang='lat' dir='ltr'>mutavere.</span> 
     </span>
    </p>

    <p class='ocr_par' dir='ltr' id='par_1_16' title="bbox 295 2665 1025 2862">
     <span class='ocr_line' id='line_1_41' title="bbox 339 2665 1024 2708; baseline 0.004 -13"><span class='ocrx_word' id='word_1_223' title='bbox 339 2665 421 2696; x_wconf 84' lang='lat' dir='ltr'>Ibid.</span> <span class='ocrx_word' id='word_1_224' title='bbox 430 2667 571 2698; x_wconf 77' lang='lat' dir='ltr'>Distinet</span> <span class='ocrx_word' id='word_1_225' title='bbox 580 2678 626 2708; x_wconf 82' lang='lat' dir='ltr'>oeq</span> <span class='ocrx_word' id='word_1_226' title='bbox 631 2674 700 2698; x_wconf 80' lang='lat' dir='ltr'>nato</span> <span class='ocrx_word' id='word_1_227' title='bbox 709 2670 898 2699; x_wconf 82' lang='lat' dir='ltr'>discrimine.</span> <span class='ocrx_word' id='word_1_228' title='bbox 915 2668 1024 2703; x_wconf 83' lang='lat' dir='ltr'>Quum</span> 
     </span>
     <span class='ocr_line' id='line_1_42' title="bbox 295 2716 1025 2760; baseline 0.008 -16"><span class='ocrx_word' id='word_1_229' title='bbox 295 2716 385 2746; x_wconf 76' lang='lat' dir='ltr'>valde</span> <span class='ocrx_word' id='word_1_230' title='bbox 401 2717 441 2746; x_wconf 87' lang='lat' dir='ltr'>sit</span> <span class='ocrx_word' id='word_1_231' title='bbox 455 2727 528 2748; x_wconf 88' lang='lat' dir='ltr'>vero</span> <span class='ocrx_word' id='word_1_232' title='bbox 542 2719 656 2758; x_wconf 81' lang='lat' dir='ltr'>simile,</span> <span class='ocrx_word' id='word_1_233' title='bbox 678 2719 852 2760; x_wconf 86' lang='lat' dir='ltr'>Virgilium</span> <span class='ocrx_word' id='word_1_234' title='bbox 867 2730 900 2750; x_wconf 90' lang='lat' dir='ltr'>se</span> <span class='ocrx_word' id='word_1_235' title='bbox 914 2719 953 2750; x_wconf 86' lang='lat' dir='ltr'>ad</span> <span class='ocrx_word' id='word_1_236' title='bbox 968 2721 1025 2750; x_wconf 88' lang='lat' dir='ltr'>hos</span> 
     </span>
     <span class='ocr_line' id='line_1_43' title="bbox 295 2769 1020 2812; baseline 0.01 -17"><span class='ocrx_word' id='word_1_237' title='bbox 295 2775 401 2796; x_wconf 83' lang='lat' dir='ltr'>versus</span> <span class='ocrx_word' id='word_1_238' title='bbox 416 2769 611 2809; x_wconf 85' lang='lat' dir='ltr'>convertisse,</span> <span class='ocrx_word' id='word_1_239' title='bbox 633 2781 691 2810; x_wconf 87' lang='lat' dir='ltr'>ope</span> <span class='ocrx_word' id='word_1_240' title='bbox 713 2771 876 2802; x_wconf 85' lang='lat' dir='ltr'>levissimae</span> <span class='ocrx_word' id='word_1_241' title='bbox 890 2771 1020 2812; x_wconf 82' lang='lat' dir='ltr'>castiga-</span> 
     </span>
     <span class='ocr_line' id='line_1_44' title="bbox 295 2816 1020 2862; baseline 0.011 -18"><span class='ocrx_word' id='word_1_242' title='bbox 295 2816 401 2854; x_wconf 86' lang='lat' dir='ltr'>tionis,</span> <span class='ocrx_word' id='word_1_243' title='bbox 427 2817 532 2848; x_wconf 88' lang='lat' dir='ltr'>locum</span> <span class='ocrx_word' id='word_1_244' title='bbox 555 2821 588 2850; x_wconf 90' lang='lat' dir='ltr'>in</span> <span class='ocrx_word' id='word_1_245' title='bbox 614 2821 689 2852; x_wconf 85' lang='lat' dir='ltr'>AEn.</span> <span class='ocrx_word' id='word_1_246' title='bbox 716 2832 743 2852; x_wconf 77' lang='lat' dir='ltr'>v,</span> <span class='ocrx_word' id='word_1_247' title='bbox 769 2826 837 2854; x_wconf 82' lang='lat'>154.</span> <span class='ocrx_word' id='word_1_248' title='bbox 861 2823 1020 2862; x_wconf 87' lang='lat' dir='ltr'>perturba-</span> 
     </span>
    </p>
   </div>
   <div class='ocr_carea' id='block_1_15' title="bbox 1059 966 1780 1059">
    <p class='ocr_par' dir='ltr' id='par_1_17' title="bbox 1059 966 1780 1059">
     <span class='ocr_line' id='line_1_45' title="bbox 1060 966 1780 1007; baseline 0 -10"><span class='ocrx_word' id='word_1_249' title='bbox 1060 967 1103 998; x_wconf 84' lang='lat' dir='ltr'>vit</span> <span class='ocrx_word' id='word_1_250' title='bbox 1118 968 1293 1007; x_wconf 83' lang='lat' dir='ltr'>expeditam</span> <span class='ocrx_word' id='word_1_251' title='bbox 1308 968 1393 1005; x_wconf 87' lang='lat' dir='ltr'>dare,</span> <span class='ocrx_word' id='word_1_252' title='bbox 1415 968 1509 1006; x_wconf 86' lang='lat' dir='ltr'>probe</span> <span class='ocrx_word' id='word_1_253' title='bbox 1534 966 1654 1006; x_wconf 88' lang='lat' dir='ltr'>poteris,</span> <span class='ocrx_word' id='word_1_254' title='bbox 1680 977 1699 997; x_wconf 95' lang='lat' dir='ltr'>a</span> <span class='ocrx_word' id='word_1_255' title='bbox 1715 967 1780 998; x_wconf 80' lang='lat' dir='ltr'>Lu-</span> 
     </span>
     <span class='ocr_line' id='line_1_46' title="bbox 1059 1020 1697 1059; baseline 0 -9"><span class='ocrx_word' id='word_1_256' title='bbox 1059 1021 1154 1051; x_wconf 86' lang='lat' dir='ltr'>cretio</span> <span class='ocrx_word' id='word_1_257' title='bbox 1169 1031 1305 1059; x_wconf 86' lang='lat' dir='ltr'>exorsus,</span> <span class='ocrx_word' id='word_1_258' title='bbox 1321 1022 1379 1050; x_wconf 90' lang='lat' dir='ltr'>hoc</span> <span class='ocrx_word' id='word_1_259' title='bbox 1394 1026 1484 1059; x_wconf 81' lang='lat' dir='ltr'>pacto</span> <span class='ocrx_word' id='word_1_260' title='bbox 1498 1020 1697 1050; x_wconf 82' lang='lat' dir='ltr'>constituere:</span> 
     </span>
    </p>
   </div>
   <div class='ocr_carea' id='block_1_16' title="bbox 1090 1103 1784 1487">
    <p class='ocr_par' dir='ltr' id='par_1_18' title="bbox 1091 1103 1722 1136">
     <span class='ocr_line' id='line_1_47' title="bbox 1091 1103 1722 1136; baseline -0.003 -7"><span class='ocrx_word' id='word_1_261' title='bbox 1091 1104 1189 1136; x_wconf 78' lang='lat' dir='ltr'>Effugit</span> <span class='ocrx_word' id='word_1_262' title='bbox 1199 1109 1262 1129; x_wconf 88' lang='lat' dir='ltr'>ante</span> <span class='ocrx_word' id='word_1_263' title='bbox 1273 1104 1346 1134; x_wconf 85' lang='lat' dir='ltr'>alios,</span> <span class='ocrx_word' id='word_1_264' title='bbox 1356 1103 1501 1135; x_wconf 82' lang='lat' dir='ltr'>primisque</span> <span class='ocrx_word' id='word_1_265' title='bbox 1511 1103 1625 1128; x_wconf 83' lang='lat' dir='ltr'>elabitur</span> <span class='ocrx_word' id='word_1_266' title='bbox 1634 1103 1722 1133; x_wconf 68' lang='lat' dir='ltr'>undio,</span> 
     </span>
    </p>

    <p class='ocr_par' dir='ltr' id='par_1_19' title="bbox 1090 1144 1783 1209">
     <span class='ocr_line' id='line_1_48' title="bbox 1090 1144 1783 1176; baseline 0.001 -7"><span class='ocrx_word' id='word_1_267' title='bbox 1090 1145 1211 1169; x_wconf 84' lang='lat' dir='ltr'>Turbam</span> <span class='ocrx_word' id='word_1_268' title='bbox 1224 1145 1293 1169; x_wconf 86' lang='lat' dir='ltr'>inter</span> <span class='ocrx_word' id='word_1_269' title='bbox 1303 1144 1508 1175; x_wconf 84' lang='lat' dir='ltr'>fremitumque,</span> <span class='ocrx_word' id='word_1_270' title='bbox 1519 1145 1592 1176; x_wconf 84' lang='lat' dir='ltr'>Gyas</span> <span class='ocrx_word' id='word_1_271' title='bbox 1598 1153 1606 1175; x_wconf 71' lang='grc' dir='ltr'>ς</span> <span class='ocrx_word' id='word_1_272' title='bbox 1618 1151 1700 1176; x_wconf 88' lang='lat' dir='ltr'>quem</span> <span class='ocrx_word' id='word_1_273' title='bbox 1708 1144 1783 1170; x_wconf 87' lang='lat' dir='ltr'>dein-</span> 
     </span>
     <span class='ocr_line' id='line_1_49' title="bbox 1183 1184 1375 1209; baseline 0 0"><span class='ocrx_word' id='word_1_274' title='bbox 1183 1185 1216 1209; x_wconf 90' lang='lat' dir='ltr'>de</span> <span class='ocrx_word' id='word_1_275' title='bbox 1228 1184 1375 1209; x_wconf 84' lang='lat' dir='ltr'>Cloanthus</span> 
     </span>
    </p>

    <p class='ocr_par' dir='ltr' id='par_1_20' title="bbox 1091 1223 1776 1254">
     <span class='ocr_line' id='line_1_50' title="bbox 1091 1223 1776 1254; baseline 0.001 -7"><span class='ocrx_word' id='word_1_276' title='bbox 1091 1223 1287 1254; x_wconf 86' lang='lat' dir='ltr'>Consequitur;</span> <span class='ocrx_word' id='word_1_277' title='bbox 1305 1224 1399 1248; x_wconf 86' lang='lat' dir='ltr'>melior</span> <span class='ocrx_word' id='word_1_278' title='bbox 1409 1223 1499 1253; x_wconf 86' lang='lat' dir='ltr'>remis,</span> <span class='ocrx_word' id='word_1_279' title='bbox 1509 1223 1555 1248; x_wconf 82' lang='lat' dir='ltr'>sed</span> <span class='ocrx_word' id='word_1_280' title='bbox 1568 1223 1686 1254; x_wconf 86' lang='lat' dir='ltr'>pondere</span> <span class='ocrx_word' id='word_1_281' title='bbox 1697 1223 1776 1254; x_wconf 67' lang='lat' dir='ltr'>pinus</span> 
     </span>
    </p>

    <p class='ocr_par' dir='ltr' id='par_1_21' title="bbox 1091 1262 1773 1294">
     <span class='ocr_line' id='line_1_51' title="bbox 1091 1262 1773 1294; baseline 0 -8"><span class='ocrx_word' id='word_1_282' title='bbox 1091 1262 1195 1286; x_wconf 86' lang='lat' dir='ltr'>Tarda:</span> <span class='ocrx_word' id='word_1_283' title='bbox 1213 1266 1298 1286; x_wconf 79' lang='lat' dir='ltr'>tenens</span> <span class='ocrx_word' id='word_1_284' title='bbox 1310 1267 1369 1294; x_wconf 83' lang='lat' dir='ltr'>post</span> <span class='ocrx_word' id='word_1_285' title='bbox 1381 1262 1428 1287; x_wconf 85' lang='lat' dir='ltr'>hos</span> <span class='ocrx_word' id='word_1_286' title='bbox 1439 1270 1509 1294; x_wconf 82' lang='lat' dir='ltr'>aequo</span> <span class='ocrx_word' id='word_1_287' title='bbox 1521 1262 1663 1286; x_wconf 81' lang='lat' dir='ltr'>discrimine</span> <span class='ocrx_word' id='word_1_288' title='bbox 1673 1262 1773 1292; x_wconf 73' lang='lat' dir='ltr'>Pristis,</span> 
     </span>
    </p>

    <p class='ocr_par' dir='ltr' id='par_1_22' title="bbox 1091 1301 1783 1369">
     <span class='ocr_line' id='line_1_52' title="bbox 1091 1301 1783 1333; baseline 0.001 -8"><span class='ocrx_word' id='word_1_289' title='bbox 1091 1302 1304 1333; x_wconf 83' lang='lat' dir='ltr'>Centaurusque,</span> <span class='ocrx_word' id='word_1_290' title='bbox 1319 1302 1411 1332; x_wconf 85' lang='lat' dir='ltr'>Iocum,</span> <span class='ocrx_word' id='word_1_291' title='bbox 1427 1302 1544 1326; x_wconf 88' lang='lat' dir='ltr'>tendunt</span> <span class='ocrx_word' id='word_1_292' title='bbox 1559 1308 1695 1333; x_wconf 85' lang='lat' dir='ltr'>superare:</span> <span class='ocrx_word' id='word_1_293' title='bbox 1713 1301 1783 1333; x_wconf 84' lang='lat' dir='ltr'>prio-</span> 
     </span>
     <span class='ocr_line' id='line_1_53' title="bbox 1183 1347 1252 1369; baseline 0 -5"><span class='ocrx_word' id='word_1_294' title='bbox 1183 1347 1252 1369; x_wconf 88' lang='lat' dir='ltr'>rem,</span> 
     </span>
    </p>

    <p class='ocr_par' dir='ltr' id='par_1_23' title="bbox 1092 1379 1784 1450">
     <span class='ocr_line' id='line_1_54' title="bbox 1092 1379 1784 1412; baseline 0 -8"><span class='ocrx_word' id='word_1_295' title='bbox 1092 1381 1124 1404; x_wconf 82' lang='lat' dir='ltr'>Et</span> <span class='ocrx_word' id='word_1_296' title='bbox 1135 1386 1209 1404; x_wconf 90' lang='lat' dir='ltr'>nunc</span> <span class='ocrx_word' id='word_1_297' title='bbox 1218 1380 1305 1404; x_wconf 63' lang='lat' dir='ltr'>Pristis</span> <span class='ocrx_word' id='word_1_298' title='bbox 1316 1380 1408 1410; x_wconf 86' lang='lat' dir='ltr'>habet,</span> <span class='ocrx_word' id='word_1_299' title='bbox 1420 1387 1492 1405; x_wconf 85' lang='lat' dir='ltr'>nunc</span> <span class='ocrx_word' id='word_1_300' title='bbox 1505 1380 1605 1405; x_wconf 87' lang='lat' dir='ltr'>victam</span> <span class='ocrx_word' id='word_1_301' title='bbox 1614 1379 1736 1412; x_wconf 74' lang='lat' dir='ltr'>praeterit</span> <span class='ocrx_word' id='word_1_302' title='bbox 1744 1379 1784 1404; x_wconf 86' lang='lat' dir='ltr'>in-</span> 
     </span>
     <span class='ocr_line' id='line_1_55' title="bbox 1184 1426 1248 1450; baseline 0 -7"><span class='ocrx_word' id='word_1_303' title='bbox 1184 1426 1248 1450; x_wconf 82' lang='lat' dir='ltr'>gens</span> 
     </span>
    </p>

    <p class='ocr_par' dir='ltr' id='par_1_24' title="bbox 1093 1457 1455 1487">
     <span class='ocr_line' id='line_1_56' title="bbox 1093 1457 1455 1487; baseline 0.003 -6"><span class='ocrx_word' id='word_1_304' title='bbox 1093 1457 1258 1487; x_wconf 81' lang='lat' dir='ltr'>Centaurus3</span> <span class='ocrx_word' id='word_1_305' title='bbox 1277 1464 1349 1482; x_wconf 85' lang='lat' dir='ltr'>nunc</span> <span class='ocrx_word' id='word_1_306' title='bbox 1361 1458 1455 1482; x_wconf 66' lang='lat' dir='ltr'>uu2—.</span> 
     </span>
    </p>
   </div>
   <div class='ocr_carea' id='block_1_17' title="bbox 1060 1531 1785 2083">
    <p class='ocr_par' dir='ltr' id='par_1_25' title="bbox 1060 1531 1785 2083">
     <span class='ocr_line' id='line_1_57' title="bbox 1063 1531 1784 1572; baseline 0.003 -11"><span class='ocrx_word' id='word_1_307' title='bbox 1063 1531 1181 1572; x_wconf 87' lang='lat' dir='ltr'>Vulgo,</span> <span class='ocrx_word' id='word_1_308' title='bbox 1200 1538 1277 1563; x_wconf 79' lang='lat' dir='ltr'>tenet</span> <span class='ocrx_word' id='word_1_309' title='bbox 1284 1548 1295 1568; x_wconf 88' lang='lat'>,·</span> <span class='ocrx_word' id='word_1_310' title='bbox 1319 1532 1412 1571; x_wconf 65' lang='lat' dir='ltr'>plena</span> <span class='ocrx_word' id='word_1_311' title='bbox 1435 1532 1633 1563; x_wconf 86' lang='lat' dir='ltr'>distinctione</span> <span class='ocrx_word' id='word_1_312' title='bbox 1654 1532 1784 1572; x_wconf 61' lang='lat' dir='ltr'>appicffi.</span> 
     </span>
     <span class='ocr_line' id='line_1_58' title="bbox 1065 1582 1784 1624; baseline 0.001 -12"><span class='ocrx_word' id='word_1_313' title='bbox 1065 1582 1124 1612; x_wconf 85' lang='lat' dir='ltr'>Sed</span> <span class='ocrx_word' id='word_1_314' title='bbox 1140 1584 1268 1612; x_wconf 90' lang='lat' dir='ltr'>verbum</span> <span class='ocrx_word' id='word_1_315' title='bbox 1284 1583 1328 1613; x_wconf 90' lang='lat' dir='ltr'>sic</span> <span class='ocrx_word' id='word_1_316' title='bbox 1346 1583 1429 1613; x_wconf 89' lang='lat' dir='ltr'>nude</span> <span class='ocrx_word' id='word_1_317' title='bbox 1444 1584 1578 1622; x_wconf 88' lang='lat' dir='ltr'>positum</span> <span class='ocrx_word' id='word_1_318' title='bbox 1595 1583 1687 1614; x_wconf 81' lang='lat' dir='ltr'>lautis</span> <span class='ocrx_word' id='word_1_319' title='bbox 1696 1583 1784 1624; x_wconf 88' lang='lat' dir='ltr'>judi-</span> 
     </span>
     <span class='ocr_line' id='line_1_59' title="bbox 1061 1634 1785 1675; baseline 0.003 -13"><span class='ocrx_word' id='word_1_320' title='bbox 1061 1634 1148 1663; x_wconf 92' lang='lat' dir='ltr'>cibus</span> <span class='ocrx_word' id='word_1_321' title='bbox 1173 1644 1254 1673; x_wconf 85' lang='lat' dir='ltr'>aegre</span> <span class='ocrx_word' id='word_1_322' title='bbox 1275 1634 1556 1665; x_wconf 82' lang='lat' dir='ltr'>commendabitur:</span> <span class='ocrx_word' id='word_1_323' title='bbox 1585 1641 1616 1664; x_wconf 86' lang='lat' dir='ltr'>et</span> <span class='ocrx_word' id='word_1_324' title='bbox 1638 1644 1785 1675; x_wconf 87' lang='lat' dir='ltr'>quaenam</span> 
     </span>
     <span class='ocr_line' id='line_1_60' title="bbox 1061 1684 1783 1726; baseline 0.006 -13"><span class='ocrx_word' id='word_1_325' title='bbox 1061 1684 1114 1713; x_wconf 89' lang='lat' dir='ltr'>illa</span> <span class='ocrx_word' id='word_1_326' title='bbox 1129 1684 1258 1714; x_wconf 88' lang='lat' dir='ltr'>demum</span> <span class='ocrx_word' id='word_1_327' title='bbox 1280 1691 1325 1715; x_wconf 87' lang='lat' dir='ltr'>est</span> <span class='ocrx_word' id='word_1_328' title='bbox 1347 1686 1509 1721; x_wconf 83' lang='lat' dir='ltr'>barbaries,</span> <span class='ocrx_word' id='word_1_329' title='bbox 1532 1688 1630 1717; x_wconf 85' lang='lat' dir='ltr'>locum</span> <span class='ocrx_word' id='word_1_330' title='bbox 1648 1689 1783 1726; x_wconf 82' lang='lat' dir='ltr'>priorem</span> 
     </span>
     <span class='ocr_line' id='line_1_61' title="bbox 1060 1736 1784 1776; baseline 0.004 -11"><span class='ocrx_word' id='word_1_331' title='bbox 1060 1737 1226 1775; x_wconf 80' lang='lat' dir='ltr'>superare?</span> <span class='ocrx_word' id='word_1_332' title='bbox 1245 1736 1326 1766; x_wconf 89' lang='lat' dir='ltr'>Rem</span> <span class='ocrx_word' id='word_1_333' title='bbox 1339 1737 1531 1776; x_wconf 88' lang='lat' dir='ltr'>perpendant</span> <span class='ocrx_word' id='word_1_334' title='bbox 1543 1737 1633 1772; x_wconf 86' lang='lat' dir='ltr'>docti,</span> <span class='ocrx_word' id='word_1_335' title='bbox 1644 1737 1784 1768; x_wconf 81' lang='lat' dir='ltr'>adhibito</span> 
     </span>
     <span class='ocr_line' id='line_1_62' title="bbox 1062 1786 1783 1827; baseline 0.004 -12"><span class='ocrx_word' id='word_1_336' title='bbox 1062 1786 1095 1815; x_wconf 92' lang='lat' dir='ltr'>in</span> <span class='ocrx_word' id='word_1_337' title='bbox 1110 1787 1277 1817; x_wconf 83' lang='lat' dir='ltr'>concilium</span> <span class='ocrx_word' id='word_1_338' title='bbox 1293 1788 1454 1825; x_wconf 90' lang='lat' dir='ltr'>Lucretio;</span> <span class='ocrx_word' id='word_1_339' title='bbox 1478 1799 1514 1818; x_wconf 87' lang='lat' dir='ltr'>ac</span> <span class='ocrx_word' id='word_1_340' title='bbox 1528 1789 1712 1819; x_wconf 84' lang='lat' dir='ltr'>sententiam</span> <span class='ocrx_word' id='word_1_341' title='bbox 1728 1799 1783 1827; x_wconf 65' lang='lat' dir='ltr'>pob</span> 
     </span>
     <span class='ocr_line' id='line_1_63' title="bbox 1062 1838 1783 1871; baseline 0.003 -4"><span class='ocrx_word' id='word_1_342' title='bbox 1062 1843 1162 1868; x_wconf 86' lang='lat' dir='ltr'>tenter</span> <span class='ocrx_word' id='word_1_343' title='bbox 1176 1838 1378 1869; x_wconf 84' lang='lat' dir='ltr'>deliberatam</span> <span class='ocrx_word' id='word_1_344' title='bbox 1399 1840 1508 1870; x_wconf 87' lang='lat' dir='ltr'>ferant.</span> <span class='ocrx_word' id='word_1_345' title='bbox 1551 1841 1628 1871; x_wconf 86' lang='lat' dir='ltr'>Jam</span> <span class='ocrx_word' id='word_1_346' title='bbox 1653 1849 1725 1869; x_wconf 90' lang='lat' dir='ltr'>vero</span> <span class='ocrx_word' id='word_1_347' title='bbox 1750 1839 1783 1869; x_wconf 89' lang='lat' dir='ltr'>in</span> 
     </span>
     <span class='ocr_line' id='line_1_64' title="bbox 1063 1889 1782 1929; baseline 0.006 -11"><span class='ocrx_word' id='word_1_348' title='bbox 1063 1889 1174 1919; x_wconf 90' lang='lat' dir='ltr'>nostris</span> <span class='ocrx_word' id='word_1_349' title='bbox 1188 1890 1267 1919; x_wconf 89' lang='lat' dir='ltr'>nihil</span> <span class='ocrx_word' id='word_1_350' title='bbox 1282 1890 1427 1921; x_wconf 85' lang='lat' dir='ltr'>salebrosi</span> <span class='ocrx_word' id='word_1_351' title='bbox 1444 1899 1503 1929; x_wconf 86' lang='lat' dir='ltr'>est;</span> <span class='ocrx_word' id='word_1_352' title='bbox 1527 1898 1558 1921; x_wconf 88' lang='lat' dir='ltr'>et</span> <span class='ocrx_word' id='word_1_353' title='bbox 1574 1891 1653 1922; x_wconf 85' lang='lat' dir='ltr'>illud</span> <span class='ocrx_word' id='word_1_354' title='bbox 1671 1893 1782 1923; x_wconf 81' lang='lat' dir='ltr'>Cloan-</span> 
     </span>
     <span class='ocr_line' id='line_1_65' title="bbox 1061 1941 1783 1981; baseline 0.004 -11"><span class='ocrx_word' id='word_1_355' title='bbox 1061 1942 1130 1970; x_wconf 74' lang='lat' dir='ltr'>thus</span> <span class='ocrx_word' id='word_1_356' title='bbox 1153 1951 1209 1980; x_wconf 88' lang='lat' dir='ltr'>pro</span> <span class='ocrx_word' id='word_1_357' title='bbox 1231 1941 1297 1980; x_wconf 64' lang='lat' dir='ltr'>ipsa</span> <span class='ocrx_word' id='word_1_358' title='bbox 1319 1944 1413 1981; x_wconf 80' lang='lat' dir='ltr'>pinu,</span> <span class='ocrx_word' id='word_1_359' title='bbox 1440 1942 1488 1972; x_wconf 87' lang='lat' dir='ltr'>vel</span> <span class='ocrx_word' id='word_1_360' title='bbox 1513 1953 1601 1980; x_wconf 83' lang='lat' dir='ltr'>nave,</span> <span class='ocrx_word' id='word_1_361' title='bbox 1626 1942 1783 1981; x_wconf 84' lang='lat' dir='ltr'>po&#39;e’ticurn</span> 
     </span>
     <span class='ocr_line' id='line_1_66' title="bbox 1063 1990 1785 2032; baseline 0.001 -12"><span class='ocrx_word' id='word_1_362' title='bbox 1063 1990 1201 2029; x_wconf 88' lang='lat' dir='ltr'>leporem</span> <span class='ocrx_word' id='word_1_363' title='bbox 1225 1992 1258 2021; x_wconf 90' lang='lat' dir='ltr'>in</span> <span class='ocrx_word' id='word_1_364' title='bbox 1283 1993 1390 2031; x_wconf 90' lang='lat' dir='ltr'>primis</span> <span class='ocrx_word' id='word_1_365' title='bbox 1413 1993 1526 2032; x_wconf 78' lang='lat' dir='ltr'>resipit.</span> <span class='ocrx_word' id='word_1_366' title='bbox 1571 1992 1671 2023; x_wconf 81' lang='lat' dir='ltr'>Haud</span> <span class='ocrx_word' id='word_1_367' title='bbox 1696 1991 1785 2022; x_wconf 74' lang='lat' dir='ltr'>aliter</span> 
     </span>
     <span class='ocr_line' id='line_1_67' title="bbox 1062 2042 1506 2083; baseline 0.005 -12"><span class='ocrx_word' id='word_1_368' title='bbox 1062 2042 1126 2081; x_wconf 85' lang='lat' dir='ltr'>ipse</span> <span class='ocrx_word' id='word_1_369' title='bbox 1144 2043 1307 2083; x_wconf 85' lang='lat' dir='ltr'>Virgilius,</span> <span class='ocrx_word' id='word_1_370' title='bbox 1320 2043 1375 2073; x_wconf 84' lang='lat' dir='ltr'>ecl.</span> <span class='ocrx_word' id='word_1_371' title='bbox 1391 2043 1440 2073; x_wconf 83' lang='lat' dir='ltr'>vii.</span> <span class='ocrx_word' id='word_1_372' title='bbox 1458 2047 1506 2074; x_wconf 89' lang='grc'>16.</span> 
     </span>
    </p>
   </div>
   <div class='ocr_carea' id='block_1_18' title="bbox 1094 2129 1785 2196">
    <p class='ocr_par' dir='ltr' id='par_1_26' title="bbox 1094 2129 1785 2196">
     <span class='ocr_line' id='line_1_68' title="bbox 1094 2129 1785 2162; baseline 0.001 -9"><span class='ocrx_word' id='word_1_373' title='bbox 1094 2129 1126 2153; x_wconf 87' lang='lat' dir='ltr'>Et</span> <span class='ocrx_word' id='word_1_374' title='bbox 1139 2133 1263 2154; x_wconf 77' lang='lat' dir='ltr'>certamen</span> <span class='ocrx_word' id='word_1_375' title='bbox 1274 2133 1342 2160; x_wconf 87' lang='lat' dir='ltr'>erat,</span> <span class='ocrx_word' id='word_1_376' title='bbox 1353 2129 1461 2161; x_wconf 79' lang='lat' dir='ltr'>Corydon</span> <span class='ocrx_word' id='word_1_377' title='bbox 1474 2136 1537 2154; x_wconf 90' lang='lat' dir='ltr'>cum</span> <span class='ocrx_word' id='word_1_378' title='bbox 1550 2129 1695 2162; x_wconf 82' lang='lat' dir='ltr'>Thyrside,</span> <span class='ocrx_word' id='word_1_379' title='bbox 1710 2135 1785 2161; x_wconf 79' lang='lat' dir='ltr'>mag-</span> 
     </span>
     <span class='ocr_line' id='line_1_69' title="bbox 1186 2178 1262 2196; baseline 0 0"><span class='ocrx_word' id='word_1_380' title='bbox 1186 2178 1262 2196; x_wconf 89' lang='lat' dir='ltr'>num:</span> 
     </span>
    </p>
   </div>
   <div class='ocr_carea' id='block_1_19' title="bbox 1066 2241 1785 2325">
    <p class='ocr_par' dir='ltr' id='par_1_27' title="bbox 1066 2241 1785 2325">
     <span class='ocr_line' id='line_1_70' title="bbox 1066 2241 1785 2283; baseline 0 -10"><span class='ocrx_word' id='word_1_381' title='bbox 1066 2243 1119 2272; x_wconf 90' lang='lat' dir='ltr'>ubi</span> <span class='ocrx_word' id='word_1_382' title='bbox 1137 2243 1232 2273; x_wconf 87' lang='lat' dir='ltr'>Servii</span> <span class='ocrx_word' id='word_1_383' title='bbox 1248 2249 1354 2273; x_wconf 86' lang='lat' dir='ltr'>notam</span> <span class='ocrx_word' id='word_1_384' title='bbox 1369 2243 1461 2273; x_wconf 88' lang='lat' dir='ltr'>velim</span> <span class='ocrx_word' id='word_1_385' title='bbox 1477 2243 1627 2283; x_wconf 86' lang='lat' dir='ltr'>perlegas,</span> <span class='ocrx_word' id='word_1_386' title='bbox 1650 2247 1681 2273; x_wconf 88' lang='lat' dir='ltr'>et</span> <span class='ocrx_word' id='word_1_387' title='bbox 1702 2241 1785 2272; x_wconf 84' lang='lat' dir='ltr'>idem</span> 
     </span>
     <span class='ocr_line' id='line_1_71' title="bbox 1066 2294 1719 2325; baseline 0.003 -3"><span class='ocrx_word' id='word_1_388' title='bbox 1066 2294 1190 2324; x_wconf 88' lang='lat' dir='ltr'>schema</span> <span class='ocrx_word' id='word_1_389' title='bbox 1204 2294 1306 2324; x_wconf 82' lang='lat' dir='ltr'>videas</span> <span class='ocrx_word' id='word_1_390' title='bbox 1321 2295 1353 2324; x_wconf 93' lang='lat' dir='ltr'>in</span> <span class='ocrx_word' id='word_1_391' title='bbox 1371 2294 1462 2325; x_wconf 82' lang='lat' dir='ltr'>ovid.</span> <span class='ocrx_word' id='word_1_392' title='bbox 1477 2301 1552 2324; x_wconf 89' lang='lat' dir='ltr'>met.</span> <span class='ocrx_word' id='word_1_393' title='bbox 1569 2294 1632 2324; x_wconf 89' lang='lat' dir='ltr'>viii.</span> <span class='ocrx_word' id='word_1_394' title='bbox 1647 2297 1719 2324; x_wconf 80' lang='lat'>505.</span> 
     </span>
    </p>
   </div>
   <div class='ocr_carea' id='block_1_20' title="bbox 1065 2353 1791 2861">
    <p class='ocr_par' dir='ltr' id='par_1_28' title="bbox 1065 2353 1791 2861">
     <span class='ocr_line' id='line_1_72' title="bbox 1108 2353 1785 2395; baseline 0 -12"><span class='ocrx_word' id='word_1_395' title='bbox 1108 2354 1182 2385; x_wconf 86' lang='lat' dir='ltr'>Ver.</span> <span class='ocrx_word' id='word_1_396' title='bbox 1207 2359 1280 2386; x_wconf 88' lang='grc'><strong>690.</strong></span> <span class='ocrx_word' id='word_1_397' title='bbox 1311 2355 1454 2395; x_wconf 67' lang='lat' dir='ltr'>signiferi</span> <span class='ocrx_word' id='word_1_398' title='bbox 1483 2357 1574 2385; x_wconf 73' lang='lat' dir='ltr'>totius</span> <span class='ocrx_word' id='word_1_399' title='bbox 1598 2356 1696 2385; x_wconf 81' lang='lat' dir='ltr'>orbis.-</span> <span class='ocrx_word' id='word_1_400' title='bbox 1720 2353 1740 2384; x_wconf 83' lang='lat' dir='ltr'>i.</span> <span class='ocrx_word' id='word_1_401' title='bbox 1759 2363 1785 2383; x_wconf 86' lang='lat' dir='ltr'>e.</span> 
     </span>
     <span class='ocr_line' id='line_1_73' title="bbox 1067 2405 1787 2447; baseline -0.001 -12"><span class='ocrx_word' id='word_1_402' title='bbox 1067 2407 1088 2423; x_wconf 92' lang='lat'><strong>“</strong></span> <span class='ocrx_word' id='word_1_403' title='bbox 1104 2405 1200 2436; x_wconf 81' lang='lat' dir='ltr'>totius</span> <span class='ocrx_word' id='word_1_404' title='bbox 1214 2406 1321 2436; x_wconf 90' lang='lat' dir='ltr'>circuli</span> <span class='ocrx_word' id='word_1_405' title='bbox 1336 2406 1487 2445; x_wconf 87' lang='lat' dir='ltr'>sphaerici,</span> <span class='ocrx_word' id='word_1_406' title='bbox 1501 2415 1593 2447; x_wconf 89' lang='lat' dir='ltr'>quem</span> <span class='ocrx_word' id='word_1_407' title='bbox 1605 2405 1694 2446; x_wconf 77' lang='lat' dir='ltr'>signa</span> <span class='ocrx_word' id='word_1_408' title='bbox 1702 2413 1787 2435; x_wconf 85' lang='lat' dir='ltr'>com-</span> 
     </span>
     <span class='ocr_line' id='line_1_74' title="bbox 1066 2457 1789 2497; baseline 0.001 -10"><span class='ocrx_word' id='word_1_409' title='bbox 1066 2459 1089 2475; x_wconf 92' lang='lat'><strong>“</strong></span> <span class='ocrx_word' id='word_1_410' title='bbox 1104 2457 1228 2496; x_wconf 87' lang='lat' dir='ltr'>plent;”</span> <span class='ocrx_word' id='word_1_411' title='bbox 1260 2457 1307 2488; x_wconf 90' lang='lat' dir='ltr'>vel</span> <span class='ocrx_word' id='word_1_412' title='bbox 1337 2457 1464 2489; x_wconf 86' lang='lat' dir='ltr'>zodiaci.</span> <span class='ocrx_word' id='word_1_413' title='bbox 1521 2458 1627 2489; x_wconf 86' lang='lat' dir='ltr'>Possis</span> <span class='ocrx_word' id='word_1_414' title='bbox 1652 2457 1789 2497; x_wconf 80' lang='lat' dir='ltr'>profecto</span> 
     </span>
     <span class='ocr_line' id='line_1_75' title="bbox 1065 2507 1788 2546; baseline 0 -8"><span class='ocrx_word' id='word_1_415' title='bbox 1065 2519 1154 2539; x_wconf 87' lang='lat' dir='ltr'>voces</span> <span class='ocrx_word' id='word_1_416' title='bbox 1168 2511 1260 2540; x_wconf 76' lang='lat' dir='ltr'>totius</span> <span class='ocrx_word' id='word_1_417' title='bbox 1275 2510 1353 2539; x_wconf 83' lang='lat' dir='ltr'>orbis</span> <span class='ocrx_word' id='word_1_418' title='bbox 1369 2509 1408 2539; x_wconf 87' lang='lat' dir='ltr'>ad</span> <span class='ocrx_word' id='word_1_419' title='bbox 1422 2515 1516 2540; x_wconf 80' lang='lat' dir='ltr'>metas</span> <span class='ocrx_word' id='word_1_420' title='bbox 1530 2509 1711 2546; x_wconf 78' lang='lat' dir='ltr'>amandare3</span> <span class='ocrx_word' id='word_1_421' title='bbox 1733 2507 1788 2538; x_wconf 85' lang='lat' dir='ltr'>sed</span> 
     </span>
     <span class='ocr_line' id='line_1_76' title="bbox 1066 2560 1787 2604; baseline 0 -12"><span class='ocrx_word' id='word_1_422' title='bbox 1066 2562 1153 2593; x_wconf 89' lang='lat' dir='ltr'>illam</span> <span class='ocrx_word' id='word_1_423' title='bbox 1169 2564 1252 2593; x_wconf 87' lang='lat' dir='ltr'>viam</span> <span class='ocrx_word' id='word_1_424' title='bbox 1275 2570 1399 2604; x_wconf 86' lang='lat' dir='ltr'>egomet</span> <span class='ocrx_word' id='word_1_425' title='bbox 1423 2564 1535 2595; x_wconf 86' lang='lat' dir='ltr'>malim</span> <span class='ocrx_word' id='word_1_426' title='bbox 1558 2562 1688 2604; x_wconf 87' lang='lat' dir='ltr'>ingredi.</span> <span class='ocrx_word' id='word_1_427' title='bbox 1734 2560 1787 2590; x_wconf 87' lang='lat' dir='ltr'>Ci-</span> 
     </span>
     <span class='ocr_line' id='line_1_77' title="bbox 1067 2613 1786 2656; baseline 0 -12"><span class='ocrx_word' id='word_1_428' title='bbox 1067 2625 1148 2653; x_wconf 85' lang='lat' dir='ltr'>cero,</span> <span class='ocrx_word' id='word_1_429' title='bbox 1163 2615 1202 2645; x_wconf 88' lang='lat' dir='ltr'>de</span> <span class='ocrx_word' id='word_1_430' title='bbox 1216 2615 1311 2645; x_wconf 90' lang='lat' dir='ltr'>divin.</span> <span class='ocrx_word' id='word_1_431' title='bbox 1327 2616 1359 2646; x_wconf 91' lang='lat' dir='ltr'>ii.</span> <span class='ocrx_word' id='word_1_432' title='bbox 1375 2619 1495 2646; x_wconf 77' lang='lat'>42.—“</span> <span class='ocrx_word' id='word_1_433' title='bbox 1505 2615 1649 2656; x_wconf 57' lang='lat' dir='ltr'>signifero</span> <span class='ocrx_word' id='word_1_434' title='bbox 1662 2613 1696 2643; x_wconf 84' lang='lat' dir='ltr'>in</span> <span class='ocrx_word' id='word_1_435' title='bbox 1707 2615 1786 2652; x_wconf 82' lang='lat' dir='ltr'>orbe,</span> 
     </span>
     <span class='ocr_line' id='line_1_78' title="bbox 1069 2664 1788 2706; baseline -0.001 -11"><span class='ocrx_word' id='word_1_436' title='bbox 1069 2669 1090 2683; x_wconf 88' lang='lat'><strong>“</strong></span> <span class='ocrx_word' id='word_1_437' title='bbox 1109 2665 1163 2706; x_wconf 88' lang='lat' dir='ltr'>qui</span> <span class='ocrx_word' id='word_1_438' title='bbox 1176 2666 1284 2696; x_wconf 88' lang='lat' dir='ltr'>Graece</span> <span class='ocrx_word' id='word_1_439' title='bbox 1295 2666 1429 2704; x_wconf 73' lang='grc' dir='ltr'>ζωδιακος</span> <span class='ocrx_word' id='word_1_440' title='bbox 1439 2666 1554 2696; x_wconf 86' lang='lat' dir='ltr'>dicitur</span> <span class='ocrx_word' id='word_1_441' title='bbox 1560 2665 1668 2703; x_wconf 87' lang='lat' dir='ltr'>;&#39;’—et</span> <span class='ocrx_word' id='word_1_442' title='bbox 1677 2664 1715 2695; x_wconf 86' lang='lat' dir='ltr'>de</span> <span class='ocrx_word' id='word_1_443' title='bbox 1725 2670 1788 2695; x_wconf 84' lang='lat' dir='ltr'>nat.</span> 
     </span>
     <span class='ocr_line' id='line_1_79' title="bbox 1067 2717 1788 2759; baseline -0.001 -12"><span class='ocrx_word' id='word_1_444' title='bbox 1067 2717 1150 2748; x_wconf 89' lang='lat' dir='ltr'>deor.</span> <span class='ocrx_word' id='word_1_445' title='bbox 1173 2718 1203 2747; x_wconf 87' lang='lat' dir='ltr'>ii.</span> <span class='ocrx_word' id='word_1_446' title='bbox 1228 2721 1344 2749; x_wconf 79' lang='lat'>20.-“</span> <span class='ocrx_word' id='word_1_447' title='bbox 1360 2728 1397 2748; x_wconf 88' lang='lat' dir='ltr'>ea</span> <span class='ocrx_word' id='word_1_448' title='bbox 1413 2717 1531 2759; x_wconf 85' lang='lat' dir='ltr'>(stella)</span> <span class='ocrx_word' id='word_1_449' title='bbox 1557 2726 1683 2746; x_wconf 90' lang='lat' dir='ltr'>cursum</span> <span class='ocrx_word' id='word_1_450' title='bbox 1704 2726 1788 2746; x_wconf 84' lang='lat' dir='ltr'>anno</span> 
     </span>
     <span class='ocr_line' id='line_1_80' title="bbox 1069 2767 1786 2806; baseline -0.004 -7"><span class='ocrx_word' id='word_1_451' title='bbox 1069 2771 1091 2786; x_wconf 90' lang='lat'>“</span> <span class='ocrx_word' id='word_1_452' title='bbox 1107 2769 1240 2805; x_wconf 85' lang='lat' dir='ltr'>conficit,</span> <span class='ocrx_word' id='word_1_453' title='bbox 1263 2775 1294 2799; x_wconf 89' lang='lat' dir='ltr'>et</span> <span class='ocrx_word' id='word_1_454' title='bbox 1315 2768 1512 2799; x_wconf 88' lang='lat' dir='ltr'>latitudinem</span> <span class='ocrx_word' id='word_1_455' title='bbox 1533 2767 1668 2797; x_wconf 88' lang='lat' dir='ltr'>lustrans</span> <span class='ocrx_word' id='word_1_456' title='bbox 1688 2769 1786 2806; x_wconf 82' lang='lat' dir='ltr'>signi-</span> 
     </span>
     <span class='ocr_line' id='line_1_81' title="bbox 1066 2819 1791 2861; baseline -0.004 -9"><span class='ocrx_word' id='word_1_457' title='bbox 1066 2824 1087 2838; x_wconf 88' lang='lat'>“</span> <span class='ocrx_word' id='word_1_458' title='bbox 1098 2821 1170 2861; x_wconf 80' lang='lat' dir='ltr'>feri</span> <span class='ocrx_word' id='word_1_459' title='bbox 1184 2822 1273 2857; x_wconf 80' lang='lat' dir='ltr'>orbis,</span> <span class='ocrx_word' id='word_1_460' title='bbox 1288 2826 1320 2851; x_wconf 92' lang='lat' dir='ltr'>et</span> <span class='ocrx_word' id='word_1_461' title='bbox 1336 2819 1598 2860; x_wconf 82' lang='lat' dir='ltr'>longitudinem.&#39;‘</span> <span class='ocrx_word' id='word_1_462' title='bbox 1627 2819 1791 2849; x_wconf 85' lang='lat' dir='ltr'>Vitruvius</span> 
     </span>
    </p>
   </div>
   <div class='ocr_carea' id='block_1_21' title="bbox 295 2866 1787 2914">
    <p class='ocr_par' dir='ltr' id='par_1_29' title="bbox 295 2866 1787 2914">
     <span class='ocr_line' id='line_1_82' title="bbox 295 2866 1787 2914; baseline 0.004 -19"><span class='ocrx_word' id='word_1_463' title='bbox 295 2866 413 2898; x_wconf 58' lang='lat' dir='ltr'>tissima</span> <span class='ocrx_word' id='word_1_464' title='bbox 427 2871 662 2908; x_wconf 85' lang='lat' dir='ltr'>constructione,</span> <span class='ocrx_word' id='word_1_465' title='bbox 686 2879 716 2903; x_wconf 88' lang='lat' dir='ltr'>et</span> <span class='ocrx_word' id='word_1_466' title='bbox 732 2883 827 2914; x_wconf 80' lang='lat' dir='ltr'>quam</span> <span class='ocrx_word' id='word_1_467' title='bbox 843 2883 936 2904; x_wconf 87' lang='lat' dir='ltr'>nemo</span> <span class='ocrx_word' id='word_1_468' title='bbox 950 2873 1019 2914; x_wconf 90' lang='lat' dir='ltr'>qui-</span> <span class='ocrx_word' id='word_1_469' title='bbox 1065 2873 1158 2903; x_wconf 84' lang='lat' dir='ltr'>etiam</span> <span class='ocrx_word' id='word_1_470' title='bbox 1172 2874 1271 2908; x_wconf 83' lang='lat' dir='ltr'>habet,</span> <span class='ocrx_word' id='word_1_471' title='bbox 1289 2872 1320 2902; x_wconf 87' lang='lat' dir='ltr'>in</span> <span class='ocrx_word' id='word_1_472' title='bbox 1332 2872 1370 2902; x_wconf 87' lang='lat' dir='ltr'>vi.</span> <span class='ocrx_word' id='word_1_473' title='bbox 1387 2875 1412 2902; x_wconf 89' lang='lat' dir='ltr'>l.</span> <span class='ocrx_word' id='word_1_474' title='bbox 1427 2871 1606 2913; x_wconf 62' lang='lat' dir='ltr'>signiferum</span> <span class='ocrx_word' id='word_1_475' title='bbox 1621 2872 1768 2903; x_wconf 81' lang='lat' dir='ltr'>circulum</span> <span class='ocrx_word' id='word_1_476' title='bbox 1775 2886 1787 2907; x_wconf 84' lang='grc'>,-</span> 
     </span>
    </p>
   </div>
   <div class='ocr_carea' id='block_1_22' title="bbox 1027 2933 1049 2960">
    <p class='ocr_par' dir='ltr' id='par_1_30' title="bbox 1027 2933 1049 2960">
     <span class='ocr_line' id='line_1_83' title="bbox 1027 2933 1049 2960; baseline 0 0"><span class='ocrx_word' id='word_1_477' title='bbox 1027 2933 1049 2960; x_wconf 82' lang='grc'>3</span> 
     </span>
    </p>
   </div>
  </div>
 </body>
</html>
