1926 3224
564 263 798 313 LIBER
845 262 1148 313 SEXTUS.

257 397 388 439 Haud
408 397 533 455 igitur
552 397 704 437 mirum
724 403 797 446 est,
820 396 853 436 si
872 410 1000 451 parvo
1020 403 1206 451 tempore
1225 393 1350 450 saepe*

255 471 364 512 Tam
384 486 556 528 magnos
576 470 749 511 monteis
769 478 986 524 tempestas
1006 478 1129 524 atque
1148 469 1330 510 tenebrae

140 548 224 586 490
256 544 507 600 Cooperiant
527 544 670 592 maria,
693 556 740 583 ac
760 549 904 591 terras,
926 542 1098 596 inpensa
1119 555 1308 595 superne:

256 619 454 674 Undique
477 614 825 672 quandoquidem,
848 628 923 668 per
937 614 1078 655 *caulas
1097 613 1261 654 aetheris
1281 615 1452 666 omneis,

255 692 312 733 Et
331 692 442 747 quasi
463 704 537 744 per
556 688 696 745 magni
716 688 871 729 circum
893 686 1093 742 spiracula
1112 687 1273 737 mundi,

254 765 402 806 Exitus
421 763 693 817 introitusque
714 762 923 803 elementis
944 761 1128 802 redditus
1148 769 1293 802 exstat.

311 837 435 878 Nunc
455 851 545 893 age,
568 850 651 891 quo
671 844 793 890 pacto
813 835 974 891 pluvius
995 843 1231 876 concrescat
1250 836 1294 876 in
1315 835 1404 877 altis

137 916 219 953 495
251 910 441 952 Nubibus
461 910 627 961 humor,
650 917 690 952 et
706 910 753 951 in
774 917 903 952 terras
923 910 1127 960 dimissus,
1149 918 1196 951 ut
1215 909 1362 961 imber,

108 1069 265 1108 impendor
280 1067 408 1098 referre:
426 1067 507 1098 mihi
522 1073 630 1099 contra
645 1068 771 1100 videtur
783 1069 832 1099 ni-

107 1120 156 1150 hil
184 1130 353 1150 commune
375 1119 566 1150 intercedere
591 1121 647 1151 has
669 1131 774 1159 voces;
804 1128 835 1152 et

108 1173 258 1212 impensa,
275 1182 332 1202 nec
347 1171 454 1202 minus
467 1183 624 1212 suspensa,
642 1172 683 1202 ad
698 1173 836 1203 radicem

102 1227 209 1265 pando
234 1225 340 1255 nullus
365 1225 508 1256 dubitem
530 1226 701 1256 remittere:
728 1226 782 1256 sed
803 1227 837 1256 in

108 1283 250 1306 veterum
271 1277 549 1317 grammaticorum
573 1277 696 1307 silentio
718 1278 835 1317 praesti-

109 1326 182 1356 terit
196 1327 387 1366 suspiciones
402 1333 522 1357 nostras
537 1328 709 1359 modestius
725 1339 837 1369 propo-

110 1387 192 1408 nere.
226 1378 344 1408 Melius
359 1377 583 1408 intellexissem
599 1381 728 1411 intensa.
763 1381 836 1410 Vir-

108 1428 216 1469 gilius,
233 1430 308 1461 AEn.
322 1430 362 1461 iv.
374 1433 446 1462 506.
463 1430 518 1461 ubi
529 1431 751 1462 Burmannum
763 1441 836 1463 con-

111 1481 208 1513 sulas:

206 1565 372 1597 lutenditque
383 1565 475 1591 locum
485 1567 627 1593 πρηὺ-η

155 1645 231 1677 Ver.
247 1649 320 1679 491.
343 1649 461 1678 cautas:
487 1648 584 1679 Vind.
600 1649 641 1680 V.
665 1648 712 1680 ed.
733 1654 767 1681 Σ.
793 1656 837 1680 Ω.

111 1709 233 1734 caveas,·
257 1708 295 1728 ex
308 1698 487 1739 glossatore,
511 1700 544 1730 ni
559 1700 709 1731 fallimur.

155 1759 232 1790 Ver.
248 1762 320 1791 492.
342 1761 517 1800 spiracula.-
542 1760 562 1791 i.
576 1771 601 1791 e.
619 1771 713 1792 sensu
727 1771 838 1792 secun·

113 1810 212 1849 dario,
226 1811 391 1848 foramina,
401 1822 499 1851 poros,
509 1812 558 1842 vel
572 1819 749 1853 aperturas;
764 1824 840 1844 nam

114 1861 276 1892 translatio
290 1868 336 1892 est
351 1873 370 1892 a
383 1865 541 1900 meatibus,
565 1874 620 1903 per
640 1874 718 1905 quos
737 1864 841 1896 secula

113 1915 235 1953 spirant
250 1914 456 1946 animantum.
491 1915 554 1945 His
567 1916 691 1954 moniti,
713 1927 838 1948 emacu-

114 1963 251 1996 labimus
268 1965 428 1996 Isidorum
442 1966 476 1996 in
492 1966 591 2007 origg.
603 1967 662 1998 xiv.
673 1971 768 2000 9.-“
778 1968 838 2008 spi-

114 2019 138 2035 “
155 2017 262 2048 racula
285 2027 323 2048 ex
345 2027 384 2048 eo
405 2018 554 2049 dicuntur
568 2019 648 2058 loca,
670 2022 744 2060 quia
760 2025 841 2050 terra

114 2069 295 2108 “spiritum
319 2068 413 2100 edit.’'
459 2069 580 2110 Vulgo,
601 2081 673 2111 qua.
718 2071 841 2102 Pariter

114 2119 282 2160 Virgilius,
304 2119 345 2151 ad
359 2121 436 2151 [En.
450 2120 501 2151 vii.
518 2123 590 2152 568.

115 2219 209 2227 —
218 2213 311 2238 specus
320 2207 499 2239 hon-endum,
514 2208 582 2233 saevi
592 2208 720 2241 spiracula
731 2208 839 2233 Ditis—.

120 2278 183 2310 Sed
197 2279 278 2310 forte
291 2289 332 2309 an
347 2279 441 2311 timor
454 2280 585 2312 inscitus
606 2281 645 2312 de
659 2286 760 2312 metro
775 2291 842 2312 cor-

117 2330 274 2370 ruptelam
288 2332 390 2362 versui
402 2331 563 2371 indiderit,
590 2338 622 2363 et
638 2333 733 2364 Maro
747 2333 843 2373 scrip-

120 2383 207 2414 serit:

499 2474 575 2493 saeva
585 2468 715 2500 spii-acula
726 2469 802 2494 Ditis.

121 2548 175 2579 De
186 2547 323 2587 pollente
337 2548 523 2580 fulcimento
542 2550 701 2581 literarum
716 2562 749 2592 ³7)
765 2550 844 2581 dixi-

121 2609 195 2629 mus
210 2599 283 2631 alibi
295 2600 451 2640 copiosius
464 2600 536 2640 plus
547 2601 613 2632 vice
621 2602 764 2642 simplici.
782 2602 845 2632 Lo-

120 2662 178 2682 cus
198 2658 246 2683 est
266 2663 362 2693 quam
386 2654 545 2693 appositus
566 2653 600 2683 in
623 2654 733 2685 eodem
756 2653 845 2692 libro,

121 2713 183 2734 ver.
199 2707 249 2734 84.

282 2793 439 2819 raevamque
449 2787 554 2813 exhalat
565 2794 649 2820 opaca
660 2788 803 2821 Mephitim.

125 2856 253 2888 Addam
266 2857 432 2890 Valerium
449 2859 607 2895 Flaccum,
629 2856 672 2888 iii.
689 2861 760 2890 553.

154 2981 178 3004 D
216 2981 222 2987 ι
439 2944 474 2970 ad
484 2946 563 2971 nitidi
572 2946 699 2979 inracula
711 2947 793 2974 fontis

180 2984 312 3009 ucit—-t

876 1068 932 1099 ubi
946 1078 1061 1107 nempe
1076 1067 1214 1108 aperitur
1224 1072 1257 1098 et
1269 1066 1427 1107 rumpitur
1437 1067 1471 1098 in
1482 1074 1604 1102 terram.

920 1121 995 1150 Ver.
1012 1123 1085 1152 494.
1108 1125 1297 1151 concrescat:
1323 1119 1366 1149 V.
1383 1120 1431 1151 ed.
1446 1130 1570 1153 crescat.

922 1172 997 1202 Ver.
1014 1174 1086 1203 495.
1110 1174 1254 1202 dimissus
1269 1172 1423 1202 Decidat:
1441 1172 1462 1203 i.
1478 1183 1503 1203 e.
1519 1177 1541 1192 “
1554 1173 1609 1205 de.

881 1226 902 1242 “
919 1233 1026 1253 orsum
1041 1223 1142 1262 cadat,
1165 1225 1303 1263 undique
1327 1223 1510 1263 dispersus.”
1559 1225 1609 1256 Sic

879 1274 994 1314 legitur
1008 1274 1042 1304 in
1060 1275 1095 1306 P.
1111 1275 1153 1305 V.
1169 1275 1215 1305 ed.
1234 1275 1271 1305 Β.
1289 1275 1329 1305 Ο.
1348 1281 1393 1305 Ω.
1419 1281 1450 1305 et
1474 1276 1533 1306 hoc
1555 1287 1609 1307 vo—

880 1325 1040 1363 cabulum,
1069 1339 1110 1365 τῳ
1132 1327 1269 1357 Decidat
1291 1325 1516 1362 consociatum,
1541 1327 1609 1367 pla·

882 1382 930 1406 cet
958 1386 1022 1416 prae
1048 1376 1169 1417 vulgari
1193 1378 1366 1414 Demisszm,
1389 1376 1457 1416 jam
1482 1387 1610 1417 prorsus

882 1437 1117 1467 supervacaneo.
1141 1426 1305 1467 Virgilius,
1322 1436 1390 1466 geo.
1404 1427 1424 1457 i.
1441 1430 1491 1458 23.

914 1527 1038 1558 Quaeque
1048 1525 1109 1551 satis
1118 1525 1225 1557 largum
1236 1524 1308 1550 coelo
1319 1524 1449 1551 demittitis
1460 1525 1586 1554 imbrem.

885 1605 935 1636 Ibi
950 1606 1078 1646 quidam
1092 1605 1182 1636 codd.
1198 1605 1319 1636 solenni
1330 1605 1487 1643 varietate,
1505 1609 1611 1640 dimit-

882 1659 960 1693 titis;
996 1658 1050 1688 sed
1074 1658 1206 1688 omnino
1233 1667 1404 1696 perperam.
1456 1657 1509 1688 De
1538 1659 1614 1691 locis

885 1708 1050 1738 Ovidianis
1064 1709 1170 1739 minus
1183 1708 1315 1738 fidenter
1329 1709 1616 1750 pronunciaverim3

883 1768 1019 1799 quorum
1033 1759 1117 1799 prior
1132 1759 1265 1790 occurrit
1280 1759 1314 1789 in
1329 1765 1402 1789 met.
1416 1759 1437 1788 i.
1455 1764 1527 1792 261.

1079 1842 1107 1865 et
1118 1846 1155 1864 ex
1166 1839 1242 1864 omni
1254 1839 1349 1864 nimbos
1363 1838 1487 1864 dimittere
1497 1840 1584 1866 coelo:

883 1918 915 1943 et
928 1912 1077 1952 posterior
1092 1912 1165 1943 ibid.
1181 1911 1212 1942 ii.
1226 1915 1300 1943 510.

1079 1986 1140 2009 nec,
1151 1986 1218 2011 quos
1229 1978 1301 2005 coelo
1315 1978 1461 2010 dimitteret,
1473 1979 1572 2006 imbres.

886 2046 953 2077 Alii
976 2057 1043 2078 rem
1067 2047 1255 2088 dijudicent:
1291 2058 1366 2078 nam
1396 2048 1430 2078 in
1456 2047 1533 2078 locis
1555 2049 1615 2079 hoc

883 2108 985 2138 genus
1000 2099 1284 2130 innumerabilibus
1307 2098 1418 2128 similis
1443 2104 1530 2137 patet
1555 2100 1614 2130 du-

884 2150 1003 2180 bitandi
1018 2151 1115 2189 copia.
1163 2150 1330 2181 Codicibus
1345 2150 1443 2190 igitur
1465 2151 1615 2181 emenda-

884 2199 1020 2235 tissimis,
1046 2211 1080 2230 re
1102 2200 1233 2239 incerta,
1261 2200 1496 2241 obsequendum
1518 2207 1618 2232 est.—

888 2251 1057 2290 Caeterum,
1086 2258 1186 2292 potest
1214 2253 1343 2294 ambigi,
1380 2263 1422 2283 an
1451 2253 1617 2284 Lucretius

886 2303 952 2343 ipse
966 2304 1099 2336 dederit:

917 2397 1011 2406 ——
1019 2393 1073 2418 quo
1084 2390 1164 2419 pacto
1174 2387 1280 2420 pluvius
1291 2389 1445 2412 concrescat
1455 2385 1483 2410 in
1494 2385 1554 2411 altis

917 2426 1036 2451 Nubibus
1046 2426 1181 2452 udor—.

891 2495 973 2526 Sane
987 2499 1026 2528 ob
1041 2498 1240 2530 insolentiam
1261 2498 1352 2534 vocis,
1376 2507 1434 2528 nec
1455 2498 1562 2528 minus
1576 2499 1617 2529 ob

889 2547 1051 2580 literarum
1066 2551 1225 2587 viciniam,
1248 2553 1325 2581 udor
1341 2550 1429 2589 lapsu
1444 2549 1571 2589 proclivi
1583 2550 1619 2581 in

888 2609 975 2630 umor
993 2601 1168 2642 demigrare
1182 2602 1293 2642 potuit.
1338 2601 1470 2631 Veteres
1491 2600 1619 2641 glossae:

891 2653 913 2668 “
938 2653 1032 2691 Udor,
1071 2655 1225 2697 typam?
1282 2652 1338 2684 Ad
1377 2652 1465 2683 Statii
1499 2652 1619 2693 locum,

891 2701 989 2733 Theb.
1004 2705 1024 2734 i.
1041 2709 1112 2736 206.

1115 2787 1228 2813 summis
1237 2785 1348 2818 cognati
1359 2785 1473 2810 nubibus
1482 2790 1574 2809 amnes
1580 2790 1589 2808 :

888 2859 932 2890 ita
953 2859 1151 2890 Lactantius:
1179 2862 1203 2877 “
1221 2856 1403 2889 Secundum
1418 2857 1600 2888 Lucretium
1605 2872 1617 2893 ,-

893 2916 916 2932 “
931 2912 985 2954 qui
1000 2912 1077 2942 dicit
1090 2922 1129 2942 ex
1142 2912 1234 2942 udore
1249 2916 1338 2941 terrae
1351 2908 1436 2951 (vide
1451 2919 1544 2949 supra
1559 2917 1619 2938 ver.

893 2969 915 2985 “
931 2969 971 2998 47
975 2966 1020 3007 6.)
1047 2964 1177 2997 nebulas
1191 2963 1278 3004 oriri,
1304 2974 1342 2994 ex
1367 2962 1490 2994 nebulis
1511 2962 1620 2995 nubes,

825 3037 892 3067 Ue
