1926 3224
631 263 865 313 LIBER
913 262 1276 322 QUINTUS.

1562 268 1646 307 121

311 395 398 436 Nec
418 402 632 450 penetrare
651 405 785 450 potest
804 397 933 448 facile,
956 405 1078 453 atque
1097 408 1305 452 emergere
1325 391 1378 434 ad
1398 398 1532 441 ortus3

309 469 549 525 Propterea,
572 479 711 512 noctes
730 471 903 512 hiberno
923 478 1107 525 tempore
1126 471 1262 527 longae

310 543 495 593 Cessant,
518 543 618 584 dum
638 544 773 583 veniat
793 543 997 583 radiatum
1016 543 1176 598 insigne
1196 543 1294 584 diei:

193 619 277 657 700
307 617 395 659 Aut
415 617 553 664 etiam,
575 616 671 669 quia
690 615 747 654 sic
766 614 932 654 alternis
950 615 1134 668 partibus
1154 616 1253 655 anni

307 689 502 738 Tardius,
524 696 564 728 et
584 688 715 737 citius,
738 696 987 729 consuerunt
1007 688 1212 729 confluere
1232 689 1363 744 ignes3

308 761 417 810 Quei
436 760 591 801 faciunt
611 760 735 801 solem
756 760 865 802 certa
886 761 1104 818 desurgere
1123 770 1251 816 parte.

363 835 485 876 Luna
505 842 652 889 potest,
675 834 767 875 solis
787 834 910 875 radiis
930 849 1134 890 percussa,
1157 836 1287 877 nitere
1293 851 1307 884 3

159 991 214 1022 sed
228 990 329 1022 multo
343 990 456 1030 saepius
470 1001 524 1031 per
535 1002 567 1022 se
581 992 724 1023 scribitur
744 993 885 1034 signifer,

161 1044 228 1073 sine
243 1043 443 1074 substantivo.

204 1103 279 1133 Ver.
295 1106 366 1134 691.
389 1105 422 1133 in
437 1114 513 1143 quo:
531 1103 572 1133 V.
588 1103 635 1133 ed.
655 1105 887 1144 iniquo.—con-

161 1155 281 1183 tundit:
308 1153 404 1184 Vind.
421 1154 456 1183 L.
474 1154 520 1183 M.
545 1160 589 1184 Ω.
612 1157 766 1190 contudit;
793 1156 887 1185 omis-

159 1203 247 1233 sione
276 1204 406 1244 virgulae
431 1205 464 1234 in
487 1207 634 1235 commit.
687 1206 750 1236 vel
780 1206 888 1236 fortas-

160 1256 202 1286 sis
223 1256 445 1296 antiquissimis
467 1262 532 1286 tam
557 1260 640 1294 tudo,
666 1269 762 1298 quam
781 1261 889 1296 tundo,

157 1307 252 1338 fuerit
266 1308 300 1337 in
315 1319 390 1345 usu;
414 1315 508 1349 atque
524 1309 557 1339 in
573 1316 714 1349 ternpore
730 1312 888 1350 praesenti,

158 1369 224 1390 non
239 1359 404 1398 praeterito,
430 1360 540 1390 debeat
559 1361 669 1400 accipi,
693 1362 777 1402 quod
803 1363 887 1393 Pris-

159 1410 269 1440 cianus
290 1411 431 1450 protulit,
454 1412 646 1451 exemplum,
675 1413 710 1442 in
735 1412 787 1443 lib.
808 1423 836 1443 x.
858 1423 886 1452 p.

161 1464 233 1492 891.

537 1535 660 1565 virosque
672 1535 801 1560 valenteis

221 1574 339 1598 Contudit
349 1575 462 1599 crudelis
473 1575 577 1606 hyems.

158 1652 239 1682 Sane
248 1663 300 1682 me
311 1652 448 1682 multum
461 1659 564 1682 movet
576 1653 885 1693 castigatissimorum

157 1703 302 1733 codicum
325 1703 477 1733 unanime
501 1704 732 1740 testimonium3
755 1704 809 1734 sed
823 1704 885 1734 alia

154 1764 220 1785 non
245 1756 356 1793 habeo,
380 1755 495 1795 quibus
521 1755 711 1794 suspiciones
732 1766 818 1786 meas
833 1756 884 1786 fir-

154 1807 335 1838 mem.—V.
351 1807 398 1837 ed.
414 1804 522 1837 auten‘i
536 1809 746 1838 contunditur.

199 1865 281 1896 Ibid.
303 1868 480 1896 contundit:
506 1866 527 1896 i.
551 1877 577 1897 e.
607 1867 749 1905 conterit,
773 1878 880 1898 consu·

153 1918 222 1954 mit,
243 1927 343 1956 supra,
368 1927 430 1947 ver.
448 1921 519 1948 618.
542 1924 578 1947 ut
603 1925 685 1948 recte
708 1919 883 1949 Lambinus

153 1968 310 2008 exposuit:
328 1968 468 1999 conferas
479 1970 574 2000 etiam
589 1970 627 2000 iv.
646 1973 717 2001 955.
739 1971 783 2000 Et
797 1971 880 2000 vide-

152 2025 205 2050 tur
218 2029 276 2050 vox
298 2020 430 2050 innuere
449 2023 636 2060 pertinacem
664 2021 824 2062 quandam
848 2022 881 2052 in

151 2072 250 2114 longo
263 2083 299 2103 ac
313 2075 444 2113 repetito
459 2085 552 2105 cursu
567 2078 731 2106 evincendo
747 2078 878 2115 diligen-

151 2126 238 2161 tiam,
253 2124 354 2165 qualis
368 2125 537 2156 insumitur
551 2140 704 2166 ακαμαν-τι
720 2134 815 2166 πελιῳ·
839 2124 882 2156 εἰ·

151 2181 206 2205 cut
221 2176 390 2212 Homerus,
406 2176 440 2205 in
451 2176 489 2206 Il.
505 2182 540 2208 Σ.
558 2181 630 2209 259.
647 2188 722 2208 eum
735 2178 880 2207 nomina-

153 2225 204 2256 vit.
261 2226 467 2265 Claudianus,
497 2228 536 2258 de
561 2230 710 2268 plzoenice,
743 2239 804 2259 ver.
831 2232 878 2258 12.

152 2277 291 2307 multum
306 2278 435 2318 signatis
451 2280 550 2309 verbis
562 2292 569 2309 :

441 2351 528 2376 stellas
539 2353 586 2383 qui
597 2352 701 2376 vividus
711 2357 804 2383 aequat

183 2389 323 2419 nutando,
333 2391 514 2422 membrisque
525 2391 582 2415 terit
592 2392 765 2417 redeuntibus
772 2398 875 2417 aevum.

196 2461 278 2492 Ibid.
303 2463 419 2492 Annua
434 2465 478 2493 sol
491 2466 652 2494 contundit
667 2470 812 2503 tempora,
827 2466 876 2494 lu-

151 2514 233 2543 mine
261 2514 404 2543 lustrans.
463 2513 615 2543 Oratione
645 2514 800 2544 consimili
829 2515 877 2545 M.

151 2563 279 2594 Tullius
294 2573 368 2593 usus
383 2569 440 2601 est,
455 2564 489 2593 in
506 2565 594 2595 Arat-
609 2568 682 2596 398.

213 2645 280 2669 Haec
291 2643 328 2668 sol
337 2648 442 2669 aeterno
455 2645 589 2669 convestit
599 2645 694 2670 lumine
707 2646 829 2676 lustrans,

213 2686 310 2709 Annua
320 2684 450 2716 conficiens
461 2685 595 2710 vortentia
605 2688 716 2717 tempora
727 2692 815 2710 cursu.

192 2764 274 2795 Ibid.
311 2776 448 2805 serpens:
489 2767 528 2796 ob
558 2768 724 2796 tardiorem
753 2772 877 2797 motum

151 2821 292 2855 respectu
306 2816 407 2854 lunae;
430 2816 499 2847 vide
515 2827 576 2847 ver.
590 2820 664 2848 617.

193 2874 270 2905 Ver.
285 2878 356 2907 692.
383 2877 508 2916 Obliquo
534 2877 659 2907 lumine.
705 2876 788 2906 Rem
811 2876 873 2907 ele-

152 2929 260 2965 ganter
273 2926 432 2957 transtulit
447 2937 466 2958 a
480 2926 587 2959 semita
609 2927 648 2958 ad
669 2929 767 2960 solem.
813 2928 874 2959 Zo-

929 994 1055 1025 diacum
1074 994 1226 1036 Virgilius
1240 1003 1328 1024 more
1342 992 1448 1023 minus
1462 991 1582 1032 poetico
1597 989 1653 1021 de-

930 1046 1037 1083 finivit,
1053 1046 1093 1077 ad
1108 1057 1176 1086 geo.
1192 1047 1212 1076 i.
1230 1050 1300 1078 239.

1281 1118 1328 1142 Via
1338 1122 1411 1143 secta
1422 1124 1469 1148 per
1479 1117 1580 1146 ambas,

993 1160 1121 1191 Obliquus
1134 1159 1188 1190 qui
1197 1166 1225 1183 se
1235 1159 1373 1191 signorum
1386 1161 1503 1182 verteret
1514 1157 1590 1180 ordo.

977 1228 1057 1259 Ibid.
1079 1235 1176 1260 terras
1190 1229 1306 1258 lumine
1321 1229 1468 1257 lustrans:
1493 1225 1599 1255 redeas
1613 1223 1655 1254 ad

930 1290 991 1310 ver.
1007 1283 1078 1311 575.
1101 1281 1161 1310 hoc
1186 1279 1272 1309 libro.
1318 1277 1486 1318 Virgilius,
1515 1277 1592 1306 AEn.
1614 1274 1653 1304 iV.

931 1334 1002 1362 607.

961 1407 1012 1436 Sol,
1023 1407 1069 1438 qui
1080 1405 1326 1437 terrarumflammis
1337 1411 1417 1437 opera
1429 1403 1520 1429 omnia
1530 1403 1636 1427 lustras.-

929 1469 949 1499 i.
965 1479 991 1500 e.
1013 1470 1134 1508 circuis,
1158 1470 1233 1506 obis,
1256 1479 1411 1509 peragras,
1428 1464 1652 1501 circumferris;

930 1523 1081 1563 adeoque,
1122 1533 1176 1562 per
1205 1521 1469 1562 consequentiam,
1507 1522 1654 1549 illustras.

932 1575 1104 1612 Amobius,
1127 1575 1178 1605 lib.
1194 1575 1225 1604 ii.
1241 1585 1270 1614 p.
1287 1576 1407 1605 5o.-“
1424 1572 1457 1601 in
1485 1570 1598 1600 insulis
1625 1574 1656 1598 et

930 1630 952 1645 “
967 1627 1134 1665 provinciis
1148 1627 1306 1663 omnibus,
1331 1635 1408 1665 quas
1426 1625 1470 1654 sol
1484 1622 1587 1652 oriens
1608 1626 1654 1650 at·

928 1681 950 1696 “
966 1688 1027 1717 que
1042 1677 1184 1707 occidens
1197 1676 1339 1708 lustrat.”

973 1730 1046 1761 Ver.
1069 1734 1142 1762 695.
1164 1733 1294 1761 crassior
1320 1733 1382 1760 α’ἑν.
1427 1725 1600 1760 Juvenalss,
1624 1735 1654 1754 x.

929 1784 979 1812 50.

957 1849 1109 1873 vervecum
1120 1848 1146 1872 in
1159 1847 1255 1879 patria,
1265 1853 1402 1876 crassoque
1410 1845 1458 1869 sub
1469 1847 1530 1869 affre
1543 1843 1624 1868 nasci.

970 1912 1042 1941 Ver.
1060 1915 1132 1943 696.
1148 1913 1231 1951 igni:
1250 1910 1293 1940 sic
1309 1910 1346 1940 P.
1359 1910 1399 1939 V.
1415 1908 1462 1938 ed.
1478 1907 1573 1946 longe
1589 1905 1651 1935 ele-

925 1964 1066 2004 gantius:
1099 1963 1224 2003 reliqui,
1256 1964 1357 2002 ignes;
1396 1967 1433 1990 ut
1468 1967 1654 1990 communes

925 2015 1010 2045 editi.

967 2072 1050 2103 Ibid.
1074 2074 1236 2104 tremulum
1253 2072 1374 2112 jubar:
1400 2079 1526 2108 nempe,
1550 2067 1652 2097 vibra-

923 2125 1061 2154 tionibus
1076 2130 1106 2154 et
1120 2124 1365 2164 quassationibus
1385 2122 1419 2151 hi
1433 2129 1585 2151 tremores
1599 2128 1654 2148 ex-

924 2177 1068 2206 citantur.
1121 2177 1243 2206 Auctor
1276 2173 1404 2209 Culicis,
1436 2183 1497 2203 ver.
1527 2174 1580 2201 42.
1613 2169 1652 2200 de

925 2230 1000 2258 sole:

966 2295 1141 2325 candidaque
1151 2297 1245 2318 aurato
1254 2293 1383 2325 quatiebat
1395 2291 1493 2316 Iumina
1506 2297 1600 2316 curru:

923 2364 961 2388 ut
981 2357 1034 2387 alii
1057 2358 1238 2397 loquuntur,
1269 2362 1300 2386 et
1325 2366 1382 2386 nos
1406 2355 1480 2385 alibi
1505 2354 1651 2384 diximus.

921 2409 1148 2440 Adscribamus
1163 2415 1270 2438 autern
1285 2409 1457 2444 Avienum,
1475 2408 1564 2436 Arat.
1579 2409 1650 2436 128.

921 2471 1016 2501 quem
1046 2462 1090 2491 sic
1121 2459 1341 2501 corrigendum
1371 2469 1436 2489 esse
1462 2458 1547 2497 prior
1571 2456 1649 2487 vidit

924 2513 1067 2543 Grotius:

1083 2587 1210 2612 immerso
1222 2592 1285 2610 cum
1294 2586 1351 2617 jam
1364 2583 1489 2608 Titanius
1498 2584 1563 2608 orbe

949 2628 1080 2652 Imbuerit
1090 2627 1194 2651 tremulo
1206 2626 1329 2651 Tartesia
1340 2629 1416 2656 terga
1428 2625 1534 2649 rubore.

923 2701 1021 2738 Terga
1037 2698 1132 2728 maris
1145 2697 1271 2733 scilicet,
1299 2696 1348 2726 vel
1375 2710 1452 2727 νοντα
1477 2697 1645 2730 samaa.

922 2752 1087 2791 Oppianus
1101 2752 1196 2782 etiam
1209 2751 1295 2782 haud
1313 2751 1436 2782 alienus
1451 2756 1504 2786 est,
1530 2750 1565 2779 in
1591 2759 1643 2790 cy-

920 2813 991 2844 neg.
1005 2803 1044 2833 iv.
1062 2806 1134 2834 145.

1314 2886 1380 2916 θοως
1394 2896 1515 2913 aarum
1526 2894 1629 2922 ospows-

956 2936 1132 2969 Λοιμετομενις
1147 2935 1251 2964 δαῑδις·
1262 2934 1284 2962 oa'
1296 2935 1322 2962 δε
1334 2944 1436 2970 spano-n
1448 2934 1536 2962 ιδοντες

883 2987 936 3017 12
