<?xml version="1.0" encoding="UTF-8"?>
<!DOCTYPE html PUBLIC "-//W3C//DTD XHTML 1.0 Transitional//EN"
    "http://www.w3.org/TR/xhtml1/DTD/xhtml1-transitional.dtd">
<html xmlns="http://www.w3.org/1999/xhtml" xml:lang="en" lang="en">
 <head>
  <title>
</title>
<meta http-equiv="Content-Type" content="text/html;charset=utf-8" />
  <meta name='ocr-system' content='tesseract 3.04.00' />
  <meta name='ocr-capabilities' content='ocr_page ocr_carea ocr_par ocr_line ocrx_word'/>
</head>
<body>
  <div class='ocr_page' id='page_1' title='image "./tlucretiicarider03lucruoft_0096.png"; bbox 0 0 1926 3224; ppageno 0'>
   <div class='ocr_carea' id='block_1_1' title="bbox 822 238 1302 288">
    <p class='ocr_par' dir='ltr' id='par_1_1' title="bbox 822 238 1302 288">
     <span class='ocr_line' id='line_1_1' title="bbox 822 238 1302 288; baseline -0.006 0"><span class='ocrx_word' id='word_1_1' title='bbox 822 241 882 288; x_wconf 88' lang='lat' dir='ltr'>T.</span> <span class='ocrx_word' id='word_1_2' title='bbox 927 238 1302 287; x_wconf 86' lang='lat' dir='ltr'>LUCRETII</span> 
     </span>
    </p>
   </div>
   <div class='ocr_carea' id='block_1_2' title="bbox 455 367 1558 422">
    <p class='ocr_par' dir='ltr' id='par_1_2' title="bbox 455 367 1558 422">
     <span class='ocr_line' id='line_1_2' title="bbox 455 367 1558 422; baseline 0 -12"><span class='ocrx_word' id='word_1_3' title='bbox 455 369 741 422; x_wconf 86' lang='lat' dir='ltr'>Exhalantque</span> <span class='ocrx_word' id='word_1_4' title='bbox 759 368 869 408; x_wconf 76' lang='lat' dir='ltr'>lacus</span> <span class='ocrx_word' id='word_1_5' title='bbox 889 367 1095 415; x_wconf 85' lang='lat' dir='ltr'><strong>nebulam,</strong></span> <span class='ocrx_word' id='word_1_6' title='bbox 1115 367 1331 421; x_wconf 89' lang='lat' dir='ltr'>fluvieique</span> <span class='ocrx_word' id='word_1_7' title='bbox 1348 380 1558 420; x_wconf 64' lang='lat' dir='ltr'>perennes:</span> 
     </span>
    </p>
   </div>
   <div class='ocr_carea' id='block_1_3' title="bbox 341 438 1415 496">
    <p class='ocr_par' dir='ltr' id='par_1_3' title="bbox 341 438 1415 496">
     <span class='ocr_line' id='line_1_3' title="bbox 341 438 1415 496; baseline -0.001 -16"><span class='ocrx_word' id='word_1_8' title='bbox 341 446 421 482; x_wconf 75' lang='lat'>465</span> <span class='ocrx_word' id='word_1_9' title='bbox 453 443 627 496; x_wconf 85' lang='lat' dir='ltr'>Ipsaque</span> <span class='ocrx_word' id='word_1_10' title='bbox 646 448 686 480; x_wconf 89' lang='lat' dir='ltr'>et</span> <span class='ocrx_word' id='word_1_11' title='bbox 705 439 912 480; x_wconf 88' lang='lat' dir='ltr'>interdum</span> <span class='ocrx_word' id='word_1_12' title='bbox 931 439 1045 480; x_wconf 89' lang='lat' dir='ltr'>tellus</span> <span class='ocrx_word' id='word_1_13' title='bbox 1064 438 1223 480; x_wconf 81' lang='lat' dir='ltr'>fumare</span> <span class='ocrx_word' id='word_1_14' title='bbox 1241 438 1415 479; x_wconf 80' lang='lat' dir='ltr'>videtur:</span> 
     </span>
    </p>
   </div>
   <div class='ocr_carea' id='block_1_4' title="bbox 454 511 1534 569">
    <p class='ocr_par' dir='ltr' id='par_1_4' title="bbox 454 511 1534 569">
     <span class='ocr_line' id='line_1_4' title="bbox 454 511 1534 569; baseline -0.004 -13"><span class='ocrx_word' id='word_1_15' title='bbox 454 514 609 556; x_wconf 86' lang='lat' dir='ltr'>Omnia</span> <span class='ocrx_word' id='word_1_16' title='bbox 628 528 736 569; x_wconf 85' lang='lat' dir='ltr'>quae,</span> <span class='ocrx_word' id='word_1_17' title='bbox 759 529 919 555; x_wconf 88' lang='lat' dir='ltr'>sursum</span> <span class='ocrx_word' id='word_1_18' title='bbox 939 528 1065 569; x_wconf 90' lang='lat' dir='ltr'>quom</span> <span class='ocrx_word' id='word_1_19' title='bbox 1085 513 1354 554; x_wconf 87' lang='lat' dir='ltr'>conciliantur</span> <span class='ocrx_word' id='word_1_20' title='bbox 1373 512 1417 552; x_wconf 91' lang='lat' dir='ltr'>in</span> <span class='ocrx_word' id='word_1_21' title='bbox 1438 511 1534 563; x_wconf 78' lang='lat' dir='ltr'>alto,</span> 
     </span>
    </p>
   </div>
   <div class='ocr_carea' id='block_1_5' title="bbox 455 585 1450 717">
    <p class='ocr_par' dir='ltr' id='par_1_5' title="bbox 455 585 1450 717">
     <span class='ocr_line' id='line_1_5' title="bbox 455 585 1450 642; baseline -0.002 -14"><span class='ocrx_word' id='word_1_22' title='bbox 455 587 642 642; x_wconf 88' lang='lat' dir='ltr'>Corpore</span> <span class='ocrx_word' id='word_1_23' title='bbox 661 595 867 637; x_wconf 85' lang='lat' dir='ltr'>concreto,</span> <span class='ocrx_word' id='word_1_24' title='bbox 889 587 1112 627; x_wconf 85' lang='lat' dir='ltr'>subtexunt</span> <span class='ocrx_word' id='word_1_25' title='bbox 1131 585 1270 626; x_wconf 86' lang='lat' dir='ltr'>nubila</span> <span class='ocrx_word' id='word_1_26' title='bbox 1289 585 1450 627; x_wconf 89' lang='lat' dir='ltr'>coelum:</span> 
     </span>
     <span class='ocr_line' id='line_1_6' title="bbox 455 658 1390 717; baseline -0.003 -15"><span class='ocrx_word' id='word_1_27' title='bbox 455 661 524 702; x_wconf 89' lang='lat' dir='ltr'>Sic</span> <span class='ocrx_word' id='word_1_28' title='bbox 543 661 669 717; x_wconf 86' lang='lat' dir='ltr'>igitur</span> <span class='ocrx_word' id='word_1_29' title='bbox 687 669 776 703; x_wconf 89' lang='lat' dir='ltr'>tum</span> <span class='ocrx_word' id='word_1_30' title='bbox 795 676 837 702; x_wconf 88' lang='lat' dir='ltr'>se</span> <span class='ocrx_word' id='word_1_31' title='bbox 856 661 953 703; x_wconf 82' lang='lat' dir='ltr'>levis</span> <span class='ocrx_word' id='word_1_32' title='bbox 976 676 1023 701; x_wconf 85' lang='lat' dir='ltr'>ac</span> <span class='ocrx_word' id='word_1_33' title='bbox 1043 659 1226 701; x_wconf 82' lang='lat' dir='ltr'>diffusilis</span> <span class='ocrx_word' id='word_1_34' title='bbox 1247 658 1390 709; x_wconf 67' lang='lat' dir='ltr'>aether,</span> 
     </span>
    </p>
   </div>
   <div class='ocr_carea' id='block_1_6' title="bbox 310 822 1031 899">
    <p class='ocr_par' dir='ltr' id='par_1_6' title="bbox 310 822 1031 899">
     <span class='ocr_line' id='line_1_7' title="bbox 310 822 1031 848; baseline -0.003 -1"><span class='ocrx_word' id='word_1_35' title='bbox 310 823 453 848; x_wconf 82' lang='lat' dir='ltr'>Mirificum</span> <span class='ocrx_word' id='word_1_36' title='bbox 463 822 575 847; x_wconf 77' lang='lat' dir='ltr'>facinus:</span> <span class='ocrx_word' id='word_1_37' title='bbox 587 823 759 847; x_wconf 78' lang='lat' dir='ltr'>dextrorsum</span> <span class='ocrx_word' id='word_1_38' title='bbox 771 824 863 846; x_wconf 82' lang='lat' dir='ltr'>orbem</span> <span class='ocrx_word' id='word_1_39' title='bbox 874 822 1031 846; x_wconf 81' lang='lat' dir='ltr'>flammeum</span> 
     </span>
     <span class='ocr_line' id='line_1_8' title="bbox 310 870 765 899; baseline -0.009 -4"><span class='ocrx_word' id='word_1_40' title='bbox 310 871 414 895; x_wconf 68' lang='lat' dir='ltr'>&amp;adiuti</span> <span class='ocrx_word' id='word_1_41' title='bbox 423 870 479 894; x_wconf 72' lang='lat' dir='ltr'>solis</span> <span class='ocrx_word' id='word_1_42' title='bbox 490 870 584 899; x_wconf 87' lang='lat' dir='ltr'>liquier</span> <span class='ocrx_word' id='word_1_43' title='bbox 594 876 672 892; x_wconf 84' lang='lat' dir='ltr'>cursu</span> <span class='ocrx_word' id='word_1_44' title='bbox 684 875 765 892; x_wconf 88' lang='lat' dir='ltr'>novo.</span> 
     </span>
    </p>
   </div>
   <div class='ocr_carea' id='block_1_7' title="bbox 297 942 1033 1594">
    <p class='ocr_par' dir='ltr' id='par_1_7' title="bbox 297 942 1033 1432">
     <span class='ocr_line' id='line_1_9' title="bbox 309 942 1032 980; baseline 0.001 -7"><span class='ocrx_word' id='word_1_45' title='bbox 309 943 408 980; x_wconf 87' lang='lat' dir='ltr'>Libri,</span> <span class='ocrx_word' id='word_1_46' title='bbox 424 944 612 973; x_wconf 83' lang='lat' dir='ltr'>Radiatum:</span> <span class='ocrx_word' id='word_1_47' title='bbox 638 942 658 972; x_wconf 89' lang='lat' dir='ltr'>i.</span> <span class='ocrx_word' id='word_1_48' title='bbox 673 952 699 972; x_wconf 91' lang='lat' dir='ltr'>e.</span> <span class='ocrx_word' id='word_1_49' title='bbox 720 944 863 979; x_wconf 55' lang='lat' dir='ltr'>radiatffl</span> <span class='ocrx_word' id='word_1_50' title='bbox 887 943 972 974; x_wconf 90' lang='lat' dir='ltr'>unde</span> <span class='ocrx_word' id='word_1_51' title='bbox 986 943 1032 974; x_wconf 86' lang='lat' dir='ltr'>fa-</span> 
     </span>
     <span class='ocr_line' id='line_1_10' title="bbox 308 992 1031 1032; baseline 0.004 -10"><span class='ocrx_word' id='word_1_52' title='bbox 308 992 376 1022; x_wconf 90' lang='lat' dir='ltr'>cilis</span> <span class='ocrx_word' id='word_1_53' title='bbox 396 998 462 1022; x_wconf 85' lang='lat' dir='ltr'>erat</span> <span class='ocrx_word' id='word_1_54' title='bbox 482 1002 574 1022; x_wconf 90' lang='lat' dir='ltr'>error.</span> <span class='ocrx_word' id='word_1_55' title='bbox 632 994 765 1032; x_wconf 83' lang='lat' dir='ltr'>Liquier</span> <span class='ocrx_word' id='word_1_56' title='bbox 787 999 902 1030; x_wconf 79' lang='lat' dir='ltr'>autem,</span> <span class='ocrx_word' id='word_1_57' title='bbox 924 996 1031 1032; x_wconf 81' lang='lat' dir='ltr'><em>labier,</em></span> 
     </span>
     <span class='ocr_line' id='line_1_11' title="bbox 297 1045 1030 1087; baseline 0.001 -12"><span class='ocrx_word' id='word_1_58' title='bbox 297 1048 418 1086; x_wconf 77' lang='lat' dir='ltr'>fluere,-</span> <span class='ocrx_word' id='word_1_59' title='bbox 441 1055 496 1085; x_wconf 87' lang='lat' dir='ltr'>per</span> <span class='ocrx_word' id='word_1_60' title='bbox 510 1056 593 1076; x_wconf 83' lang='lat' dir='ltr'>mare</span> <span class='ocrx_word' id='word_1_61' title='bbox 614 1045 682 1075; x_wconf 88' lang='lat' dir='ltr'>coeli</span> <span class='ocrx_word' id='word_1_62' title='bbox 698 1045 824 1076; x_wconf 88' lang='lat' dir='ltr'>scilicet:</span> <span class='ocrx_word' id='word_1_63' title='bbox 850 1046 883 1076; x_wconf 94' lang='lat' dir='ltr'>in</span> <span class='ocrx_word' id='word_1_64' title='bbox 899 1057 963 1087; x_wconf 91' lang='lat' dir='ltr'>quo</span> <span class='ocrx_word' id='word_1_65' title='bbox 977 1057 1030 1076; x_wconf 84' lang='lat' dir='ltr'>vo-</span> 
     </span>
     <span class='ocr_line' id='line_1_12' title="bbox 307 1096 1033 1136; baseline 0.001 -10"><span class='ocrx_word' id='word_1_66' title='bbox 307 1096 429 1132; x_wconf 84' lang='lat' dir='ltr'>cabulo,</span> <span class='ocrx_word' id='word_1_67' title='bbox 451 1096 546 1136; x_wconf 90' lang='lat' dir='ltr'>longe</span> <span class='ocrx_word' id='word_1_68' title='bbox 561 1096 714 1136; x_wconf 84' lang='lat' dir='ltr'>longeque</span> <span class='ocrx_word' id='word_1_69' title='bbox 736 1097 913 1133; x_wconf 88' lang='lat' dir='ltr'>bellissimo,</span> <span class='ocrx_word' id='word_1_70' title='bbox 937 1098 1033 1127; x_wconf 89' lang='lat' dir='ltr'>miror</span> 
     </span>
     <span class='ocr_line' id='line_1_13' title="bbox 308 1146 1031 1185; baseline 0 -8"><span class='ocrx_word' id='word_1_71' title='bbox 308 1147 475 1177; x_wconf 80' lang='lat' dir='ltr'>Davisium</span> <span class='ocrx_word' id='word_1_72' title='bbox 490 1146 655 1185; x_wconf 65' lang='lat' dir='ltr'>haesitasse,</span> <span class='ocrx_word' id='word_1_73' title='bbox 670 1152 701 1176; x_wconf 89' lang='lat' dir='ltr'>et</span> <span class='ocrx_word' id='word_1_74' title='bbox 715 1146 877 1178; x_wconf 85' lang='lat' dir='ltr'>eliminare</span> <span class='ocrx_word' id='word_1_75' title='bbox 891 1147 1031 1178; x_wconf 86' lang='lat' dir='ltr'>voluisse.</span> 
     </span>
     <span class='ocr_line' id='line_1_14' title="bbox 309 1198 1032 1239; baseline 0.001 -11"><span class='ocrx_word' id='word_1_76' title='bbox 309 1198 462 1229; x_wconf 82' lang='lat' dir='ltr'>Similiter</span> <span class='ocrx_word' id='word_1_77' title='bbox 480 1198 564 1229; x_wconf 85' lang='lat' dir='ltr'>idem</span> <span class='ocrx_word' id='word_1_78' title='bbox 578 1199 713 1239; x_wconf 82' lang='lat' dir='ltr'>tragicus</span> <span class='ocrx_word' id='word_1_79' title='bbox 727 1199 811 1238; x_wconf 88' lang='lat' dir='ltr'>apud</span> <span class='ocrx_word' id='word_1_80' title='bbox 834 1199 1032 1230; x_wconf 81' lang='lat' dir='ltr'>Priscianum</span> 
     </span>
     <span class='ocr_line' id='line_1_15' title="bbox 307 1249 1030 1288; baseline 0.001 -9"><span class='ocrx_word' id='word_1_81' title='bbox 307 1249 347 1279; x_wconf 92' lang='lat' dir='ltr'>de</span> <span class='ocrx_word' id='word_1_82' title='bbox 381 1249 499 1287; x_wconf 88' lang='lat' dir='ltr'>metris,</span> <span class='ocrx_word' id='word_1_83' title='bbox 534 1260 566 1288; x_wconf 89' lang='lat' dir='ltr'>p.</span> <span class='ocrx_word' id='word_1_84' title='bbox 597 1252 686 1280; x_wconf 80' lang='lat'>1325.</span> <span class='ocrx_word' id='word_1_85' title='bbox 732 1249 808 1280; x_wconf 86' lang='lat' dir='ltr'>Alia</span> <span class='ocrx_word' id='word_1_86' title='bbox 842 1256 949 1280; x_wconf 75' lang='lat' dir='ltr'>autem</span> <span class='ocrx_word' id='word_1_87' title='bbox 976 1260 1030 1280; x_wconf 91' lang='lat' dir='ltr'>vo-</span> 
     </span>
     <span class='ocr_line' id='line_1_16' title="bbox 310 1299 1032 1340; baseline 0.001 -10"><span class='ocrx_word' id='word_1_88' title='bbox 310 1299 354 1330; x_wconf 89' lang='lat' dir='ltr'>cis</span> <span class='ocrx_word' id='word_1_89' title='bbox 390 1301 532 1330; x_wconf 76' lang='lat' dir='ltr'>radiatus</span> <span class='ocrx_word' id='word_1_90' title='bbox 568 1300 711 1339; x_wconf 85' lang='lat' dir='ltr'>exempla</span> <span class='ocrx_word' id='word_1_91' title='bbox 749 1301 916 1340; x_wconf 85' lang='lat' dir='ltr'>quaereuda</span> <span class='ocrx_word' id='word_1_92' title='bbox 959 1307 1032 1331; x_wconf 89' lang='lat' dir='ltr'>sunt</span> 
     </span>
     <span class='ocr_line' id='line_1_17' title="bbox 309 1349 1030 1390; baseline 0.001 -10"><span class='ocrx_word' id='word_1_93' title='bbox 309 1349 394 1389; x_wconf 83' lang='lat' dir='ltr'>apud</span> <span class='ocrx_word' id='word_1_94' title='bbox 424 1350 665 1390; x_wconf 81' lang='lat' dir='ltr'>lexicographos,</span> <span class='ocrx_word' id='word_1_95' title='bbox 703 1360 743 1380; x_wconf 86' lang='lat' dir='ltr'>ne</span> <span class='ocrx_word' id='word_1_96' title='bbox 771 1351 932 1381; x_wconf 81' lang='lat' dir='ltr'>nimietate</span> <span class='ocrx_word' id='word_1_97' title='bbox 959 1361 1030 1390; x_wconf 86' lang='lat' dir='ltr'>pec·</span> 
     </span>
     <span class='ocr_line' id='line_1_18' title="bbox 309 1412 388 1432; baseline 0 0"><span class='ocrx_word' id='word_1_98' title='bbox 309 1412 388 1432; x_wconf 89' lang='lat' dir='ltr'>cem.</span> 
     </span>
    </p>

    <p class='ocr_par' dir='ltr' id='par_1_8' title="bbox 309 1459 1032 1594">
     <span class='ocr_line' id='line_1_19' title="bbox 351 1459 1032 1501; baseline 0 -11"><span class='ocrx_word' id='word_1_99' title='bbox 351 1460 426 1491; x_wconf 83' lang='lat' dir='ltr'>Ver.</span> <span class='ocrx_word' id='word_1_100' title='bbox 441 1464 512 1491; x_wconf 83' lang='lat'><strong><em>464.</em></strong></span> <span class='ocrx_word' id='word_1_101' title='bbox 523 1462 714 1501; x_wconf 82' lang='lat' dir='ltr'>fluvieique:</span> <span class='ocrx_word' id='word_1_102' title='bbox 742 1459 781 1489; x_wconf 92' lang='lat' dir='ltr'>V.</span> <span class='ocrx_word' id='word_1_103' title='bbox 796 1460 843 1490; x_wconf 88' lang='lat' dir='ltr'>ed.</span> <span class='ocrx_word' id='word_1_104' title='bbox 848 1462 1032 1501; x_wconf 82' lang='lat' dir='ltr'>fluviisque,-</span> 
     </span>
     <span class='ocr_line' id='line_1_20' title="bbox 310 1510 1031 1552; baseline 0 -10"><span class='ocrx_word' id='word_1_105' title='bbox 310 1518 351 1542; x_wconf 89' lang='grc' dir='ltr'>Π.</span> <span class='ocrx_word' id='word_1_106' title='bbox 363 1514 674 1552; x_wconf 78' lang='lat' dir='ltr'>fluvii.-perennes.·</span> <span class='ocrx_word' id='word_1_107' title='bbox 701 1511 742 1541; x_wconf 89' lang='lat' dir='ltr'>V.</span> <span class='ocrx_word' id='word_1_108' title='bbox 757 1510 805 1541; x_wconf 83' lang='lat' dir='ltr'>ed.</span> <span class='ocrx_word' id='word_1_109' title='bbox 830 1517 874 1542; x_wconf 83' lang='grc' dir='ltr'>Ω.</span> <span class='ocrx_word' id='word_1_110' title='bbox 891 1513 1031 1551; x_wconf 79' lang='lat' dir='ltr'>perhem-</span> 
     </span>
     <span class='ocr_line' id='line_1_21' title="bbox 309 1574 370 1594; baseline 0.033 -2"><span class='ocrx_word' id='word_1_111' title='bbox 309 1574 370 1594; x_wconf 62' lang='lat' dir='ltr'>vles.</span> 
     </span>
    </p>
   </div>
   <div class='ocr_carea' id='block_1_8' title="bbox 308 1622 1033 1817">
    <p class='ocr_par' dir='ltr' id='par_1_9' title="bbox 308 1622 1033 1817">
     <span class='ocr_line' id='line_1_22' title="bbox 352 1622 1032 1665; baseline 0.003 -13"><span class='ocrx_word' id='word_1_112' title='bbox 352 1622 433 1652; x_wconf 88' lang='lat' dir='ltr'>Ibid.</span> <span class='ocrx_word' id='word_1_113' title='bbox 466 1624 623 1653; x_wconf 68' lang='lat' dir='ltr'>Eaehatant</span> <span class='ocrx_word' id='word_1_114' title='bbox 659 1624 950 1654; x_wconf 77' lang='lat' dir='ltr'>nebulam—tellus</span> <span class='ocrx_word' id='word_1_115' title='bbox 972 1624 1032 1665; x_wconf 79' lang='lat' dir='ltr'>su·</span> 
     </span>
     <span class='ocr_line' id='line_1_23' title="bbox 309 1674 1033 1714; baseline 0.001 -10"><span class='ocrx_word' id='word_1_116' title='bbox 309 1685 403 1705; x_wconf 83' lang='lat' dir='ltr'>mare.</span> <span class='ocrx_word' id='word_1_117' title='bbox 449 1674 539 1705; x_wconf 90' lang='lat' dir='ltr'>Hinc</span> <span class='ocrx_word' id='word_1_118' title='bbox 561 1685 617 1705; x_wconf 89' lang='lat' dir='ltr'>sua</span> <span class='ocrx_word' id='word_1_119' title='bbox 638 1674 745 1714; x_wconf 87' lang='lat' dir='ltr'>procul</span> <span class='ocrx_word' id='word_1_120' title='bbox 769 1674 865 1705; x_wconf 88' lang='lat' dir='ltr'>dubio</span> <span class='ocrx_word' id='word_1_121' title='bbox 881 1675 1033 1706; x_wconf 86' lang='lat' dir='ltr'>Mantua-</span> 
     </span>
     <span class='ocr_line' id='line_1_24' title="bbox 311 1724 1032 1766; baseline 0.001 -11"><span class='ocrx_word' id='word_1_122' title='bbox 311 1736 369 1756; x_wconf 86' lang='lat' dir='ltr'>nus</span> <span class='ocrx_word' id='word_1_123' title='bbox 382 1726 498 1763; x_wconf 88' lang='lat' dir='ltr'>hausit,</span> <span class='ocrx_word' id='word_1_124' title='bbox 524 1725 632 1756; x_wconf 87' lang='lat' dir='ltr'>itidem</span> <span class='ocrx_word' id='word_1_125' title='bbox 658 1725 697 1756; x_wconf 89' lang='lat' dir='ltr'>de</span> <span class='ocrx_word' id='word_1_126' title='bbox 721 1724 803 1757; x_wconf 68' lang='lat' dir='ltr'>terni</span> <span class='ocrx_word' id='word_1_127' title='bbox 830 1725 970 1766; x_wconf 81' lang='lat' dir='ltr'>loquenS,</span> <span class='ocrx_word' id='word_1_128' title='bbox 992 1725 1032 1756; x_wconf 87' lang='lat' dir='ltr'>ad</span> 
     </span>
     <span class='ocr_line' id='line_1_25' title="bbox 308 1777 512 1817; baseline 0 -11"><span class='ocrx_word' id='word_1_129' title='bbox 308 1786 377 1817; x_wconf 84' lang='lat' dir='ltr'>geo.</span> <span class='ocrx_word' id='word_1_130' title='bbox 393 1777 424 1806; x_wconf 91' lang='lat' dir='ltr'>ii.</span> <span class='ocrx_word' id='word_1_131' title='bbox 441 1780 512 1806; x_wconf 80' lang='lat'><strong>217.</strong></span> 
     </span>
    </p>
   </div>
   <div class='ocr_carea' id='block_1_9' title="bbox 309 1864 1030 1897">
    <p class='ocr_par' dir='ltr' id='par_1_10' title="bbox 309 1864 1030 1897">
     <span class='ocr_line' id='line_1_26' title="bbox 309 1864 1030 1897; baseline 0.001 -8"><span class='ocrx_word' id='word_1_132' title='bbox 309 1866 378 1895; x_wconf 75' lang='lat' dir='ltr'>Qua:</span> <span class='ocrx_word' id='word_1_133' title='bbox 390 1868 501 1890; x_wconf 86' lang='lat' dir='ltr'>tenuem</span> <span class='ocrx_word' id='word_1_134' title='bbox 513 1864 617 1888; x_wconf 76' lang='lat' dir='ltr'><em>exhalat</em></span> <span class='ocrx_word' id='word_1_135' title='bbox 626 1864 753 1894; x_wconf 72' lang='lat' dir='ltr'>nebulam,</span> <span class='ocrx_word' id='word_1_136' title='bbox 760 1864 897 1897; x_wconf 64' lang='lat' dir='ltr'>fumaenque</span> <span class='ocrx_word' id='word_1_137' title='bbox 908 1865 1030 1890; x_wconf 82' lang='lat' dir='ltr'>volucris.</span> 
     </span>
    </p>
   </div>
   <div class='ocr_carea' id='block_1_10' title="bbox 308 1943 1030 2177">
    <p class='ocr_par' dir='ltr' id='par_1_11' title="bbox 308 1943 1030 2177">
     <span class='ocr_line' id='line_1_27' title="bbox 353 1943 1030 1986; baseline 0.003 -12"><span class='ocrx_word' id='word_1_138' title='bbox 353 1943 435 1974; x_wconf 84' lang='lat' dir='ltr'>lbid.</span> <span class='ocrx_word' id='word_1_139' title='bbox 459 1945 616 1974; x_wconf 69' lang='lat' dir='ltr'>Etltalant</span> <span class='ocrx_word' id='word_1_140' title='bbox 637 1946 723 1975; x_wconf 83' lang='lat' dir='ltr'>lacus</span> <span class='ocrx_word' id='word_1_141' title='bbox 747 1946 886 1975; x_wconf 78' lang='lat' dir='ltr'><strong><em>nebulam</em></strong></span> <span class='ocrx_word' id='word_1_142' title='bbox 901 1947 1030 1986; x_wconf 78' lang='lat' dir='ltr'>fluvz&#39;ez&#39;-</span> 
     </span>
     <span class='ocr_line' id='line_1_28' title="bbox 308 1994 1029 2036; baseline 0.001 -11"><span class='ocrx_word' id='word_1_143' title='bbox 308 2006 376 2036; x_wconf 77' lang='lat' dir='ltr'>que.</span> <span class='ocrx_word' id='word_1_144' title='bbox 422 1995 543 2025; x_wconf 85' lang='lat' dir='ltr'>Lucani</span> <span class='ocrx_word' id='word_1_145' title='bbox 572 1994 729 2034; x_wconf 75' lang='lat' dir='ltr'>leguntur,</span> <span class='ocrx_word' id='word_1_146' title='bbox 758 1996 820 2024; x_wconf 89' lang='lat' dir='ltr'>huc</span> <span class='ocrx_word' id='word_1_147' title='bbox 849 2002 1029 2034; x_wconf 82' lang='lat' dir='ltr'><strong>spectantes,</strong></span> 
     </span>
     <span class='ocr_line' id='line_1_29' title="bbox 308 2045 1028 2086; baseline 0.003 -10"><span class='ocrx_word' id='word_1_148' title='bbox 308 2045 532 2086; x_wconf 71' lang='lat' dir='ltr'>elegantissimi</span> <span class='ocrx_word' id='word_1_149' title='bbox 557 2055 672 2082; x_wconf 67' lang='lat' dir='ltr'>versu5‚</span> <span class='ocrx_word' id='word_1_150' title='bbox 696 2046 730 2075; x_wconf 88' lang='lat' dir='ltr'>in</span> <span class='ocrx_word' id='word_1_151' title='bbox 754 2046 861 2076; x_wconf 83' lang='lat' dir='ltr'>Phars.</span> <span class='ocrx_word' id='word_1_152' title='bbox 887 2047 927 2076; x_wconf 84' lang='lat' dir='ltr'>vi.</span> <span class='ocrx_word' id='word_1_153' title='bbox 954 2051 1028 2079; x_wconf 80' lang='lat'><strong>569.</strong></span> 
     </span>
     <span class='ocr_line' id='line_1_30' title="bbox 309 2096 1030 2136; baseline 0.003 -10"><span class='ocrx_word' id='word_1_154' title='bbox 309 2097 362 2126; x_wconf 88' lang='lat' dir='ltr'>ubi</span> <span class='ocrx_word' id='word_1_155' title='bbox 375 2096 549 2126; x_wconf 86' lang='lat' dir='ltr'>Burmanni</span> <span class='ocrx_word' id='word_1_156' title='bbox 565 2096 722 2136; x_wconf 82' lang='lat' dir='ltr'>frugiferae</span> <span class='ocrx_word' id='word_1_157' title='bbox 737 2102 819 2126; x_wconf 85' lang='lat' dir='ltr'>notae</span> <span class='ocrx_word' id='word_1_158' title='bbox 833 2097 1030 2128; x_wconf 61' lang='lat' dir='ltr'>consulenda*</span> 
     </span>
     <span class='ocr_line' id='line_1_31' title="bbox 309 2151 395 2177; baseline 0.012 -1"><span class='ocrx_word' id='word_1_159' title='bbox 309 2151 395 2177; x_wconf 80' lang='lat' dir='ltr'>sunt:</span> 
     </span>
    </p>
   </div>
   <div class='ocr_carea' id='block_1_11' title="bbox 324 2237 1031 2349">
    <p class='ocr_par' dir='ltr' id='par_1_12' title="bbox 324 2237 1031 2349">
     <span class='ocr_line' id='line_1_32' title="bbox 324 2237 1031 2269; baseline 0.007 -8"><span class='ocrx_word' id='word_1_160' title='bbox 324 2237 431 2269; x_wconf 76' lang='lat' dir='ltr'>Quique</span> <span class='ocrx_word' id='word_1_161' title='bbox 441 2244 490 2263; x_wconf 86' lang='lat' dir='ltr'>nec</span> <span class='ocrx_word' id='word_1_162' title='bbox 503 2238 645 2263; x_wconf 81' lang='lat' dir='ltr'>humentes</span> <span class='ocrx_word' id='word_1_163' title='bbox 656 2237 768 2268; x_wconf 82' lang='lat' dir='ltr'>nebulas,</span> <span class='ocrx_word' id='word_1_164' title='bbox 787 2245 836 2264; x_wconf 89' lang='lat' dir='ltr'>nec</span> <span class='ocrx_word' id='word_1_165' title='bbox 853 2245 911 2264; x_wconf 82' lang='lat' dir='ltr'>rore</span> <span class='ocrx_word' id='word_1_166' title='bbox 922 2240 1031 2266; x_wconf 84' lang='lat' dir='ltr'>maden-</span> 
     </span>
     <span class='ocr_line' id='line_1_33' title="bbox 400 2280 459 2302; baseline 0 -1"><span class='ocrx_word' id='word_1_167' title='bbox 400 2280 459 2302; x_wconf 88' lang='lat' dir='ltr'>tem</span> 
     </span>
     <span class='ocr_line' id='line_1_34' title="bbox 324 2316 968 2349; baseline 0.002 -7"><span class='ocrx_word' id='word_1_168' title='bbox 324 2316 403 2347; x_wconf 57' lang='lat' dir='ltr'>Aeta,</span> <span class='ocrx_word' id='word_1_169' title='bbox 422 2322 472 2341; x_wconf 90' lang='lat' dir='ltr'>nec</span> <span class='ocrx_word' id='word_1_170' title='bbox 482 2320 576 2342; x_wconf 82' lang='lat' dir='ltr'>tenues</span> <span class='ocrx_word' id='word_1_171' title='bbox 586 2320 691 2347; x_wconf 86' lang='lat' dir='ltr'>ventos,</span> <span class='ocrx_word' id='word_1_172' title='bbox 706 2317 829 2349; x_wconf 78' lang='lat' dir='ltr'>subspirat</span> <span class='ocrx_word' id='word_1_173' title='bbox 840 2318 968 2343; x_wconf 84' lang='lat' dir='ltr'>Anauros.</span> 
     </span>
    </p>
   </div>
   <div class='ocr_carea' id='block_1_12' title="bbox 307 2409 1031 2643">
    <p class='ocr_par' dir='ltr' id='par_1_13' title="bbox 307 2409 1031 2643">
     <span class='ocr_line' id='line_1_35' title="bbox 309 2409 1030 2448; baseline 0.003 -10"><span class='ocrx_word' id='word_1_174' title='bbox 309 2409 465 2447; x_wconf 61' lang='lat' dir='ltr'>Subsyn&#39;rat</span> <span class='ocrx_word' id='word_1_175' title='bbox 482 2413 598 2445; x_wconf 82' lang='lat' dir='ltr'>autem,</span> <span class='ocrx_word' id='word_1_176' title='bbox 621 2410 727 2438; x_wconf 76' lang='lat' dir='ltr'>‹Ie-sub</span> <span class='ocrx_word' id='word_1_177' title='bbox 742 2411 849 2448; x_wconf 78' lang='lat' dir='ltr'>spirat,</span> <span class='ocrx_word' id='word_1_178' title='bbox 865 2410 914 2439; x_wconf 76' lang='lat' dir='ltr'>vel</span> <span class='ocrx_word' id='word_1_179' title='bbox 928 2411 966 2440; x_wconf 92' lang='lat' dir='ltr'>ab</span> <span class='ocrx_word' id='word_1_180' title='bbox 982 2411 1030 2440; x_wconf 88' lang='lat' dir='ltr'>in-</span> 
     </span>
     <span class='ocr_line' id='line_1_36' title="bbox 308 2459 1031 2500; baseline 0.006 -12"><span class='ocrx_word' id='word_1_181' title='bbox 308 2460 356 2489; x_wconf 84' lang='lat' dir='ltr'>sra</span> <span class='ocrx_word' id='word_1_182' title='bbox 371 2459 482 2495; x_wconf 55' lang='lat' dir='ltr'>mittin</span> <span class='ocrx_word' id='word_1_183' title='bbox 506 2459 525 2489; x_wconf 89' lang='lat' dir='ltr'>i.</span> <span class='ocrx_word' id='word_1_184' title='bbox 541 2469 568 2489; x_wconf 90' lang='lat' dir='ltr'>e.</span> <span class='ocrx_word' id='word_1_185' title='bbox 592 2462 757 2490; x_wconf 76' lang='lat' dir='ltr'>submittit:</span> <span class='ocrx_word' id='word_1_186' title='bbox 783 2471 840 2490; x_wconf 91' lang='lat' dir='ltr'>nos</span> <span class='ocrx_word' id='word_1_187' title='bbox 860 2461 977 2500; x_wconf 84' lang='lat' dir='ltr'>inspice</span> <span class='ocrx_word' id='word_1_188' title='bbox 992 2462 1031 2492; x_wconf 89' lang='lat' dir='ltr'>ad</span> 
     </span>
     <span class='ocr_line' id='line_1_37' title="bbox 307 2510 1028 2552; baseline 0.006 -13"><span class='ocrx_word' id='word_1_189' title='bbox 307 2511 328 2539; x_wconf 91' lang='lat' dir='ltr'>i.</span> <span class='ocrx_word' id='word_1_190' title='bbox 348 2513 378 2540; x_wconf 90' lang='grc'>8.</span> <span class='ocrx_word' id='word_1_191' title='bbox 403 2516 434 2540; x_wconf 88' lang='lat' dir='ltr'>et</span> <span class='ocrx_word' id='word_1_192' title='bbox 458 2510 542 2548; x_wconf 86' lang='lat' dir='ltr'>alibi,</span> <span class='ocrx_word' id='word_1_193' title='bbox 567 2521 659 2551; x_wconf 86' lang='lat' dir='ltr'>super</span> <span class='ocrx_word' id='word_1_194' title='bbox 681 2511 854 2542; x_wconf 79' lang='lat' dir='ltr'>istiusmodi</span> <span class='ocrx_word' id='word_1_195' title='bbox 877 2515 1028 2552; x_wconf 82' lang='lat' dir='ltr'>composi-</span> 
     </span>
     <span class='ocr_line' id='line_1_38' title="bbox 308 2561 1031 2601; baseline 0.007 -12"><span class='ocrx_word' id='word_1_196' title='bbox 308 2561 355 2590; x_wconf 83' lang='lat' dir='ltr'>tis.</span> <span class='ocrx_word' id='word_1_197' title='bbox 401 2561 489 2591; x_wconf 90' lang='lat' dir='ltr'>Hinc</span> <span class='ocrx_word' id='word_1_198' title='bbox 511 2562 543 2591; x_wconf 90' lang='lat' dir='ltr'>in</span> <span class='ocrx_word' id='word_1_199' title='bbox 559 2562 662 2601; x_wconf 89' lang='lat' dir='ltr'>primo</span> <span class='ocrx_word' id='word_1_200' title='bbox 678 2562 818 2593; x_wconf 87' lang='lat' dir='ltr'>Mosellae</span> <span class='ocrx_word' id='word_1_201' title='bbox 840 2564 1031 2594; x_wconf 83' lang='lat' dir='ltr'>Ausonianae</span> 
     </span>
     <span class='ocr_line' id='line_1_39' title="bbox 309 2611 474 2643; baseline 0.024 -4"><span class='ocrx_word' id='word_1_202' title='bbox 309 2611 474 2643; x_wconf 61' lang='lat' dir='ltr'>versiculo:</span> 
     </span>
    </p>
   </div>
   <div class='ocr_carea' id='block_1_13' title="bbox 320 2702 1018 2735">
    <p class='ocr_par' dir='ltr' id='par_1_14' title="bbox 320 2702 1018 2735">
     <span class='ocr_line' id='line_1_40' title="bbox 320 2702 1018 2735; baseline 0.01 -11"><span class='ocrx_word' id='word_1_203' title='bbox 320 2702 490 2728; x_wconf 72' lang='lat' dir='ltr'>Transieram</span> <span class='ocrx_word' id='word_1_204' title='bbox 503 2704 617 2729; x_wconf 86' lang='lat' dir='ltr'>celerem</span> <span class='ocrx_word' id='word_1_205' title='bbox 630 2704 743 2729; x_wconf 78' lang='lat' dir='ltr'>nebuloso</span> <span class='ocrx_word' id='word_1_206' title='bbox 751 2705 860 2735; x_wconf 83' lang='lat' dir='ltr'>flumine</span> <span class='ocrx_word' id='word_1_207' title='bbox 872 2708 1018 2731; x_wconf 59' lang='lat' dir='ltr'>Nasam—z</span> 
     </span>
    </p>
   </div>
   <div class='ocr_carea' id='block_1_14' title="bbox 309 2781 1030 2932">
    <p class='ocr_par' dir='ltr' id='par_1_15' title="bbox 309 2781 1030 2932">
     <span class='ocr_line' id='line_1_41' title="bbox 309 2781 1028 2829; baseline 0.015 -19"><span class='ocrx_word' id='word_1_208' title='bbox 309 2781 378 2821; x_wconf 83' lang='lat' dir='ltr'>quis</span> <span class='ocrx_word' id='word_1_209' title='bbox 387 2783 465 2814; x_wconf 82' lang='lat' dir='ltr'>feret</span> <span class='ocrx_word' id='word_1_210' title='bbox 475 2786 667 2826; x_wconf 89' lang='lat' dir='ltr'>Scaligerum</span> <span class='ocrx_word' id='word_1_211' title='bbox 679 2789 896 2829; x_wconf 82' lang='lat' dir='ltr'>corrigentem,</span> <span class='ocrx_word' id='word_1_212' title='bbox 905 2792 1028 2825; x_wconf 73' lang='lat' dir='ltr'>lumine,</span> 
     </span>
     <span class='ocr_line' id='line_1_42' title="bbox 311 2836 1030 2873; baseline 0.015 -13"><span class='ocrx_word' id='word_1_213' title='bbox 311 2837 468 2873; x_wconf 88' lang='lat' dir='ltr'>utcunque</span> <span class='ocrx_word' id='word_1_214' title='bbox 483 2836 630 2867; x_wconf 88' lang='lat' dir='ltr'>Barthius</span> <span class='ocrx_word' id='word_1_215' title='bbox 645 2844 675 2868; x_wconf 89' lang='lat' dir='ltr'>et</span> <span class='ocrx_word' id='word_1_216' title='bbox 692 2840 843 2870; x_wconf 81' lang='lat' dir='ltr'>Freherus</span> <span class='ocrx_word' id='word_1_217' title='bbox 861 2841 1030 2870; x_wconf 85' lang='lat' dir='ltr'>assentian-</span> 
     </span>
     <span class='ocr_line' id='line_1_43' title="bbox 309 2884 1030 2932; baseline 0.014 -20"><span class='ocrx_word' id='word_1_218' title='bbox 309 2888 378 2921; x_wconf 75' lang='lat' dir='ltr'>tur5</span> <span class='ocrx_word' id='word_1_219' title='bbox 408 2884 485 2923; x_wconf 85' lang='lat' dir='ltr'>imo,</span> <span class='ocrx_word' id='word_1_220' title='bbox 513 2894 639 2917; x_wconf 80' lang='lat' dir='ltr'>centum</span> <span class='ocrx_word' id='word_1_221' title='bbox 669 2890 790 2919; x_wconf 79' lang='lat' dir='ltr'>Bar-thil</span> <span class='ocrx_word' id='word_1_222' title='bbox 821 2892 847 2921; x_wconf 91' lang='lat' dir='ltr'><strong>F</strong></span> <span class='ocrx_word' id='word_1_223' title='bbox 849 2891 1030 2932; x_wconf 83' lang='lat' dir='ltr'>reheriquc?</span> 
     </span>
    </p>
   </div>
   <div class='ocr_carea' id='block_1_15' title="bbox 1075 813 1794 900">
    <p class='ocr_par' dir='ltr' id='par_1_16' title="bbox 1075 813 1794 900">
     <span class='ocr_line' id='line_1_44' title="bbox 1077 813 1794 855; baseline 0 -10"><span class='ocrx_word' id='word_1_224' title='bbox 1077 817 1165 851; x_wconf 76' lang='lat' dir='ltr'>Quos</span> <span class='ocrx_word' id='word_1_225' title='bbox 1194 821 1301 845; x_wconf 77' lang='lat' dir='ltr'>tamen</span> <span class='ocrx_word' id='word_1_226' title='bbox 1329 813 1460 845; x_wconf 83' lang='lat' dir='ltr'>minime</span> <span class='ocrx_word' id='word_1_227' title='bbox 1485 814 1629 845; x_wconf 87' lang='lat' dir='ltr'>omnium</span> <span class='ocrx_word' id='word_1_228' title='bbox 1651 814 1794 855; x_wconf 85' lang='lat' dir='ltr'>equidem</span> 
     </span>
     <span class='ocr_line' id='line_1_45' title="bbox 1075 864 1669 900; baseline -0.002 -4"><span class='ocrx_word' id='word_1_229' title='bbox 1075 871 1251 896; x_wconf 88' lang='lat' dir='ltr'>contemno.</span> <span class='ocrx_word' id='word_1_230' title='bbox 1297 864 1400 900; x_wconf 89' lang='lat' dir='ltr'>Silius,</span> <span class='ocrx_word' id='word_1_231' title='bbox 1420 864 1506 895; x_wconf 89' lang='lat' dir='ltr'>Pun.</span> <span class='ocrx_word' id='word_1_232' title='bbox 1521 864 1582 894; x_wconf 92' lang='lat' dir='ltr'>viii.</span> <span class='ocrx_word' id='word_1_233' title='bbox 1596 869 1669 895; x_wconf 77' lang='lat'>382.</span> 
     </span>
    </p>
   </div>
   <div class='ocr_carea' id='block_1_16' title="bbox 1131 936 1733 969">
    <p class='ocr_par' dir='ltr' id='par_1_17' title="bbox 1131 936 1733 969">
     <span class='ocr_line' id='line_1_46' title="bbox 1131 936 1733 969; baseline 0 -7"><span class='ocrx_word' id='word_1_234' title='bbox 1131 937 1192 969; x_wconf 69' lang='lat' dir='ltr'>Qui</span> <span class='ocrx_word' id='word_1_235' title='bbox 1203 939 1306 962; x_wconf 83' lang='lat' dir='ltr'>Saturae</span> <span class='ocrx_word' id='word_1_236' title='bbox 1318 936 1434 962; x_wconf 81' lang='lat' dir='ltr'>nebulosa</span> <span class='ocrx_word' id='word_1_237' title='bbox 1443 937 1517 968; x_wconf 75' lang='lat' dir='ltr'>palus</span> <span class='ocrx_word' id='word_1_238' title='bbox 1527 940 1733 969; x_wconf 83' lang='lat' dir='ltr'>restagnat—.</span> 
     </span>
    </p>
   </div>
   <div class='ocr_carea' id='block_1_17' title="bbox 1073 1009 1801 2315">
    <p class='ocr_par' dir='ltr' id='par_1_18' title="bbox 1076 1009 1798 1142">
     <span class='ocr_line' id='line_1_47' title="bbox 1077 1009 1795 1050; baseline 0 -10"><span class='ocrx_word' id='word_1_239' title='bbox 1077 1011 1267 1041; x_wconf 88' lang='lat' dir='ltr'>Ammianus</span> <span class='ocrx_word' id='word_1_240' title='bbox 1277 1010 1490 1045; x_wconf 50' lang='lat' dir='ltr'>Marcellinus</span> <span class='ocrx_word' id='word_1_241' title='bbox 1500 1009 1573 1039; x_wconf 83' lang='lat' dir='ltr'>xxii.</span> <span class='ocrx_word' id='word_1_242' title='bbox 1587 1013 1706 1040; x_wconf 83' lang='lat'>10.-“</span> <span class='ocrx_word' id='word_1_243' title='bbox 1716 1020 1795 1050; x_wconf 84' lang='lat' dir='ltr'>pon-</span> 
     </span>
     <span class='ocr_line' id='line_1_48' title="bbox 1076 1059 1798 1100; baseline -0.004 -8"><span class='ocrx_word' id='word_1_244' title='bbox 1076 1065 1098 1079; x_wconf 95' lang='lat'><strong>“</strong></span> <span class='ocrx_word' id='word_1_245' title='bbox 1113 1068 1161 1092; x_wconf 79' lang='lat' dir='ltr'>tus</span> <span class='ocrx_word' id='word_1_246' title='bbox 1177 1067 1207 1091; x_wconf 87' lang='lat' dir='ltr'>et</span> <span class='ocrx_word' id='word_1_247' title='bbox 1222 1063 1377 1092; x_wconf 80' lang='lat' dir='ltr'>nebulosus</span> <span class='ocrx_word' id='word_1_248' title='bbox 1392 1067 1449 1098; x_wconf 88' lang='lat' dir='ltr'>est,</span> <span class='ocrx_word' id='word_1_249' title='bbox 1461 1066 1492 1090; x_wconf 91' lang='lat' dir='ltr'>et</span> <span class='ocrx_word' id='word_1_250' title='bbox 1506 1059 1626 1090; x_wconf 87' lang='lat' dir='ltr'>dulcior</span> <span class='ocrx_word' id='word_1_251' title='bbox 1637 1070 1798 1100; x_wconf 82' lang='lat' dir='ltr'>aequorum</span> 
     </span>
     <span class='ocr_line' id='line_1_49' title="bbox 1076 1110 1613 1142; baseline -0.006 0"><span class='ocrx_word' id='word_1_252' title='bbox 1076 1115 1098 1130; x_wconf 91' lang='lat'><strong>“</strong></span> <span class='ocrx_word' id='word_1_253' title='bbox 1113 1111 1304 1142; x_wconf 85' lang='lat' dir='ltr'>caeteris—.”</span> <span class='ocrx_word' id='word_1_254' title='bbox 1341 1110 1425 1141; x_wconf 72' lang='lat' dir='ltr'>Vide</span> <span class='ocrx_word' id='word_1_255' title='bbox 1439 1110 1613 1140; x_wconf 76' lang='lat' dir='ltr'>valesium.</span> 
     </span>
    </p>

    <p class='ocr_par' dir='ltr' id='par_1_19' title="bbox 1074 1160 1800 1305">
     <span class='ocr_line' id='line_1_50' title="bbox 1118 1160 1798 1203; baseline 0 -12"><span class='ocrx_word' id='word_1_256' title='bbox 1118 1161 1198 1192; x_wconf 91' lang='lat' dir='ltr'>Ibid.</span> <span class='ocrx_word' id='word_1_257' title='bbox 1209 1164 1324 1203; x_wconf 78' lang='lat' dir='ltr'>fluviei</span> <span class='ocrx_word' id='word_1_258' title='bbox 1343 1171 1507 1202; x_wconf 83' lang='lat' dir='ltr'>perennes:</span> <span class='ocrx_word' id='word_1_259' title='bbox 1533 1160 1552 1190; x_wconf 91' lang='lat' dir='ltr'>i.</span> <span class='ocrx_word' id='word_1_260' title='bbox 1569 1170 1595 1190; x_wconf 89' lang='lat' dir='ltr'>e.</span> <span class='ocrx_word' id='word_1_261' title='bbox 1625 1160 1689 1190; x_wconf 89' lang='lat' dir='ltr'>suis</span> <span class='ocrx_word' id='word_1_262' title='bbox 1703 1160 1798 1191; x_wconf 81' lang='lat' dir='ltr'>fonti-</span> 
     </span>
     <span class='ocr_line' id='line_1_51' title="bbox 1074 1211 1800 1251; baseline 0 -9"><span class='ocrx_word' id='word_1_263' title='bbox 1074 1213 1132 1242; x_wconf 90' lang='lat' dir='ltr'>bus</span> <span class='ocrx_word' id='word_1_264' title='bbox 1146 1211 1356 1242; x_wconf 84' lang='lat' dir='ltr'>indesinenter</span> <span class='ocrx_word' id='word_1_265' title='bbox 1369 1211 1575 1251; x_wconf 87' lang='lat' dir='ltr'>proflueutes;</span> <span class='ocrx_word' id='word_1_266' title='bbox 1598 1221 1673 1247; x_wconf 91' lang='lat' dir='ltr'>non,</span> <span class='ocrx_word' id='word_1_267' title='bbox 1690 1211 1800 1242; x_wconf 79' lang='lat' dir='ltr'>subitis</span> 
     </span>
     <span class='ocr_line' id='line_1_52' title="bbox 1074 1262 1735 1305; baseline 0.002 -12"><span class='ocrx_word' id='word_1_268' title='bbox 1074 1262 1224 1293; x_wconf 78' lang='lat' dir='ltr'>imbribus</span> <span class='ocrx_word' id='word_1_269' title='bbox 1239 1263 1343 1300; x_wconf 84' lang='lat' dir='ltr'>creati,</span> <span class='ocrx_word' id='word_1_270' title='bbox 1360 1263 1422 1293; x_wconf 86' lang='lat' dir='ltr'>sive</span> <span class='ocrx_word' id='word_1_271' title='bbox 1436 1264 1583 1305; x_wconf 73' lang='grc' dir='ltr'>χειμαρροι</span> <span class='ocrx_word' id='word_1_272' title='bbox 1599 1275 1735 1303; x_wconf 64' lang='grc' dir='ltr'>στος-αμα.</span> 
     </span>
    </p>

    <p class='ocr_par' dir='ltr' id='par_1_20' title="bbox 1073 1314 1801 1955">
     <span class='ocr_line' id='line_1_53' title="bbox 1118 1314 1800 1356; baseline 0.003 -12"><span class='ocrx_word' id='word_1_273' title='bbox 1118 1314 1193 1344; x_wconf 91' lang='lat' dir='ltr'>Ver.</span> <span class='ocrx_word' id='word_1_274' title='bbox 1208 1317 1279 1345; x_wconf 85' lang='lat'><strong><em>465.</em></strong></span> <span class='ocrx_word' id='word_1_275' title='bbox 1301 1316 1433 1354; x_wconf 78' lang='lat' dir='ltr'>Ipsaque</span> <span class='ocrx_word' id='word_1_276' title='bbox 1461 1320 1506 1344; x_wconf 83' lang='lat' dir='ltr'>et:</span> <span class='ocrx_word' id='word_1_277' title='bbox 1539 1314 1559 1344; x_wconf 86' lang='lat' dir='ltr'>i.</span> <span class='ocrx_word' id='word_1_278' title='bbox 1574 1324 1600 1344; x_wconf 88' lang='lat' dir='ltr'>e.</span> <span class='ocrx_word' id='word_1_279' title='bbox 1623 1317 1646 1332; x_wconf 89' lang='lat'><strong>“</strong></span> <span class='ocrx_word' id='word_1_280' title='bbox 1664 1314 1800 1356; x_wconf 86' lang='lat' dir='ltr'>Ipsaque</span> 
     </span>
     <span class='ocr_line' id='line_1_54' title="bbox 1076 1365 1800 1397; baseline 0.003 -2"><span class='ocrx_word' id='word_1_281' title='bbox 1076 1369 1098 1384; x_wconf 91' lang='lat'>“</span> <span class='ocrx_word' id='word_1_282' title='bbox 1112 1365 1207 1396; x_wconf 87' lang='lat' dir='ltr'>tellus</span> <span class='ocrx_word' id='word_1_283' title='bbox 1228 1366 1323 1396; x_wconf 84' lang='lat' dir='ltr'>etiam</span> <span class='ocrx_word' id='word_1_284' title='bbox 1344 1365 1648 1396; x_wconf 86' lang='lat' dir='ltr'>interdum.”—Nos</span> <span class='ocrx_word' id='word_1_285' title='bbox 1661 1375 1736 1397; x_wconf 87' lang='lat' dir='ltr'>vero</span> <span class='ocrx_word' id='word_1_286' title='bbox 1756 1367 1800 1397; x_wconf 89' lang='lat' dir='ltr'>sic</span> 
     </span>
     <span class='ocr_line' id='line_1_55' title="bbox 1074 1415 1799 1456; baseline 0.004 -11"><span class='ocrx_word' id='word_1_287' title='bbox 1074 1415 1269 1454; x_wconf 84' lang='lat' dir='ltr'>reposuimus</span> <span class='ocrx_word' id='word_1_288' title='bbox 1284 1426 1320 1446; x_wconf 83' lang='lat' dir='ltr'>ex</span> <span class='ocrx_word' id='word_1_289' title='bbox 1336 1415 1531 1456; x_wconf 72' lang='lat' dir='ltr'>conjectura;</span> <span class='ocrx_word' id='word_1_290' title='bbox 1555 1425 1628 1445; x_wconf 86' lang='lat' dir='ltr'>nam</span> <span class='ocrx_word' id='word_1_291' title='bbox 1644 1417 1678 1447; x_wconf 87' lang='lat' dir='ltr'>in</span> <span class='ocrx_word' id='word_1_292' title='bbox 1695 1417 1799 1448; x_wconf 84' lang='lat' dir='ltr'>omni·</span> 
     </span>
     <span class='ocr_line' id='line_1_56' title="bbox 1073 1466 1801 1506; baseline 0.005 -11"><span class='ocrx_word' id='word_1_293' title='bbox 1073 1466 1133 1495; x_wconf 92' lang='lat' dir='ltr'>bus</span> <span class='ocrx_word' id='word_1_294' title='bbox 1162 1466 1288 1496; x_wconf 82' lang='lat' dir='ltr'>vetustis</span> <span class='ocrx_word' id='word_1_295' title='bbox 1317 1466 1544 1505; x_wconf 83' lang='lat' dir='ltr'>exemplaribus</span> <span class='ocrx_word' id='word_1_296' title='bbox 1574 1467 1721 1506; x_wconf 82' lang='lat' dir='ltr'>scriptum</span> <span class='ocrx_word' id='word_1_297' title='bbox 1752 1475 1801 1499; x_wconf 87' lang='lat' dir='ltr'>est</span> 
     </span>
     <span class='ocr_line' id='line_1_57' title="bbox 1075 1516 1799 1557; baseline 0.004 -11"><span class='ocrx_word' id='word_1_298' title='bbox 1075 1517 1208 1556; x_wconf 81' lang='lat' dir='ltr'>Ipsaque</span> <span class='ocrx_word' id='word_1_299' title='bbox 1229 1518 1442 1553; x_wconf 80' lang='lat' dir='ltr'>ut—videtur;</span> <span class='ocrx_word' id='word_1_300' title='bbox 1467 1522 1573 1547; x_wconf 89' lang='lat' dir='ltr'>contra</span> <span class='ocrx_word' id='word_1_301' title='bbox 1593 1516 1712 1557; x_wconf 74' lang='lat' dir='ltr'>justam</span> <span class='ocrx_word' id='word_1_302' title='bbox 1738 1518 1799 1549; x_wconf 89' lang='lat' dir='ltr'>lin-</span> 
     </span>
     <span class='ocr_line' id='line_1_58' title="bbox 1076 1568 1799 1608; baseline 0.006 -11"><span class='ocrx_word' id='word_1_303' title='bbox 1076 1577 1148 1607; x_wconf 86' lang='lat' dir='ltr'>guae</span> <span class='ocrx_word' id='word_1_304' title='bbox 1161 1569 1432 1598; x_wconf 87' lang='lat' dir='ltr'>constructionem.</span> <span class='ocrx_word' id='word_1_305' title='bbox 1477 1568 1555 1599; x_wconf 91' lang='lat' dir='ltr'>Pius</span> <span class='ocrx_word' id='word_1_306' title='bbox 1569 1569 1691 1608; x_wconf 87' lang='lat' dir='ltr'>primus</span> <span class='ocrx_word' id='word_1_307' title='bbox 1705 1569 1799 1608; x_wconf 83' lang='lat' dir='ltr'>dedit,</span> 
     </span>
     <span class='ocr_line' id='line_1_59' title="bbox 1076 1618 1800 1660; baseline 0.007 -13"><span class='ocrx_word' id='word_1_308' title='bbox 1076 1618 1160 1648; x_wconf 88' lang='lat' dir='ltr'>haud</span> <span class='ocrx_word' id='word_1_309' title='bbox 1167 1618 1261 1649; x_wconf 89' lang='lat' dir='ltr'>dubie</span> <span class='ocrx_word' id='word_1_310' title='bbox 1269 1629 1305 1648; x_wconf 85' lang='lat' dir='ltr'>ex</span> <span class='ocrx_word' id='word_1_311' title='bbox 1314 1619 1450 1659; x_wconf 85' lang='lat' dir='ltr'>ingenio,</span> <span class='ocrx_word' id='word_1_312' title='bbox 1461 1620 1532 1660; x_wconf 81' lang='lat' dir='ltr'>Ipsa</span> <span class='ocrx_word' id='word_1_313' title='bbox 1539 1630 1655 1660; x_wconf 82' lang='lat' dir='ltr'>quoque</span> <span class='ocrx_word' id='word_1_314' title='bbox 1659 1636 1670 1657; x_wconf 90' lang='lat'><em>;</em></span> <span class='ocrx_word' id='word_1_315' title='bbox 1680 1621 1735 1652; x_wconf 87' lang='lat' dir='ltr'>sed</span> <span class='ocrx_word' id='word_1_316' title='bbox 1743 1631 1800 1652; x_wconf 82' lang='lat' dir='ltr'>au·</span> 
     </span>
     <span class='ocr_line' id='line_1_60' title="bbox 1076 1668 1798 1711; baseline 0.006 -12"><span class='ocrx_word' id='word_1_317' title='bbox 1076 1668 1196 1699; x_wconf 82' lang='lat' dir='ltr'>dacius:</span> <span class='ocrx_word' id='word_1_318' title='bbox 1216 1670 1313 1700; x_wconf 83' lang='lat' dir='ltr'>secuti</span> <span class='ocrx_word' id='word_1_319' title='bbox 1324 1676 1398 1700; x_wconf 90' lang='lat' dir='ltr'>sunt</span> <span class='ocrx_word' id='word_1_320' title='bbox 1411 1677 1517 1700; x_wconf 86' lang='lat' dir='ltr'>tamen</span> <span class='ocrx_word' id='word_1_321' title='bbox 1532 1670 1665 1701; x_wconf 84' lang='lat' dir='ltr'>editores</span> <span class='ocrx_word' id='word_1_322' title='bbox 1678 1672 1798 1711; x_wconf 86' lang='lat' dir='ltr'>patien-</span> 
     </span>
     <span class='ocr_line' id='line_1_61' title="bbox 1075 1719 1799 1754; baseline 0.007 -5"><span class='ocrx_word' id='word_1_323' title='bbox 1075 1719 1185 1750; x_wconf 89' lang='lat' dir='ltr'>tissimi</span> <span class='ocrx_word' id='word_1_324' title='bbox 1206 1726 1273 1750; x_wconf 86' lang='lat' dir='ltr'>tam</span> <span class='ocrx_word' id='word_1_325' title='bbox 1291 1721 1437 1751; x_wconf 79' lang='lat' dir='ltr'>inscitam</span> <span class='ocrx_word' id='word_1_326' title='bbox 1452 1721 1682 1753; x_wconf 87' lang='lat' dir='ltr'>correctionem.</span> <span class='ocrx_word' id='word_1_327' title='bbox 1729 1724 1799 1754; x_wconf 86' lang='lat' dir='ltr'>Cae·</span> 
     </span>
     <span class='ocr_line' id='line_1_62' title="bbox 1075 1771 1798 1812; baseline 0.006 -12"><span class='ocrx_word' id='word_1_328' title='bbox 1075 1776 1188 1806; x_wconf 86' lang='lat' dir='ltr'>terum,</span> <span class='ocrx_word' id='word_1_329' title='bbox 1212 1771 1245 1801; x_wconf 89' lang='lat' dir='ltr'>in</span> <span class='ocrx_word' id='word_1_330' title='bbox 1260 1771 1378 1801; x_wconf 86' lang='lat' dir='ltr'>voculis</span> <span class='ocrx_word' id='word_1_331' title='bbox 1391 1778 1420 1802; x_wconf 86' lang='lat' dir='ltr'>et</span> <span class='ocrx_word' id='word_1_332' title='bbox 1439 1777 1531 1812; x_wconf 84' lang='lat' dir='ltr'>atque</span> <span class='ocrx_word' id='word_1_333' title='bbox 1546 1779 1581 1803; x_wconf 84' lang='lat' dir='ltr'>ut</span> <span class='ocrx_word' id='word_1_334' title='bbox 1602 1773 1798 1805; x_wconf 83' lang='lat' dir='ltr'>confunden-</span> 
     </span>
     <span class='ocr_line' id='line_1_63' title="bbox 1076 1821 1798 1863; baseline 0.007 -12"><span class='ocrx_word' id='word_1_335' title='bbox 1076 1821 1124 1851; x_wconf 88' lang='lat' dir='ltr'>dis</span> <span class='ocrx_word' id='word_1_336' title='bbox 1147 1822 1286 1853; x_wconf 86' lang='lat' dir='ltr'>librarios</span> <span class='ocrx_word' id='word_1_337' title='bbox 1311 1823 1471 1861; x_wconf 82' lang='lat' dir='ltr'>scriptores</span> <span class='ocrx_word' id='word_1_338' title='bbox 1499 1833 1564 1853; x_wconf 90' lang='lat' dir='ltr'>non</span> <span class='ocrx_word' id='word_1_339' title='bbox 1592 1833 1662 1854; x_wconf 90' lang='lat' dir='ltr'>raro</span> <span class='ocrx_word' id='word_1_340' title='bbox 1690 1834 1798 1863; x_wconf 72' lang='lat' dir='ltr'>pecca-</span> 
     </span>
     <span class='ocr_line' id='line_1_64' title="bbox 1074 1874 1798 1914; baseline 0.006 -11"><span class='ocrx_word' id='word_1_341' title='bbox 1074 1874 1163 1912; x_wconf 88' lang='lat' dir='ltr'>visse,</span> <span class='ocrx_word' id='word_1_342' title='bbox 1191 1874 1261 1913; x_wconf 89' lang='lat' dir='ltr'>plus</span> <span class='ocrx_word' id='word_1_343' title='bbox 1287 1874 1382 1904; x_wconf 89' lang='lat' dir='ltr'>semel</span> <span class='ocrx_word' id='word_1_344' title='bbox 1405 1875 1438 1904; x_wconf 89' lang='lat' dir='ltr'>in</span> <span class='ocrx_word' id='word_1_345' title='bbox 1463 1874 1629 1914; x_wconf 82' lang='lat' dir='ltr'>praemissis</span> <span class='ocrx_word' id='word_1_346' title='bbox 1649 1875 1798 1907; x_wconf 81' lang='lat' dir='ltr'>iudicavi-</span> 
     </span>
     <span class='ocr_line' id='line_1_65' title="bbox 1074 1936 1155 1955; baseline 0 0"><span class='ocrx_word' id='word_1_347' title='bbox 1074 1936 1155 1955; x_wconf 85' lang='lat' dir='ltr'>mus.</span> 
     </span>
    </p>

    <p class='ocr_par' dir='ltr' id='par_1_21' title="bbox 1073 1978 1798 2068">
     <span class='ocr_line' id='line_1_66' title="bbox 1118 1978 1798 2019; baseline 0.004 -12"><span class='ocrx_word' id='word_1_348' title='bbox 1118 1978 1193 2007; x_wconf 76' lang='lat' dir='ltr'>Ver.</span> <span class='ocrx_word' id='word_1_349' title='bbox 1206 1982 1278 2009; x_wconf 82' lang='grc'><strong>466.</strong></span> <span class='ocrx_word' id='word_1_350' title='bbox 1297 1980 1405 2009; x_wconf 77' lang='lat' dir='ltr'>Omnia</span> <span class='ocrx_word' id='word_1_351' title='bbox 1422 1990 1491 2019; x_wconf 82' lang='lat' dir='ltr'>quae</span> <span class='ocrx_word' id='word_1_352' title='bbox 1504 1989 1641 2010; x_wconf 78' lang='lat' dir='ltr'>sursum:</span> <span class='ocrx_word' id='word_1_353' title='bbox 1668 1985 1709 2010; x_wconf 88' lang='lat'>11.</span> <span class='ocrx_word' id='word_1_354' title='bbox 1729 1980 1798 2011; x_wconf 88' lang='lat' dir='ltr'>Om-</span> 
     </span>
     <span class='ocr_line' id='line_1_67' title="bbox 1073 2031 1377 2068; baseline 0.007 -10"><span class='ocrx_word' id='word_1_355' title='bbox 1073 2031 1186 2068; x_wconf 80' lang='lat' dir='ltr'>niaque</span> <span class='ocrx_word' id='word_1_356' title='bbox 1202 2036 1229 2059; x_wconf 84' lang='lat' dir='ltr'>et</span> <span class='ocrx_word' id='word_1_357' title='bbox 1244 2041 1377 2060; x_wconf 81' lang='lat' dir='ltr'>rursum.</span> 
     </span>
    </p>

    <p class='ocr_par' dir='ltr' id='par_1_22' title="bbox 1073 2079 1798 2315">
     <span class='ocr_line' id='line_1_68' title="bbox 1118 2079 1798 2111; baseline 0.004 -3"><span class='ocrx_word' id='word_1_358' title='bbox 1118 2079 1199 2109; x_wconf 90' lang='lat' dir='ltr'>Ibid.</span> <span class='ocrx_word' id='word_1_359' title='bbox 1222 2082 1443 2110; x_wconf 81' lang='lat' dir='ltr'>conciliantur:</span> <span class='ocrx_word' id='word_1_360' title='bbox 1475 2080 1495 2110; x_wconf 89' lang='lat' dir='ltr'>i.</span> <span class='ocrx_word' id='word_1_361' title='bbox 1521 2091 1547 2111; x_wconf 89' lang='lat' dir='ltr'>e.</span> <span class='ocrx_word' id='word_1_362' title='bbox 1571 2084 1593 2098; x_wconf 74' lang='lat'>‘⁴</span> <span class='ocrx_word' id='word_1_363' title='bbox 1609 2080 1643 2110; x_wconf 90' lang='lat' dir='ltr'>iu</span> <span class='ocrx_word' id='word_1_364' title='bbox 1671 2080 1798 2111; x_wconf 87' lang='lat' dir='ltr'>concili-</span> 
     </span>
     <span class='ocr_line' id='line_1_69' title="bbox 1074 2131 1796 2173; baseline 0.004 -14"><span class='ocrx_word' id='word_1_365' title='bbox 1074 2132 1096 2147; x_wconf 89' lang='lat'><strong>“</strong></span> <span class='ocrx_word' id='word_1_366' title='bbox 1112 2140 1179 2167; x_wconf 89' lang='lat' dir='ltr'>um,</span> <span class='ocrx_word' id='word_1_367' title='bbox 1205 2131 1252 2160; x_wconf 82' lang='lat' dir='ltr'>vel</span> <span class='ocrx_word' id='word_1_368' title='bbox 1268 2137 1394 2169; x_wconf 82' lang='lat' dir='ltr'>coetum,</span> <span class='ocrx_word' id='word_1_369' title='bbox 1420 2131 1688 2173; x_wconf 83' lang='lat' dir='ltr'>congregantur:”</span> <span class='ocrx_word' id='word_1_370' title='bbox 1710 2141 1796 2162; x_wconf 91' lang='lat' dir='ltr'>com-</span> 
     </span>
     <span class='ocr_line' id='line_1_70' title="bbox 1073 2182 1798 2214; baseline 0.003 -3"><span class='ocrx_word' id='word_1_371' title='bbox 1073 2182 1179 2211; x_wconf 83' lang='lat' dir='ltr'>mittas</span> <span class='ocrx_word' id='word_1_372' title='bbox 1194 2189 1299 2212; x_wconf 83' lang='lat' dir='ltr'>antem</span> <span class='ocrx_word' id='word_1_373' title='bbox 1321 2183 1413 2212; x_wconf 89' lang='lat' dir='ltr'>velim</span> <span class='ocrx_word' id='word_1_374' title='bbox 1436 2183 1455 2212; x_wconf 85' lang='lat' dir='ltr'>i.</span> <span class='ocrx_word' id='word_1_375' title='bbox 1473 2186 1542 2213; x_wconf 89' lang='lat'>184.</span> <span class='ocrx_word' id='word_1_376' title='bbox 1558 2185 1629 2214; x_wconf 83' lang='lat'>485.</span> <span class='ocrx_word' id='word_1_377' title='bbox 1659 2189 1689 2212; x_wconf 90' lang='lat' dir='ltr'>et</span> <span class='ocrx_word' id='word_1_378' title='bbox 1714 2182 1798 2213; x_wconf 91' lang='lat' dir='ltr'>locos</span> 
     </span>
     <span class='ocr_line' id='line_1_71' title="bbox 1074 2232 1797 2274; baseline 0.003 -13"><span class='ocrx_word' id='word_1_379' title='bbox 1074 2232 1251 2262; x_wconf 85' lang='lat' dir='ltr'>consimiles</span> <span class='ocrx_word' id='word_1_380' title='bbox 1279 2234 1358 2263; x_wconf 90' lang='lat' dir='ltr'>bene</span> <span class='ocrx_word' id='word_1_381' title='bbox 1385 2232 1510 2263; x_wconf 85' lang='lat' dir='ltr'>multos.</span> <span class='ocrx_word' id='word_1_382' title='bbox 1555 2233 1604 2263; x_wconf 91' lang='lat' dir='ltr'>Sic</span> <span class='ocrx_word' id='word_1_383' title='bbox 1631 2233 1797 2274; x_wconf 84' lang='lat' dir='ltr'>Virgilius,</span> 
     </span>
     <span class='ocr_line' id='line_1_72' title="bbox 1076 2283 1287 2315; baseline 0.005 -2"><span class='ocrx_word' id='word_1_384' title='bbox 1076 2283 1151 2313; x_wconf 84' lang='lat' dir='ltr'>AEn.</span> <span class='ocrx_word' id='word_1_385' title='bbox 1171 2294 1200 2314; x_wconf 82' lang='lat' dir='ltr'>x.</span> <span class='ocrx_word' id='word_1_386' title='bbox 1218 2287 1287 2315; x_wconf 89' lang='lat'>151.</span> 
     </span>
    </p>
   </div>
   <div class='ocr_carea' id='block_1_18' title="bbox 1135 2366 1685 2435">
    <p class='ocr_par' dir='ltr' id='par_1_23' title="bbox 1135 2366 1685 2435">
     <span class='ocr_line' id='line_1_73' title="bbox 1450 2366 1685 2392; baseline -0.004 -1"><span class='ocrx_word' id='word_1_387' title='bbox 1450 2366 1598 2392; x_wconf 83' lang='lat' dir='ltr'>Mezentius</span> <span class='ocrx_word' id='word_1_388' title='bbox 1609 2372 1685 2391; x_wconf 87' lang='lat' dir='ltr'>arma</span> 
     </span>
     <span class='ocr_line' id='line_1_74' title="bbox 1135 2405 1456 2435; baseline 0.009 -7"><span class='ocrx_word' id='word_1_389' title='bbox 1135 2405 1204 2435; x_wconf 59' lang='lat' dir='ltr'>Qua?</span> <span class='ocrx_word' id='word_1_390' title='bbox 1215 2405 1265 2429; x_wconf 85' lang='lat' dir='ltr'>sibi</span> <span class='ocrx_word' id='word_1_391' title='bbox 1272 2405 1456 2431; x_wconf 76' lang='lat' dir='ltr'>conciliet—.-</span> 
     </span>
    </p>
   </div>
   <div class='ocr_carea' id='block_1_19' title="bbox 1073 2478 1797 2622">
    <p class='ocr_par' dir='ltr' id='par_1_24' title="bbox 1073 2478 1797 2622">
     <span class='ocr_line' id='line_1_75' title="bbox 1073 2478 1797 2522; baseline 0.003 -15"><span class='ocrx_word' id='word_1_392' title='bbox 1073 2478 1093 2508; x_wconf 80' lang='lat' dir='ltr'>i.</span> <span class='ocrx_word' id='word_1_393' title='bbox 1121 2489 1146 2508; x_wconf 83' lang='lat' dir='ltr'>e.</span> <span class='ocrx_word' id='word_1_394' title='bbox 1170 2479 1306 2522; x_wconf 66' lang='lat' dir='ltr'>colligat,</span> <span class='ocrx_word' id='word_1_395' title='bbox 1337 2487 1487 2522; x_wconf 73' lang='grc' dir='ltr'>συγκαλῃ.</span> <span class='ocrx_word' id='word_1_396' title='bbox 1533 2479 1652 2510; x_wconf 79' lang='lat' dir='ltr'>Glossae</span> <span class='ocrx_word' id='word_1_397' title='bbox 1681 2484 1797 2510; x_wconf 77' lang='lat' dir='ltr'>Veteres</span> 
     </span>
     <span class='ocr_line' id='line_1_76' title="bbox 1074 2531 1797 2573; baseline 0.003 -14"><span class='ocrx_word' id='word_1_398' title='bbox 1074 2540 1167 2570; x_wconf 84' lang='lat' dir='ltr'>quam</span> <span class='ocrx_word' id='word_1_399' title='bbox 1185 2531 1333 2569; x_wconf 76' lang='lat' dir='ltr'>apposite:</span> <span class='ocrx_word' id='word_1_400' title='bbox 1362 2535 1384 2549; x_wconf 85' lang='lat'>“</span> <span class='ocrx_word' id='word_1_401' title='bbox 1403 2533 1563 2570; x_wconf 77' lang='lat' dir='ltr'>Conciliat,</span> <span class='ocrx_word' id='word_1_402' title='bbox 1586 2531 1797 2573; x_wconf 71' lang='grc' dir='ltr'>συναθροιζει.-</span> 
     </span>
     <span class='ocr_line' id='line_1_77' title="bbox 1075 2582 1422 2622; baseline 0.006 -11"><span class='ocrx_word' id='word_1_403' title='bbox 1075 2584 1096 2599; x_wconf 87' lang='grc'>“</span> <span class='ocrx_word' id='word_1_404' title='bbox 1117 2583 1259 2617; x_wconf 74' lang='grc' dir='ltr'><em>(ζόηείἰὶο,</em></span> <span class='ocrx_word' id='word_1_405' title='bbox 1276 2582 1422 2622; x_wconf 74' lang='grc' dir='ltr'>συναγω.”</span> 
     </span>
    </p>
   </div>
   <div class='ocr_carea' id='block_1_20' title="bbox 1119 2639 1796 2674">
    <p class='ocr_par' dir='ltr' id='par_1_25' title="bbox 1119 2639 1796 2674">
     <span class='ocr_line' id='line_1_78' title="bbox 1119 2639 1796 2674; baseline -0.001 -4"><span class='ocrx_word' id='word_1_406' title='bbox 1119 2641 1190 2671; x_wconf 86' lang='lat' dir='ltr'>Ver.</span> <span class='ocrx_word' id='word_1_407' title='bbox 1207 2645 1279 2673; x_wconf 82' lang='lat'><strong>467.</strong></span> <span class='ocrx_word' id='word_1_408' title='bbox 1301 2644 1458 2674; x_wconf 76' lang='lat' dir='ltr'>subtexunt</span> <span class='ocrx_word' id='word_1_409' title='bbox 1473 2643 1595 2673; x_wconf 70' lang='lat' dir='ltr'>nubila:</span> <span class='ocrx_word' id='word_1_410' title='bbox 1620 2640 1661 2670; x_wconf 90' lang='lat' dir='ltr'>V.</span> <span class='ocrx_word' id='word_1_411' title='bbox 1677 2639 1724 2669; x_wconf 84' lang='lat' dir='ltr'>ed.</span> <span class='ocrx_word' id='word_1_412' title='bbox 1742 2641 1796 2670; x_wconf 82' lang='lat' dir='ltr'>suh</span> 
     </span>
    </p>
   </div>
   <div class='ocr_carea' id='block_1_21' title="bbox 1073 2696 1795 2778">
    <p class='ocr_par' dir='ltr' id='par_1_26' title="bbox 1073 2696 1795 2778">
     <span class='ocr_line' id='line_1_79' title="bbox 1073 2696 1308 2724; baseline 0.013 -3"><span class='ocrx_word' id='word_1_413' title='bbox 1073 2699 1176 2723; x_wconf 63' lang='lat' dir='ltr'>terunt</span> <span class='ocrx_word' id='word_1_414' title='bbox 1191 2696 1308 2724; x_wconf 79' lang='lat' dir='ltr'>nebula.</span> 
     </span>
     <span class='ocr_line' id='line_1_80' title="bbox 1118 2741 1795 2778; baseline -0.001 -6"><span class='ocrx_word' id='word_1_415' title='bbox 1118 2743 1198 2774; x_wconf 86' lang='lat' dir='ltr'>Ibid.</span> <span class='ocrx_word' id='word_1_416' title='bbox 1221 2747 1377 2775; x_wconf 68' lang='lat' dir='ltr'>subtexunt</span> <span class='ocrx_word' id='word_1_417' title='bbox 1399 2745 1513 2774; x_wconf 82' lang='lat' dir='ltr'>nubila.</span> <span class='ocrx_word' id='word_1_418' title='bbox 1558 2742 1609 2773; x_wconf 91' lang='lat' dir='ltr'>Sic</span> <span class='ocrx_word' id='word_1_419' title='bbox 1627 2741 1795 2778; x_wconf 89' lang='lat' dir='ltr'>Arnobius,</span> 
     </span>
    </p>
   </div>
   <div class='ocr_carea' id='block_1_22' title="bbox 1073 2797 1796 2935">
    <p class='ocr_par' dir='ltr' id='par_1_27' title="bbox 1073 2797 1796 2935">
     <span class='ocr_line' id='line_1_81' title="bbox 1073 2797 1796 2839; baseline 0 -13"><span class='ocrx_word' id='word_1_420' title='bbox 1073 2807 1167 2837; x_wconf 89' lang='lat' dir='ltr'>quem</span> <span class='ocrx_word' id='word_1_421' title='bbox 1183 2798 1277 2839; x_wconf 88' lang='lat' dir='ltr'>legas,</span> <span class='ocrx_word' id='word_1_422' title='bbox 1309 2799 1402 2829; x_wconf 86' lang='lat' dir='ltr'>aliam</span> <span class='ocrx_word' id='word_1_423' title='bbox 1421 2799 1452 2829; x_wconf 90' lang='lat' dir='ltr'>in</span> <span class='ocrx_word' id='word_1_424' title='bbox 1468 2808 1534 2828; x_wconf 85' lang='lat' dir='ltr'>rem</span> <span class='ocrx_word' id='word_1_425' title='bbox 1549 2797 1589 2828; x_wconf 83' lang='lat' dir='ltr'>ad</span> <span class='ocrx_word' id='word_1_426' title='bbox 1611 2797 1654 2827; x_wconf 90' lang='lat' dir='ltr'>iii.</span> <span class='ocrx_word' id='word_1_427' title='bbox 1668 2801 1719 2828; x_wconf 81' lang='lat'>39.</span> <span class='ocrx_word' id='word_1_428' title='bbox 1742 2806 1796 2826; x_wconf 91' lang='lat' dir='ltr'>vo-</span> 
     </span>
     <span class='ocr_line' id='line_1_82' title="bbox 1074 2849 1794 2891; baseline 0 -13"><span class='ocrx_word' id='word_1_429' title='bbox 1074 2855 1187 2880; x_wconf 86' lang='lat' dir='ltr'>catum.</span> <span class='ocrx_word' id='word_1_430' title='bbox 1232 2851 1384 2880; x_wconf 85' lang='lat' dir='ltr'>Nostrum</span> <span class='ocrx_word' id='word_1_431' title='bbox 1398 2849 1554 2891; x_wconf 86' lang='lat' dir='ltr'>Virgilius</span> <span class='ocrx_word' id='word_1_432' title='bbox 1574 2849 1714 2879; x_wconf 81' lang='lat' dir='ltr'>imitatus</span> <span class='ocrx_word' id='word_1_433' title='bbox 1739 2854 1794 2885; x_wconf 84' lang='lat' dir='ltr'>est,</span> 
     </span>
     <span class='ocr_line' id='line_1_83' title="bbox 1075 2902 1356 2935; baseline 0.004 -3"><span class='ocrx_word' id='word_1_434' title='bbox 1075 2902 1115 2932; x_wconf 91' lang='lat' dir='ltr'>ad</span> <span class='ocrx_word' id='word_1_435' title='bbox 1131 2903 1206 2934; x_wconf 85' lang='lat' dir='ltr'>AEn.</span> <span class='ocrx_word' id='word_1_436' title='bbox 1224 2903 1267 2933; x_wconf 89' lang='lat' dir='ltr'>iii.</span> <span class='ocrx_word' id='word_1_437' title='bbox 1286 2906 1356 2935; x_wconf 69' lang='lat'><em>58⁴2.</em></span> 
     </span>
    </p>
   </div>
  </div>
 </body>
</html>
