1926 3224
570 220 804 270 LIBER

865 216 1169 267 SEXTUS

1523 223 1615 263 355

331 354 558 410 Principio,
579 353 771 395 omnibus
791 368 814 394 a
834 351 970 401 rebus,
987 361 1295 406 quaequomque
1309 345 1508 395 videmus,

275 431 482 486 Perpetuo
501 429 643 478 fluere,
666 442 713 468 ac
732 426 839 467 mitti
862 425 1095 481 spargique,
1118 437 1280 464 necesse
1299 429 1359 462 est

274 505 477 560 Corpora,
505 517 599 558 quae
620 501 765 542 feriant
786 499 940 547 oculos,
963 499 1175 552 visumque
1195 496 1411 544 lacessant3

276 579 564 633 Perpetuoque
582 575 718 615 fluunt
737 573 856 614 certis
876 572 928 612 ab
950 571 1071 612 rebus
1091 570 1252 610 odores:

162 657 244 694 925
278 652 426 708 Frigus
446 658 491 690 ut
511 665 536 690 a
555 647 701 696 fluviis,
723 645 834 686 calor
853 660 878 685 a
897 644 994 694 sole,
1017 651 1140 685 aestus
1160 643 1212 683 ab
1232 643 1353 685 undis

276 723 490 780 AEquoris‚
513 735 658 763 exesor
677 733 906 760 moerorum
926 718 1046 759 litora
1065 725 1248 772 propter:

278 799 366 839 Nec
387 796 511 838 varici
532 803 690 837 cessant
709 794 865 836 sonitus
885 807 1054 834 manare
1074 807 1148 847 per
1168 805 1300 833 auras,

274 871 484 926 Denique,
504 871 548 910 in
564 885 610 910 os
630 869 721 910 salsi
741 869 852 909 venit
873 867 1024 908 humor
1044 881 1152 921 saepe
1171 865 1342 920 saporis,

275 945 419 995 Quom
439 959 553 985 mare
573 957 787 984 vorsamur
806 950 997 997 propter3
1030 941 1239 997 dilutaque
1260 948 1404 982 contra

163 1026 246 1064 930
276 1020 419 1069 ,Quom
441 1019 597 1061 tuimur
617 1017 779 1060 misceri
799 1016 1018 1066 absinthia,
1042 1017 1174 1072 tangit
1194 1029 1369 1056 amaror.

279 1094 424 1151 Usque
444 1093 548 1136 adeo
568 1093 760 1135 omnibus
781 1092 833 1134 ab
853 1090 975 1133 rebus
994 1104 1060 1131 res
1081 1104 1256 1145 quaeque
1275 1089 1450 1130 fluenter

131 1268 361 1307 auo.--lapidis
390 1268 464 1297 vim:
507 1266 607 1297 Vind.
643 1268 864 1306 lapidisum.-

129 1321 243 1351 vincla.-
273 1318 373 1348 Vind.
399 1318 515 1353 manda,-
541 1318 580 1353 Q.
603 1318 864 1348 vincia.—-Voces

129 1372 191 1403 vim
205 1370 306 1401 vincla
322 1369 437 1399 absunt
452 1377 471 1397 a
485 1373 520 1398 A.

173 1430 249 1461 Ver.
279 1432 352 1461 916.
380 1433 603 1468 permananter
632 1429 693 1459 vis:
728 1427 766 1458 P.
792 1438 864 1468 per-

133 1487 263 1514 manant
284 1488 312 1512 et
318 1496 329 1517 ,-
357 1480 412 1510 sed
426 1485 583 1519 receptam
598 1479 765 1510 lectionem
781 1479 865 1510 idem

133 1539 288 1566 memorat
302 1532 336 1563 in
351 1532 446 1562 notis:
473 1531 569 1562 Vind.
588 1537 786 1572 permanater
800 1534 860 1568 vis,-

135 1587 174 1623 Q.
191 1591 349 1626 per-‘mezur
371 1585 611 1623 vis.-pervalet.·
639 1583 676 1613 P.
701 1585 861 1623 praevalet,-

134 1636 298 1669 Bentleius
313 1634 485 1676 legendum
500 1633 576 1664 dicit
588 1635 725 1674 pervolat
731 1650 742 1670 ‚-
769 1640 806 1664 ut
830 1634 864 1664 in

134 1701 198 1722 ver.
218 1693 308 1722 1058.
355 1688 443 1720 Male
449 1701 458 1726 ;
482 1689 542 1719 nisi
558 1688 584 1719 si
600 1688 729 1719 fortasse
747 1698 812 1718 non
827 1689 864 1718 li-

134 1748 203 1774 ceat
231 1741 330 1781 po'e'tae
363 1740 539 1771 locutiones
571 1739 703 1770 subinde
739 1739 864 1770 variare.

135 1794 308 1830 Caeterum,
320 1798 540 1832 permananter
554 1793 599 1822 vis
608 1802 666 1831 per
677 1791 866 1821 omittuntur

135 1845 169 1875 iu
187 1850 221 1875 A.
237 1850 268 1875 et
277 1849 361 1874 totus
375 1853 480 1874 versus
494 1843 538 1873 sic
550 1848 708 1881 comparet
722 1847 867 1873 exaratus

134 1896 170 1926 in
189 1899 224 1928 Σ.

171 1977 263 2008 Usque
273 1976 341 2002 adeo
347 1978 484 2009 permanat
493 1975 560 2000 enim
570 1978 666 2007 semper
675 1974 750 1999 valet
761 1977 785 1999 et
792 1974 848 1999 vis.

178 2048 254 2079 Ver.
271 2050 341 2079 918.
364 2050 428 2078 rei:
455 2047 491 2078 P.
516 2047 555 2077 O.
579 2050 614 2077 A.
630 2050 666 2078 Σ.
684 2053 727 2077 Ω..
749 2052 787 2076 ut
808 2055 866 2076 nos

134 2098 274 2136 edimus3
298 2104 392 2140 atque
406 2097 492 2128 haud
506 2097 602 2128 dubie
617 2107 730 2128 omnes
743 2096 861 2137 scripti:

136 2150 242 2191 vulgo,
257 2152 326 2181 reii.

180 2209 256 2238 Ver.
287 2212 359 2240 919.
390 2209 521 2239 nimium
547 2210 645 2247 longis
670 2208 865 2247 ambagibus.-

137 2261 157 2292 i.
173 2271 200 2291 e.
222 2259 311 2291 valde
333 2259 448 2300 longis,
469 2260 534 2291 sive
548 2259 749 2300 longioribus.
794 2258 868 2290 Vir-

138 2312 244 2354 gilius,
263 2312 339 2343 AEn.
355 2312 374 2342 i.
391 2315 464 2342 541.

397 2404 492 2435 Longa
503 2406 544 2428 est
555 2402 660 2434 injuria,
671 2402 752 2434 longe

201 2451 396 2483 ambages—.

181 2531 259 2562 Ver.
274 2535 346 2563 920.
369 2542 500 2572 reposco,
526 2544 657 2563 oza-mm·
680 2537 717 2561 ut
739 2530 871 2570 simplex

135 2593 224 2622 posco
232 2598 243 2620 ,·
260 2582 320 2612 nisi
335 2583 380 2613 vis
395 2588 545 2614 attentum
561 2584 701 2613 animum
716 2582 750 2612 in
765 2584 871 2622 longa-

139 2645 210 2664 rum
226 2636 387 2674 ambagum
403 2634 688 2665 remunerationem
699 2633 777 2664 dari.
805 2633 874 2664 Nec

141 2684 226 2715 male
241 2684 371 2716 fortasse
382 2685 504 2725 judicat
517 2686 731 2720 Burmannus,
742 2684 778 2714 in
792 2684 874 2714 notis

140 2735 182 2766 ad
205 2736 295 2776 Virg.
319 2737 396 2767 AEn.
412 2736 444 2767 ii.
462 2740 532 2768 139.
558 2736 659 2766 inesse
681 2735 756 2765 huic
782 2736 874 2766 verbo

141 2786 184 2816 sic
199 2787 300 2826 posito
316 2787 380 2817 vim
395 2789 580 2819 vehementer
590 2788 746 2827 poscendi,
762 2785 873 2827 acfre-

145 2845 280 2877 quenter.

186 2898 262 2930 Ver.
287 2902 358 2932 921.
380 2911 419 2932 a:
454 2899 499 2931 sic
523 2899 602 2932 libri.
655 2900 761 2939 Forte,
786 2900 877 2931 ab.—

906 1275 1146 1306 quasquomque:
1181 1263 1217 1294 P.
1247 1260 1534 1303 quaecunque.——Et
1561 1269 1635 1292 cum

907 1318 966 1347 hoc
990 1316 1059 1346 loco
1083 1314 1259 1346 committas
1283 1314 1323 1345 iv.
1349 1315 1528 1345 217—229.
1550 1312 1636 1343 unde

907 1369 977 1398 hice
992 1377 1098 1397 versus
1112 1371 1303 1406 repetuntur.

951 1421 1025 1450 Ver.
1043 1423 1114 1451 922.
1137 1420 1219 1450 mitti
1234 1418 1414 1458 spargique:
1440 1417 1477 1448 P.
1492 1416 1638 1457 mictifa-

908 1480 1006 1508 teare;
1031 1471 1126 1501 Vind.
1142 1472 1213 1501 miti
1226 1480 1392 1510 sparaque‚·
1416 1468 1457 1498 V.
1481 1468 1528 1499 ed.
1550 1469 1639 1500 micis

900 1526 1052 1565 parcique
1057 1539 1069 1560 ,·
1094 1523 1133 1553 Ο.
1164 1524 1247 1553 mitis
1273 1524 1467 1562 pariterque,-
1502 1520 1541 1556 Q.
1568 1520 1639 1551 miei

906 1578 1079 1616 sparcique‚·
1097 1580 1132 1605 A.
1147 1575 1230 1604 mitti
1239 1575 1367 1613 patique
1373 1587 1384 1608 ;
1411 1577 1446 1603 Σ.
1467 1573 1551 1602 mitis
1560 1582 1641 1611 par-

908 1630 1003 1668 cique.
1032 1627 1166 1666 Nempe,
1173 1637 1187 1656 s
1197 1624 1294 1656 semel
1303 1635 1321 1655 a
1333 1624 1465 1655 statione
1475 1625 1639 1659 abstracto,

909 1690 946 1709 ex
966 1681 1064 1719 pargz'
1085 1677 1238 1708 vocabulo
1261 1676 1354 1707 nihili
1368 1686 1444 1706 mox
1457 1675 1578 1707 factum
1592 1679 1640 1706 est

909 1731 1014 1771 aliqua
1029 1729 1140 1760 saltem
1156 1739 1215 1758 vox
1226 1729 1327 1768 parci.

952 1791 1029 1821 Ver.
1050 1793 1121 1821 925.
1143 1800 1231 1830 quoe:
1251 1787 1348 1819 Vind.
1368 1787 1409 1818 Ο.
1425 1787 1464 1824 Q.
1479 1797 1577 1827 aquae.
1597 1791 1651 1817 Ω.

908 1844 1000 1874 visus.

955 1901 1029 1932 Ver.
1046 1902 1118 1932 925.
1140 1901 1295 1940 afluvz'is:
1321 1899 1358 1929 P.
1379 1909 1395 1929 e
1407 1899 1536 1939 fluviis‚·
1559 1895 1645 1927 deest

911 1951 1089 1992 praepositio
1104 1950 1205 1982 Vind.
1224 1951 1263 1998 Q:
1285 1955 1320 1982 Σ.
1342 1948 1428 1980 unde
1443 1949 1523 1980 forte
1536 1946 1643 1980 rescri-

912 2004 1070 2035 bendum:

1003 2086 1095 2118 Frigus
1107 2084 1158 2109 utet·
1170 2084 1267 2113 fluviis,
1277 2083 1350 2108 calor
1361 2090 1376 2107 a
1386 2082 1520 2107 sole—t

911 2158 950 2188 de
965 2167 1028 2198 quo
1045 2165 1159 2197 genere
1170 2154 1409 2186 constructionis
1421 2152 1647 2193 disputavimus

911 2208 952 2239 ad
971 2208 1009 2238 iv.
1028 2212 1078 2240 96.
1103 2213 1134 2237 et
1149 2207 1183 2236 in
1198 2206 1280 2237 notis
1294 2205 1334 2236 ad
1350 2205 1442 2236 Bion.
1458 2205 1544 2245 idyll.
1558 2206 1578 2236 i.
1594 2209 1647 2237 81.

921 2262 976 2291 Uti
997 2269 1120 2300 quoque
1142 2268 1223 2298 saepe
1238 2257 1314 2288 abiit
1328 2257 1361 2288 in
1384 2263 1419 2288 ut
1442 2257 1582 2288 Lucretii
1606 2256 1647 2288 li-

915 2311 1033 2342 brariis.
1067 2315 1102 2344 Σ.
1124 2311 1219 2340 habet
1239 2315 1267 2341 et
1293 2314 1363 2350 post
1384 2308 1579 2340 sola—Mox
1609 2314 1648 2340 A.

916 2375 1027 2395 exosor.

962 2422 1036 2453 Ver.
1066 2425 1138 2454 926.
1163 2432 1265 2453 emesor
1292 2431 1471 2452 moerorum:
1510 2419 1578 2451 redi
1606 2419 1647 2451 iv.

914 2479 986 2506 221.
1032 2475 1086 2505 Ab
1109 2475 1168 2504 bac
1191 2479 1299 2505 autem
1320 2473 1416 2503 veteri
1440 2471 1542 2503 forma
1564 2471 1649 2502 vocis

914 2527 1000 2558 venit
1011 2528 1201 2568 pomoerium.
1237 2526 1282 2556 Et
1295 2525 1436 2556 conferas
1451 2524 1546 2555 etiam
1557 2523 1648 2564 Virg.

915 2588 984 2620 ge0.
1000 2578 1039 2608 iv.
1057 2581 1130 2609 419.

959 2639 1035 2669 Ver.
1059 2641 1131 2670 927.
1153 2648 1266 2669 auras.-
1292 2636 1425 2668 editores
1449 2636 1489 2667 de
1514 2645 1571 2665 suo
1593 2644 1649 2674 per

917 2700 1078 2721 summum
1093 2689 1227 2727 facinus,
1241 2691 1345 2720 aureis
1350 2704 1362 2725 ;
1384 2686 1594 2724 inscitissime,
1617 2691 1650 2715 et

917 2751 974 2781 per
987 2740 1188 2771 vanissimam
1199 2740 1394 2780 pruriginem
1405 2737 1554 2769 novandi:
1573 2746 1649 2767 con-

918 2793 966 2824 fer
980 2794 1066 2823 enim
1081 2792 1172 2832 Virg.
1190 2792 1265 2822 AEn.
1281 2791 1333 2821 xii.
1345 2793 1529 2822 617—620.
1543 2797 1651 2820 versus

919 2854 1116 2884 summopere
1131 2842 1337 2882 tempestivos.

962 2897 1039 2928 Ver.
1055 2899 1129 2928 928.
1151 2897 1185 2928 in
1201 2906 1247 2928 os.-
1276 2894 1315 2926 Ο.
1331 2901 1368 2926 Δ.
1384 2897 1419 2927 Σ.
1434 2904 1509 2925 mor.
