1926 3224
242 213 260 250 1
270 211 331 253 64
728 212 787 258 T„

845 211 1222 261 LUCRETH

375 335 607 392 Ejecteique
627 336 767 387 domo,
788 337 999 394 fugiebant
1019 354 1139 380 saxea
1157 346 1264 381 tecta

375 409 606 465 Spumigeri
626 410 707 449 suis
727 409 920 461 adventu,
942 411 1147 467 validique
1166 412 1312 462 leonis;

371 484 508 537 Atque
527 482 768 537 intempesta
789 483 987 525 cedebant
1006 492 1141 535 nocte,
1162 493 1369 540 paventes,

258 560 339 598 985
371 555 617 611 Hospitibus
643 557 758 598 saevis
777 558 948 598 instrata
968 557 1116 599 cubilia
1134 558 1293 600 frunde.

430 629 518 671 Nec
537 631 664 671 nimio
684 638 773 672 tum
792 630 899 685 plus,
921 645 1045 685 quam
1065 645 1191 681 nunc,
1212 632 1399 674 mortalia
1419 634 1522 676 secla

226 783 401 815 etiamnum
425 786 579 822 restantia,
612 787 729 822 exbibz't,
757 786 944 826 exjurwish,

226 841 258 865 et
270 838 406 873 amovit,
430 837 585 867 Plautina.
603 843 636 869 Σ.
653 839 762 868 Ececci.

271 885 351 916 Ibid.
387 897 475 917 sazvea
505 893 592 918 tecta.
637 887 809 927 Homerus,
838 889 944 929 hymn.

228 935 319 966 Vulc.
338 939 365 966 1.

260 1019 399 1052 Ἥφαιστον
414 1025 568 1055 κλυτομητιν
585 1022 669 1053 cettheo,
683 1025 766 1049 Mau-00
778 1028 871 1054 λιγειοι·

262 1066 316 1096 Ὃς,
335 1066 392 1099 μετ’
406 1067 527 1097 Αθπνσαης
540 1070 723 1100 γλαυκωπιδας,
744 1075 840 1101 ιγΜιοι
853 1079 917 1104 εργυι

264 1112 393 1148 Δνθρωπες
408 1114 511 1147 εδιδσιξεν
526 1125 561 1141 zm
572 1116 676 1149 χθονος·
688 1116 710 1142 ω’
719 1127 748 1142 το
761 1127 839 1151 παρος
850 1127 891 1152 περ

265 1161 365 1195 Αντρως
380 1171 544 1189 νοωετοιοισκον
559 1173 585 1189 εκ
598 1173 683 1198 spectu,
704 1165 762 1193 ηϋτε
776 1164 857 1199 θῆρες.

228 1239 335 1279 Atque
349 1240 434 1270 hunc
449 1241 602 1271 nascentis
616 1241 730 1272 mundi
744 1247 859 1272 statum
875 1241 944 1280 pul-

226 1290 298 1320 chre
322 1290 450 1321 Gratius
464 1292 590 1333 attingit
612 1292 647 1322 in
669 1293 860 1334 cynegefico,
883 1303 944 1323 ver.

231 1347 278 1375 15.

255 1433 301 1457 Tu
312 1433 443 1466 trepidam
454 1434 523 1460 bello
535 1434 629 1465 vitam,
646 1435 744 1460 Diana!
763 1433 858 1465 ferino,

256 1474 315 1505 Qua
327 1476 441 1507 primam
452 1478 590 1507 quaerebat
602 1484 693 1508 opem,
703 1477 813 1508 dignata
822 1477 932 1508 repertis

250 1516 393 1547 Protegere
402 1516 517 1546 auxiliis,
528 1518 675 1547 orbemque
685 1516 735 1541 hae
746 1517 848 1542 solvere
856 1517 939 1542 noxa.

266 1593 339 1623 Ver.
364 1597 434 1625 985.
461 1597 652 1635 Spumz’geri:
678 1595 732 1626 sed
757 1596 942 1626 recentiores

223 1643 365 1682 editores,
381 1651 487 1675 contra
503 1646 611 1676 omnia
624 1652 727 1676 vetera
741 1646 940 1685 exemplaria,

221 1705 275 1735 per
296 1706 454 1726 summam
468 1697 642 1728 vecordiam
664 1704 695 1727 et
714 1697 943 1736 impudentiam

221 1757 387 1783 summam,
410 1747 499 1777 nobis
514 1757 550 1777 ex
573 1748 699 1778 arbitrio
716 1753 872 1777 recoctum
886 1748 939 1778 de-

220 1799 333 1829 derunt
355 1813 389 1830 ⁴ro
410 1802 546 1839 Setigeri,
569 1811 629 1831 ver.
644 1804 716 1831 968.
738 1800 817 1835 licet,
839 1806 875 1830 ut
894 1806 938 1830 ta-

220 1861 308 1881 ceam
327 1851 364 1881 de
378 1851 510 1890 imperio
531 1851 693 1889 librorum,
723 1865 818 1883 εννοιαν
840 1852 941 1882 multo

220 1902 346 1941 majoris
359 1902 487 1941 periculi
507 1913 542 1932 ac
554 1903 674 1932 timoris
689 1903 819 1933 incutiat
832 1903 940 1933 efficax

221 1953 402 1993 epithetum,
414 1954 499 1994 quod
511 1954 608 1993 po'e'tae
624 1954 851 1985 redonavimus.
875 1955 939 1985 Vo-

220 2014 255 2035 ce
269 2007 421 2045 spumiger
439 2005 592 2035 Manilius
607 2016 681 2035 usus
695 2011 750 2040 est,
772 2005 812 2036 ad
834 2016 861 2036 v,
889 2008 938 2037 74.

218 2060 249 2085 et
263 2055 409 2085 exhibent
421 2055 548 2096 quidam
563 2056 650 2086 codd.
668 2056 784 2092 Ovidii,
806 2057 839 2086 in
861 2063 933 2087 met.

218 2105 258 2136 xi.
277 2108 345 2136 140.
371 2106 497 2144 Seneca,
515 2106 644 2146 Hippol.
658 2110 730 2138 547.
745 2113 930 2147 apponetur:

309 2191 390 2215 Tunc
401 2190 540 2216 vulnificos
550 2191 621 2216 acuit
633 2192 724 2217 dentes

308 2231 385 2262 aper,
402 2234 429 2256 et
441 2234 501 2256 toto
513 2234 551 2256 est
565 2235 680 2263 spumeus
691 2238 746 2257 ore.

218 2306 278 2337 Sed
293 2312 359 2337 tero
374 2312 497 2346 tempus
511 2306 678 2343 inutiliter;
700 2316 775 2336 nam
791 2317 935 2346 spuman-

212 2364 257 2388 tes
270 2360 341 2397 apri
354 2358 547 2388 celebrantur
561 2358 594 2388 in
611 2357 718 2398 quavis
732 2357 846 2398 pagina
862 2359 934 2398 po'e'-

213 2414 316 2439 tarum
330 2409 481 2440 sermonis
495 2409 664 2450 utriusque.

256 2460 336 2490 Ibid.
366 2462 538 2500 Slmmigeri
560 2462 635 2497 suis,
657 2461 811 2500 validique
831 2461 933 2491 leonis.

213 2512 302 2548 Quos
322 2512 430 2553 junxit
456 2512 660 2551 Claudianus,
689 2519 766 2552 rapt.
794 2512 880 2543 Pros.
903 2512 934 2542 ii.

213 2566 284 2594 245.

618 2643 724 2662 securus
734 2637 833 2668 ubique

241 2676 343 2706 spumet
352 2680 423 2708 aper,
433 2677 549 2709 saevique
561 2676 679 2702 fremant
690 2677 802 2708 impune
809 2676 897 2700 leones.

212 2748 376 2786 Heinsius,
396 2760 498 2780 unum
525 2751 665 2782 codicem
687 2756 819 2786 secutus„
843 2759 930 2789 repo-

210 2799 273 2829 suit
301 2810 427 2836 saevum;
461 2801 544 2841 quod
571 2802 635 2840 ipse
658 2812 722 2831 non
744 2802 852 2840 probo,
874 2810 931 2830 nec

210 2850 291 2880 favet
307 2860 380 2880 sane
395 2853 598 2891 congruentia
611 2852 829 2882 clausularum.

253 2901 327 2932 Ver.
345 2904 414 2933 984.
437 2903 595 2934 cedebant:
616 2910 655 2934 Π.
672 2905 839 2935 tendebant.
871 2901 929 2933 Ni-

988 787 1113 824 mirum,
1136 794 1299 829 postquam
1314 799 1330 818 c
1357 789 1390 819 in
1415 796 1426 820 t
1454 789 1492 820 de
1514 790 1605 821 solito
1626 793 1706 824 abie-

988 845 1043 875 rat,
1073 850 1111 870 ex
1135 842 1273 871 [edebant
1300 840 1389 870 facile
1415 840 1533 872 factum
1558 849 1604 873 est
1628 846 1707 875 tide-

987 892 1068 921 bant.

1032 941 1111 971 Ibid.
1133 940 1310 982 intempestri
1323 949 1426 974 nocte.-
1454 944 1472 974 i.
1486 954 1511 974 e.
1535 948 1557 963 “
1573 946 1623 975 cui
1634 953 1708 977 tem·

990 994 1012 1009 ‘⁴
1023 993 1181 1030 pestivitas
1220 993 1413 1032 agendarum
1449 1004 1554 1024 rerum
1592 996 1707 1027 deest.”

989 1042 1111 1072 Eadem
1126 1048 1252 1073 vocatur
1267 1044 1426 1083 Longino,
1449 1045 1483 1074 in
1504 1051 1635 1077 tractatu
1651 1060 1709 1089 περι

990 1094 1103 1131 ’Ύψυς,
1127 1095 1171 1132 ναξ
1185 1106 1295 1135 απορος,
1312 1100 1516 1135 Θῐὶατρηκτας,
1532 1095 1580 1125 vel
1595 1099 1710 1128 intrac-

989 1148 1098 1177 tabilis.
1137 1148 1220 1177 Mihi
1232 1148 1376 1178 videntur
1390 1149 1572 1189 interpretes
1585 1152 1624 1181 ad
1641 1152 1711 1183 Sal-

990 1196 1129 1235 lustium,
1141 1203 1176 1227 et
1189 1198 1273 1234 alibi,
1290 1209 1353 1228 non
1369 1200 1494 1238 proecise
1509 1202 1591 1239 satis,
1608 1213 1710 1244 neque

987 1247 1172 1285 luculenter,
1201 1249 1357 1288 propriam
1387 1250 1557 1282 efficaciam
1579 1252 1711 1286 locutio-

990 1298 1039 1329 nis
1053 1299 1235 1339 exposuisse.
1270 1302 1341 1332 Noz·
1356 1303 1531 1341 intempesta
1547 1303 1662 1344 legitur
1675 1305 1709 1337 in

989 1350 1088 1380 Ennii
1102 1351 1293 1391 fragmentis,
1316 1362 1344 1391 p.
1362 1355 1432 1383 122.
1450 1359 1481 1383 et
1496 1354 1626 1396 Virgilii
1640 1367 1708 1398 geo.

988 1399 1007 1429 i.
1024 1403 1094 1431 247.

1331 1473 1474 1505 intempesta
1488 1474 1546 1500 silet
1557 1480 1620 1501 nox.

987 1528 1051 1559 Ubi
1082 1529 1180 1559 Servii
1205 1532 1444 1562 commentarios
1470 1533 1514 1563 sic
1541 1535 1707 1576 castigave-

984 1579 1058 1610 rim:
1085 1583 1109 1599 “
1121 1582 1318 1621 Intempesta,
1339 1583 1510 1621 inactuosa,
1534 1584 1607 1622 alta,
1630 1586 1707 1617 den-

986 1634 1007 1649 “
1023 1642 1065 1667 sa,
1088 1642 1200 1670 crassa;
1235 1634 1334 1673 qualis
1363 1640 1409 1664 est
1437 1637 1471 1665 in
1502 1638 1706 1675 tempestate.”

985 1680 1081 1717 Libri,
1112 1684 1298 1722 intempesta.
1351 1683 1468 1714 Videas
1498 1686 1634 1719 eundem
1666 1688 1707 1719 ad

985 1732 1058 1762 AEn.
1074 1732 1116 1762 iii.
1133 1735 1204 1764 587.
1239 1734 1341 1764 Vetus
1355 1735 1584 1766 onomasticon:
1612 1740 1634 1755 “
1650 1739 1707 1769 In·

985 1786 1006 1801 “
1021 1789 1175 1823 tempesta,
1199 1797 1293 1825 αωρος,
1316 1798 1440 1826 ακαιρος,
1463 1788 1574 1823 Embaton,
1596 1801 1707 1829 aupac-

986 1836 1007 1851 “
1025 1833 1103 1867 ‹rofl'
1127 1834 1223 1874 Lege,
1240 1840 1432 1867 ΑΚΡΑΤΟΣι
1461 1835 1480 1866 i.
1495 1846 1521 1866 e.
1533 1847 1615 1876 pura
1625 1845 1706 1879 puta

982 1897 1048 1916 nox.
1072 1886 1166 1916 Unde
1179 1886 1261 1916 idem
1271 1887 1388 1917 statim:
1409 1891 1431 1905 “
1444 1890 1625 1928 Intempesta
1635 1901 1707 1930 ποτε,

985 1941 1007 1956 “
1022 1938 1233 1977 μεσονυκτιαν.”
1256 1939 1360 1975 Bene;
1383 1939 1467 1979 quod
1489 1949 1525 1969 ea
1546 1950 1616 1979 pars
1630 1951 1704 1973 noo-

983 1990 1022 2020 tis
1036 1992 1171 2022 maxime
1186 1991 1225 2021 sit
1239 1992 1461 2030 intempestiva.

1021 2042 1095 2072 Ver.
1113 2045 1182 2074 985.
1207 2043 1385 2082 Hospitibus
1406 2045 1509 2074 saevis:
1536 2049 1577 2074 Π.
1596 2045 1702 2076 Hosti·

979 2094 1032 2123 bns
1049 2095 1139 2124 senis.

1023 2143 1101 2173 Ibid.
1134 2145 1392 2176 nocte—instrata
1425 2147 1538 2176 cubilia
1572 2147 1699 2187 fronde.

982 2194 1070 2224 Hinc
1085 2204 1141 2224 sua
1153 2194 1307 2235 Virgilius
1326 2195 1480 2234 expressit,
1496 2205 1562 2236 geo.
1574 2197 1618 2227 iii.
1630 2200 1700 2228 230.

1041 2280 1110 2311 Ergo
1122 2279 1196 2304 omni
1208 2279 1272 2304 cura
1284 2279 1351 2304 vires
1363 2283 1484 2310 exercet,
1501 2283 1528 2305 et
1539 2281 1610 2305 inter

1040 2320 1111 2344 Dura
1121 2320 1191 2350 Jacet
1199 2322 1297 2351 pernox
1312 2318 1416 2343 instrato
1427 2326 1491 2344 saxa
1507 2320 1658 2345 cubili—.

982 2390 1026 2419 At
1048 2389 1203 2429 OEdipum
1222 2389 1379 2430 quendam
1405 2390 1493 2428 cedo,
1514 2390 1621 2422 lector!
1646 2391 1701 2432 qui

977 2441 1054 2471 mihi
1066 2440 1184 2481 liquido
1199 2441 1373 2481 expeditam
1388 2442 1561 2481 praestiterit
1571 2442 1700 2483 Virgili-

978 2493 1029 2522 ani
1045 2492 1148 2523 versus
1165 2494 1436 2524 constructionem.
1481 2494 1607 2524 Mussas
1617 2493 1700 2534 jarn-

978 2544 1099 2574 dudum
1114 2544 1219 2582 video;
1242 2551 1273 2575 et
1286 2545 1406 2575 invenis
1421 2545 1590 2576 neminem:
1623 2553 1698 2574 nam

976 2596 1075 2626 faceta
1095 2596 1232 2626 nimium
1253 2602 1298 2626 est
1323 2597 1444 2637 Heynii
1466 2595 1617 2636 cogitatio,
1643 2595 1697 2635 qui

975 2658 1029 2687 per
1044 2650 1171 2679 instrato
1196 2648 1391 2678 intellectum
1413 2647 1480 2678 vult
1503 2657 1565 2677 non
1586 2651 1691 2681 strato,

975 2704 1005 2728 et
1019 2698 1187 2738 prudenter
1205 2699 1261 2730 sibi
1277 2699 1403 2739 negotio
1425 2695 1596 2736 supersedit
1610 2696 1695 2725 hunc

975 2759 1100 2779 sensum
1115 2750 1266 2790 exemplis
1280 2749 1398 2780 collatis
1417 2745 1584 2778 astruendi.
1633 2745 1693 2775 Ni-

974 2800 1018 2830 hil
1035 2806 1137 2838 restat,
1160 2801 1219 2830 nisi
1241 2806 1277 2830 ut
1297 2799 1347 2829 hic
1364 2798 1403 2829 sit
1424 2797 1498 2828 ordo
1513 2798 1691 2826 verborum:

975 2855 996 2869 “
1014 2851 1057 2880 Et
1078 2851 1161 2891 jacet
1181 2850 1274 2881 cubili
1296 2849 1423 2879 instrato
1444 2848 1524 2878 inter
1546 2847 1694 2877 saxa.’'—

976 2902 1036 2932 Sed
1050 2908 1167 2940 metuo,
1191 2907 1226 2931 ut
1241 2900 1331 2931 stabit
1346 2913 1379 2931 το
1401 2901 1547 2931 instratus
1569 2897 1613 2928 sic
1629 2907 1687 2928 nu-
