1926 3224
617 242 847 291 LIBER
895 239 1257 298 QUINTUS.

1540 241 1629 281 192

164 376 266 416 1175
300 374 643 430 Subpeditabatur
661 375 796 425 facies,
818 383 858 416 ct
876 374 1007 416 forma
1026 371 1231 413 manebat:

301 450 355 490 Et
375 457 509 491 tamen
531 451 717 500 omnino,
739 450 849 505 quod
870 449 991 490 tantis
1012 447 1162 487 viribus
1182 451 1320 486 auctos

300 523 397 563 Non
418 533 568 565 temere
587 523 666 564 ulla
687 524 726 562 vi
747 523 932 562 convinci
951 534 1069 574 posse
1087 519 1301 573 putabant:

302 596 570 650 Fortunisque
590 595 682 635 ideo
701 595 822 650 longe
841 600 1035 648 praestare
1054 591 1268 646 putabant,

300 669 426 717 Quod
447 667 588 708 mortis
607 667 731 707 timor
750 666 862 706 haud
882 678 1127 721 quemquam
1147 670 1312 704 vexaret
1332 676 1493 709 eorum;

163 747 268 783 1180
300 742 354 783 Et
374 741 491 782 simul
510 741 552 781 in
574 742 725 781 somnis
745 741 841 796 quia
861 740 989 781 multa
1003 748 1043 780 et
1063 739 1171 779 mira‘
1185 736 1378 778 videbant

299 814 494 865 Ecficere,
517 822 558 856 et
577 814 732 856 nullum
753 829 898 870 capere
917 815 1025 869 ipsos
1045 812 1142 853 inde
1161 811 1354 852 laborem.

355 888 576 939 Praeterea,
598 889 689 930 coeli
709 890 886 930 rationes
907 888 1051 929 ordine
1071 895 1183 928 certo

301 962 357 1003 Et
376 964 487 1004 varia
506 977 710 1004 annorum
732 963 952 1004 cernebant
971 969 1156 1016 tempora
1173 959 1277 1000 vorti
1284 977 1296 1008 ς

160 1133 272 1171 norosi,
294 1135 336 1164 sol
358 1135 515 1170 videntur,-
538 1134 624 1165 libris
644 1134 771 1164 vetustis
785 1134 879 1164 recla-

158 1185 328 1216 mantibus:
355 1195 431 1224 quas
447 1184 593 1215 lectiones
604 1185 743 1216 socordia
758 1185 879 1215 Vindo-

158 1237 303 1267 bonensis
332 1236 487 1266 collatoris
516 1237 706 1277 propagavit.

159 1291 288 1321 videtur.

203 1340 277 1370 Ver.
300 1342 389 1370 1189.
414 1339 507 1370 Luna
523 1345 552 1370 et
565 1351 632 1370 nox.
677 1339 747 1369 Has
768 1339 880 1379 repeti-

159 1393 259 1425 tiones
285 1393 440 1424 adamavit
462 1394 636 1430 Lucretius,
664 1394 882 1434 frequentavit-

162 1456 236 1487 que:
261 1455 312 1475 me
327 1445 431 1475 videas
445 1445 484 1475 ad
499 1445 542 1475 iii.
562 1448 608 1475 15.
631 1450 660 1475 et
676 1445 757 1475 alibi.
782 1446 885 1476 Voces

162 1497 278 1527 iterum
294 1495 358 1527 una⁴
374 1496 525 1535 posuisset
539 1495 622 1526 haud
632 1495 736 1533 dubie,
749 1496 806 1525 nisi
819 1506 884 1526 me-

162 1549 202 1579 tri
218 1548 302 1589 leges
317 1547 515 1578 obstitissent.
552 1549 623 1578 ,Now
638 1553 669 1577 et
689 1550 763 1583 dies,
787 1550 829 1578 sol
855 1554 886 1578 et

161 1601 246 1636 luna,
263 1599 377 1639 passim
392 1599 490 1638 po'e‘tis
506 1599 667 1640 utriusque
683 1599 800 1639 linguae
815 1610 884 1639 pro-

163 1652 281 1682 miscue
295 1657 493 1690 usurpantur.

754 1243 793 1267 Π.
815 1247 881 1267 ‘mox

206 1703 287 1744 Ibid.
308 1714 421 1734 severa:
448 1710 487 1734 Π.
503 1714 621 1740 serena,
637 1709 673 1733 ut
688 1703 883 1741 Florentina;

162 1756 247 1797 quod
260 1756 333 1787 viris
346 1756 533 1798 quibusdam
548 1756 645 1786 doctis
659 1756 788 1795 placuit;
806 1756 884 1786 mihi

162 1818 228 1838 non
242 1808 331 1839 item:
355 1808 499 1839 consulas
513 1814 620 1839 autem
634 1808 654 1838 i.
671 1811 741 1839 145.
757 1809 795 1839 iv.
812 1812 883 1839 462.

163 1861 272 1892 Liceat
285 1861 384 1901 po‘etis
399 1862 508 1892 saltem
525 1861 697 1892 orationem
711 1872 801 1892 suam
812 1863 882 1892 sub-

163 1912 236 1943 inde
258 1913 383 1944 variare.
427 1915 533 1944 Severa
556 1912 634 1950 vult,
667 1912 701 1942 in
727 1913 786 1942 hoc
807 1912 885 1950 loco,

164 1966 188 1982 “
201 1963 386 1994 venerabilia
394 1974 466 1994 cum
477 1966 598 1995 horrore
608 1963 743 2004 quodam
750 1963 781 2001 ;”
794 1974 885 2003 prop-

165 2020 212 2045 ter
226 2016 368 2045 tenebras
385 2016 503 2056 utique,
530 2021 561 2046 et
581 2014 748 2046 silentium.
792 2016 886 2046 Euri-

164 2065 264 2106 pides,
282 2066 382 2097 Orest.
401 2068 470 2097 174.

318 2146 424 2176 How-wat,
438 2155 526 2171 rto-nm
537 2147 597 2177 Νυξ.

169 2218 274 2249 Adeas
300 2219 427 2259 insuper
458 2220 691 2258 Casaubonum,
727 2220 890 2251 doctorum

168 2269 262 2309 longe
276 2269 501 2308 doctissimum,
523 2270 557 2300 in
582 2271 697 2301 Athen.
724 2271 826 2310 deipn.
849 2272 889 2302 xi.

170 2322 199 2351 5.
228 2320 336 2351 finem:
361 2332 455 2362 quem
479 2321 620 2352 laudavit
648 2322 743 2352 etiam
767 2322 890 2352 Havet-

170 2381 306 2410 campus.

214 2424 296 2454 Ibid.
311 2431 340 2455 et
356 2436 423 2462 ποις
436 2432 465 2456 et
479 2428 574 2457 noctis
586 2428 674 2466 signa
686 2437 794 2457 severa.
816 2427 890 2457 Vir-

171 2475 265 2516 gilius
279 2476 340 2506 huc
369 2476 550 2507 intendebat
571 2477 688 2515 oculos,
713 2484 806 2518 atque
819 2479 892 2509 hinc

172 2527 389 2558 emendatione
403 2528 497 2568 longe
516 2528 744 2572 elegantissima
761 2530 892 2561 certissi-

172 2579 284 2620 maque
299 2580 507 2610 restituendus
522 2586 578 2619 est,
601 2581 640 2611 de
656 2581 758 2620 scripti
781 2582 893 2613 codicis

172 2630 266 2661 etiam
281 2631 474 2669 testimonio;
491 2632 574 2672 quod
588 2631 815 2672 impensissime
823 2634 892 2674 qui-

171 2681 245 2712 dem
259 2682 497 2722 triumphamus.
544 2683 646 2714 Locus
667 2690 714 2714 est
733 2690 839 2715 autem
857 2685 891 2715 in

173 2734 249 2765 AEn.
270 2734 320 2764 vii.
339 2737 410 2765 158.

203 2827 266 2835 --
274 2817 335 2840 tum
349 2818 456 2846 Noctem,
467 2816 604 2848 Noctisque
617 2825 798 2845 nonni-:wrm
809 2818 893 2851 signa:

175 2882 196 2913 i.
214 2894 239 2914 e.
263 2886 330 2928 ἱερα,
346 2901 444 2927 cmm·
469 2891 491 2906 ‘⁶
503 2890 652 2919 horrorem
671 2899 790 2919 sacrum
806 2889 894 2919 incu-

177 2936 201 2951 “
217 2934 352 2968 tientia.”
412 2939 517 2979 Euge!
556 2939 649 2971 belle!
686 2939 895 2971 Gra'tulemini

923 1133 1022 1170 nobis,
1035 1131 1212 1171 ubicunque
1224 1128 1298 1165 sitis,
1311 1127 1477 1158 hominum
1490 1127 1644 1159 venustio-

923 1197 994 1217 rum
1024 1187 1142 1215 chorus.
1200 1182 1319 1222 Vulgo,
1348 1183 1491 1212 orientia:
1530 1181 1646 1219 inepte,

924 1237 1047 1278 frigide,
1071 1233 1296 1274 intempestive,
1319 1238 1350 1262 et
1371 1242 1494 1271 prorsus
1515 1231 1646 1261 mendo-

925 1293 1059 1323 sissime:
1077 1291 1252 1322 committas
1265 1290 1347 1320 enim
1358 1289 1473 1319 scilicet
1483 1288 1556 1318 ibid.
1572 1298 1647 1317 verr.

927 1348 978 1375 26.
1002 1350 1033 1374 et
1047 1354 1127 1384 seqq.
1144 1343 1183 1373 ad
1196 1343 1317 1379 locum;
1339 1348 1369 1371 et
1383 1340 1511 1377 videbis,
1527 1339 1585 1369 nisi
1598 1349 1649 1368 me

927 1395 1052 1435 quidem
1067 1395 1145 1424 ratio
1159 1404 1286 1433 prorsus
1301 1392 1428 1433 fugerit,
1453 1393 1520 1421 haec
1543 1391 1649 1420 omnia

927 1445 977 1475 die
992 1445 1074 1475 claro
1089 1444 1162 1485 geri.
1206 1443 1362 1479 Valerius,
1379 1444 1498 1482 Argon.
1513 1452 1539 1471 v.
1555 1445 1627 1471 555.

1090 1527 1117 1549 et
1125 1522 1260 1548 horrendas
1273 1522 1338 1546 lustr
1343 1521 1414 1546 antia
1426 1521 1536 1545 flumina
1544 1523 1634 1545 noctes.

930 1587 1069 1618 Accedat
1083 1587 1178 1617 etiam
1195 1585 1338 1621 Ovidius,
1357 1585 1425 1615 fast.
1442 1584 1479 1614 vi.
1498 1587 1566 1614 140.

958 1679 1004 1702 Est
1014 1677 1063 1700 illis
1074 1677 1197 1708 strigibus
1209 1682 1324 1705 nomen3
1347 1675 1394 1699 sed
1405 1674 1518 1698 nominis
1529 1673 1606 1704 hujus

990 1717 1096 1745 Caussa,
1107 1715 1180 1747 quod
1191 1714 1313 1739 horrenda
1326 1714 1436 1738 stridere
1448 1717 1515 1738 nocte
1523 1713 1619 1737 solent.

928 1794 1095 1832 Heinsius,
1118 1805 1184 1825 voce
1194 1808 1204 1828 ;
1232 1792 1287 1823 sed
1302 1797 1409 1822 contra
1425 1792 1526 1822 libros.

970 1846 1042 1876 Ver.
1062 1849 1151 1877 1191.
1174 1847 1228 1876 sol:
1248 1843 1390 1881 editores,
1407 1842 1608 1872 insulsissime
1623 1846 1654 1872 et

930 1896 1146 1932 audacissime,
1161 1907 1221 1933 ros,
1245 1899 1353 1925 contra
1367 1899 1469 1924 vetera
1491 1903 1584 1923 omne
1599 1903 1652 1932 ge-

929 1960 989 1979 nus
1003 1947 1364 1988 exemplaria—imbres:
1392 1945 1428 1975 P.
1445 1943 1653 1984 z'mber.—sul-

929 2003 1027 2032 mina.-
1054 2000 1094 2031 V.
1111 1999 1158 2030 ed.
1181 1999 1218 2029 L.
1238 1998 1285 2028 M.
1302 1999 1504 2038 1'1.flumz'na.
1550 1994 1653 2031 Unde,

931 2061 997 2083 tam
1019 2053 1058 2082 ob
1081 2052 1275 2092 frequentem
1301 2059 1412 2079 vocum
1435 2047 1653 2078 commutatio-

931 2115 1014 2140 nem,
1037 2113 1133 2144 quam
1155 2104 1194 2132 ob
1209 2101 1382 2142 significata
1393 2101 1535 2141 fulmina
1552 2099 1584 2128 in
1606 2109 1653 2129 se-

934 2159 1049 2196 quente
1077 2163 1177 2190 versu,
1205 2151 1379 2190 Lucretius,
1407 2156 1461 2181 aut
1483 2160 1541 2190 ego
1556 2149 1654 2186 fallor,

933 2212 1051 2246 posuit:

935 2293 1039 2323 Nubila,
1050 2292 1099 2322 sol,
1112 2291 1218 2321 imbres,
1231 2291 1290 2321 nix,
1302 2290 1377 2315 venti
1379 2289 1501 2321 flamina,
1511 2289 1654 2321 grando—.

935 2364 1008 2403 Ipse
1023 2364 1055 2393 in
1071 2363 1290 2403 superioribus,
1307 2363 1326 2392 i.
1342 2365 1413 2393 291.

966 2447 1006 2472 Sic
1015 2446 1098 2479 igitur
1107 2446 1206 2471 debent
1217 2444 1292 2470 venti
1303 2443 1523 2476 quoqueflamina
1534 2443 1612 2469 ferri:

937 2523 968 2548 et
984 2517 1125 2553 Ovidius,
1143 2523 1197 2547 art.
1216 2527 1275 2546 am.
1291 2515 1334 2545 iii.
1352 2519 1400 2546 99.

967 2598 1017 2623 Sed
1027 2604 1082 2627 me,
1086 2597 1237 2628 flaminibus
1248 2595 1322 2621 venti
1331 2594 1432 2627 majoris
1442 2594 1586 2619 iturum-.

938 2676 1015 2707 Huc
1037 2677 1130 2707 etiam
1159 2676 1316 2706 Arnobius
1338 2680 1418 2705 certe
1435 2674 1577 2712 respexit,
1604 2673 1656 2706 lib.

937 2730 968 2760 ii.
986 2741 1013 2769 p.
1031 2734 1082 2763 59.
1107 2734 1129 2749 “
1146 2731 1314 2768 Poteritne‚
1330 2730 1353 2759 si
1370 2740 1498 2770 quaeras,
1522 2729 1567 2759 sol
1581 2729 1657 2770 quid

939 2787 961 2802 “
977 2784 1027 2820 sit,
1044 2785 1216 2821 ostendere,
1240 2791 1330 2821 terra,
1348 2785 1456 2820 maria,
1472 2783 1579 2818 sidera,
1597 2793 1655 2812 nu-

941 2838 962 2853 “
978 2836 1042 2873 bes,
1059 2835 1182 2872 nebula,
1197 2835 1318 2875 pluviae,
1328 2835 1476 2872 tonitrua,
1488 2835 1550 2870 nix,
1564 2844 1656 2874 gran-

941 2891 962 2906 “
979 2887 1062 2918 do?”

982 2941 1055 2971 Ver.
1081 2943 1173 2972 1192.
1197 2939 1485 2981 rapidez'sremit-us.
1531 2939 1658 2978 Optime
