1926 3224
309 261 399 299 loo

804 257 864 303 T.
905 254 1281 303 LUCRETII

507 386 613 427 Illud
632 385 728 424 item
750 397 834 423 non
855 390 915 423 est
934 382 1183 433 mirandum,
1215 382 1296 438 qua
1317 383 1474 424 ratione

450 457 651 498 Tantulus
670 455 735 496 ille
754 463 875 510 queat
894 463 1055 496 tantum
1075 455 1134 496 sol
1153 456 1314 497 mittere
1333 455 1487 507 lumen,

450 531 576 580 Quod
595 531 740 581 maria,
772 546 820 572 ac
850 539 977 572 terras
997 531 1168 582 omneis,
1201 531 1443 587 coelumque,
1475 532 1648 589 rigando

336 610 416 647 595
450 603 665 659 Conpleat,
696 611 737 645 et
755 603 886 645 calido
905 603 1124 659 perfundat
1143 613 1291 646 cuncta
1310 619 1472 660 vapore.

304 770 406 801 neque
427 763 543 792 ostendi
567 765 670 791 cessat.
712 760 812 791 Silius
835 760 975 799 Italicus,
1001 761 1021 791 i.

302 815 377 845 557.

326 896 461 921 ,Fulminis
469 897 530 922 haec
542 897 605 926 ritu,
616 897 726 921 summis
737 904 752 922 e
763 897 898 922 maenibus
907 897 974 922 arcis

333 937 428 967 Incita,
438 937 571 962 sulcatum
582 937 691 962 tremula
703 941 774 963 secat
785 938 972 969 a'e'raflammd.

344 1015 419 1045 Ver.
443 1019 513 1046 588.
546 1018 751 1056 Per-parvum.-
777 1017 874 1048 vind.
904 1018 944 1048 V.
974 1017 1021 1048 ed.

302 1069 365 1098 Per
373 1071 671 1107 parum—videtur:
690 1079 812 1108 nempe,
817 1071 913 1111 filum
919 1085 930 1106 ;
954 1070 1020 1100 vul-

300 1127 353 1157 g0,
368 1120 528 1149 videntur:
553 1125 585 1149 et
599 1119 641 1149 sic
658 1130 732 1150 sane
754 1119 842 1150 codd.
858 1120 955 1150 Vind.
973 1121 1020 1150 M.

300 1168 326 1198 si
350 1169 397 1198 fas
423 1169 462 1198 sit
487 1169 684 1200 collatoribus
709 1171 847 1208 credere;
871 1172 924 1202 sed
947 1172 1020 1201 alibi

298 1219 450 1250 Judaeum
467 1220 612 1259 Apellam
623 1228 775 1261 quaerant:
798 1222 883 1262 apud
898 1229 1021 1253 nosmet

298 1269 393 1300 fidem
429 1273 565 1302 abnuere
601 1279 752 1303 statutum
788 1280 842 1304 est.
897 1274 936 1304 V.
973 1275 1021 1305 ed.

298 1327 400 1359 partes
425 1321 522 1352 literae
550 1325 570 1352 d
596 1323 749 1361 discrevit,
778 1326 904 1354 violetur
933 1325 1021 1355 exhi-

297 1373 388 1402 bens:
415 1373 521 1402 redeas
545 1374 584 1403 ad
609 1374 648 1403 iv.
674 1377 747 1405 595.
796 1375 961 1412 Caeterum,
986 1382 1021 1406 ut

298 1422 377 1452 nihil
392 1424 634 1462 praetermissum
649 1425 697 1459 sit,
723 1424 890 1455 Creechius
904 1433 935 1454 et
951 1426 1020 1455 Ha-

297 1482 478 1512 vercampus
508 1473 547 1503 ad
577 1473 755 1504 absolutum
790 1475 873 1504 verbi
902 1482 1021 1506 ηιιιίανε

296 1533 398 1559 usum,
414 1534 470 1562 pro
484 1526 607 1559 mutari,
629 1524 677 1553 vel
691 1535 720 1554 se
736 1531 866 1563 mutare,
890 1526 1020 1556 inscitis-

296 1575 374 1604 sime
397 1575 523 1615 quidem
545 1575 756 1613 offenderunt3
787 1577 874 1617 quasi
904 1578 951 1607 vel
982 1578 1022 1608 sit

297 1625 399 1655 tritius
412 1625 498 1656 aliud
513 1627 570 1656 hoc
585 1628 748 1663 schemate,
768 1634 823 1657 aut
840 1629 940 1669 magis
954 1629 1019 1667 alii,

296 1687 390 1717 quam
412 1684 517 1708 nostro
538 1678 696 1717 Lucretio,
720 1680 753 1709 in
776 1679 900 1710 deliciis.
947 1681 1018 1711 Cel-

295 1739 359 1767 sus,
382 1729 432 1759 lib.
448 1730 478 1760 ii.
494 1730 761 1768 praefatione:—“
777 1741 850 1761 cum
866 1732 1016 1762 recentio-

296 1783 319 1796 “
335 1789 382 1809 res
397 1790 519 1820 quoque
534 1780 657 1816 medici,
680 1781 820 1820 quamvis
835 1782 868 1811 in
883 1783 1016 1812 curatio-

295 1835 319 1850 “
335 1832 426 1863 nibus
440 1835 602 1871 mutarint,
625 1839 731 1863 tamen
746 1835 813 1864 haec
830 1834 921 1864 illum
936 1835 1015 1874 opti-

296 1885 319 1900 “
334 1892 385 1913 me
413 1883 590 1923 praesagisse
618 1883 804 1915 fateantur.‘’
863 1885 1016 1916 Consulas

293 1943 441 1972 proporro
465 1934 616 1972 Gellium,
640 1935 710 1965 xvii.
731 1938 778 1965 12.
800 1936 928 1976 hujusce
951 1936 1015 1966 dic-

293 1984 386 2014 tionis
415 1985 558 2024 exempla
593 1985 767 2016 consimilia
798 1986 1015 2025 proferentem.
1046 1998 1051 2005 ·

296 2035 357 2066 Sed
373 2036 457 2074 enim
472 2037 579 2076 pudet,
602 2037 765 2078 taedetque,
780 2037 950 2068 trivialibus
965 2038 1012 2068 in-

292 2091 420 2124 haerere.

335 2150 409 2181 Ver.
425 2154 496 2183 589.
520 2154 657 2183 Alteram
681 2159 801 2183 utram:
826 2152 879 2189 sic,
903 2153 942 2183 ad
964 2163 1011 2183 ar-

291 2201 430 2231 cha'icam
456 2201 614 2241 scripturae
639 2204 820 2239 castitatem,
852 2204 948 2235 Vind.
972 2205 1012 2235 V.

290 2251 336 2282 ed.
362 2253 398 2282 B.
415 2252 450 2283 L.
468 2253 514 2283 M.
533 2260 578 2284 Ω..
605 2254 708 2294 vulgo,
733 2257 921 2286 Alterutrum
929 2271 940 2291 ‚·
966 2267 1012 2287 se-

289 2302 429 2333 cundum
481 2305 734 2345 orthographiam
792 2307 1012 2346 recentiorum,

288 2363 383 2393 quam
412 2354 553 2391 editores,
584 2355 735 2386 novarum
765 2367 872 2386 rerum
898 2358 1011 2396 cupidi,

288 2412 404 2438 temere
441 2409 651 2447 arripuerunt:
695 2409 734 2440 Ο.
767 2412 872 2441 Altera
901 2418 1011 2441 utram.

287 2457 332 2487 Et
361 2469 401 2488 an
434 2459 622 2498 Priscianus,
654 2461 704 2491 lib.
727 2471 754 2491 v.
778 2472 807 2500 p.
834 2466 905 2493 667.
929 2463 967 2492 vi.
984 2473 1012 2501 p.

288 2512 361 2539 693.
382 2509 421 2539 sit
435 2510 538 2540 statim
554 2511 785 2548 auscultandus,
802 2513 937 2543 multum
954 2513 1011 2543 du-

288 2559 365 2596 bito;
393 2560 447 2590 sed
474 2562 716 2600 grammaticum
742 2563 838 2594 lector
862 2563 1010 2594 consulat.

291 2609 407 2641 Saltem
425 2613 574 2643 vocabula
596 2614 628 2643 in
645 2614 803 2653 Lucretio,
827 2615 1009 2655 exemplari-

288 2661 346 2690 bus
374 2663 634 2694 emendatissimis
662 2665 911 2703 reclamantibus‚
946 2677 1010 2696 non

288 2717 375 2740 erant
407 2713 556 2744 violenter
592 2716 841 2756 constringenda.
889 2717 1009 2755 Cicero,

287 2761 376 2799 epist.
393 2763 431 2792 ad
447 2765 553 2795 famm.
569 2768 607 2796 vi.
622 2770 719 2797 5.-“
735 2768 926 2799 video—hoc
940 2769 1009 2809 qui-

287 2815 310 2829 “
325 2811 397 2842 dem
407 2822 495 2850 certe,
506 2825 578 2846 cum
588 2818 759 2850 sitnecesse
768 2822 896 2850 alterum
907 2827 1008 2851 utrum

289 2866 311 2882 ‘⁸
328 2863 460 2902 vincere,
481 2868 581 2906 qualis
603 2869 708 2900 futura
729 2871 776 2906 sit,
799 2871 847 2901 vel
862 2873 940 2910 haec,
963 2871 1010 2902 vel

289 2918 311 2934 “
326 2917 393 2955 illa,
416 2917 573 2950 victoria.”
617 2921 705 2952 Hinc
726 2930 807 2954 recte
822 2924 1009 2955 constituam

1066 760 1174 791 Plauti
1188 760 1304 796 locum,
1327 770 1422 800 quem
1441 760 1620 798 pravissima
1633 760 1792 792 distinctio

1065 811 1199 851 graviter
1213 811 1359 850 corrupit,
1383 821 1419 841 ac
1441 811 1528 841 dedit
1546 822 1680 851 pessum.
1724 813 1791 843 Ex-

1066 868 1125 892 stat
1138 868 1244 893 autem
1260 862 1293 892 in
1312 862 1406 892 Stich.
1425 862 1445 892 i.
1463 866 1491 893 2.
1508 866 1558 894 61.

1066 944 1143 968 Haud
1153 942 1223 968 male
1234 942 1311 967 istuc.
1344 944 1401 974 Age
1412 945 1454 973 tu,
1464 943 1545 968 altera
1555 946 1614 968 utra
1626 944 1660 969 sit
1671 944 1790 971 conditio

1157 983 1276 1014 pensior?

1065 1021 1247 1053 virginemne,
1256 1029 1291 1046 an
1302 1021 1411 1045 viduam
1428 1022 1544 1047 habere?

1066 1092 1235 1122 Fedissime
1257 1098 1364 1122 autem
1385 1092 1452 1122 haec
1480 1091 1582 1122 solent
1607 1093 1666 1123 hoc
1696 1092 1791 1124 modo

1066 1144 1217 1184 evulgari:

1226 1217 1283 1249 Age
1293 1222 1323 1242 tu
1340 1217 1437 1248 altera;
1454 1220 1516 1242 utra
1532 1217 1567 1242 sit
1587 1217 1708 1244 conditio
1726 1224 1791 1250 pen-

1187 1256 1318 1281 sior—3

1065 1330 1164 1358 —quo
1197 1321 1317 1358 longius
1353 1321 1448 1350 absit:
1484 1320 1504 1350 i.
1529 1330 1554 1349 e.
1578 1320 1642 1350 “si
1671 1319 1788 1351 filum”

1066 1369 1198 1410 (po'etice
1212 1370 1347 1408 positum
1362 1380 1419 1408 pro
1433 1380 1560 1409 corpore
1574 1370 1656 1410 ipso)
1681 1374 1703 1389 ‘⁸
1718 1371 1787 1402 lon-

1065 1424 1087 1438 “
1103 1421 1173 1460 gius
1188 1421 1372 1461 longiusque
1389 1421 1579 1460 pedetentim
1593 1428 1787 1461 amoveatur,

1065 1473 1088 1488 ‘⁶
1103 1481 1252 1510 perquam
1268 1471 1408 1509 pauxillo
1430 1471 1536 1502 minus
1556 1478 1587 1502 et
1599 1472 1708 1503 minus
1721 1473 1789 1503 fieri

1066 1525 1088 1540 “
1104 1522 1296 1552 videbitur:”
1341 1523 1398 1553 toti
1434 1524 1532 1562 po'etae
1567 1535 1660 1564 scopo
1691 1535 1789 1566 quam

1065 1574 1321 1604 commodissime.
1368 1575 1429 1605 Sed
1445 1574 1576 1606 editores
1597 1582 1702 1606 tamen
1721 1587 1787 1608 sce-

1064 1624 1154 1655 lerosi
1177 1625 1219 1655 sic
1241 1625 1280 1655 ad
1309 1626 1471 1656 arbitrium
1494 1627 1584 1657 nobis
1604 1627 1787 1659 Lucretium

1062 1686 1218 1706 recoxere:

1061 1749 1215 1773 Alterutrum
1227 1749 1252 1773 in
1265 1753 1368 1781 partem
1380 1750 1467 1781 filum,
1477 1758 1550 1783 quom
1564 1751 1667 1784 longius
1677 1752 1769 1778 absint.

1063 1811 1144 1842 Sane
1159 1825 1192 1843 ero
1207 1824 1307 1853 quom,
1330 1813 1378 1843 vel
1400 1825 1478 1850 cum,
1502 1814 1535 1843 in
1551 1815 1648 1845 Vind.
1667 1821 1786 1846 exstare

1059 1863 1249 1901 perhibetur:
1278 1863 1331 1894 sed
1353 1864 1478 1903 vapulet
1495 1865 1627 1896 oscitans
1649 1865 1786 1897 collator.

1059 1914 1138 1944 Pius
1163 1915 1256 1945 etiam
1283 1916 1477 1956 interpungit
1506 1922 1574 1956 post
1594 1923 1727 1956 partem,
1749 1924 1786 1948 ut

1056 1968 1143 2003 silum
1173 1966 1277 1997 redeat
1307 1967 1347 1998 ad
1376 1969 1471 1998 absit:
1497 1968 1580 1998 unde
1606 1968 1655 1998 vel
1681 1969 1786 2000 sensui

1057 2017 1167 2055 po'e'tae,
1193 2018 1240 2048 vel
1256 2018 1491 2048 constructionis
1506 2019 1682 2059 elegantiae,
1711 2019 1784 2050 nul-

1056 2068 1105 2098 lus
1134 2068 1254 2099 fructus
1290 2080 1460 2100 accrescere
1498 2069 1627 2100 videtur.
1674 2069 1784 2100 Taedet

1056 2119 1193 2158 profecto
1210 2121 1442 2161 negotiosarum
1464 2121 1684 2157 minutiarum,
1706 2132 1784 2162 quas

1056 2171 1284 2210 nobismetipsis
1305 2181 1369 2201 non
1391 2172 1496 2202 minus
1512 2172 1642 2211 peperit,
1666 2182 1701 2203 ac
1720 2172 1783 2203 lec-

1056 2222 1173 2252 toribus
1188 2222 1309 2260 nostris,
1325 2223 1585 2253 Lucretianorum
1603 2228 1783 2253 curatorum

1056 2272 1104 2302 vel
1119 2272 1253 2311 inscitia,
1269 2273 1316 2303 vel
1332 2273 1482 2309 socordia,
1497 2273 1546 2303 vel
1560 2273 1726 2304 temeritas.

1099 2332 1173 2362 Ver.
1190 2336 1260 2364 590.
1287 2332 1374 2363 Ordo
1397 2343 1542 2363 versuum
1563 2333 1597 2362 in
1624 2332 1781 2364 codicibus

1056 2383 1208 2420 turbatur,
1234 2384 1292 2413 hoc
1318 2384 1412 2414 modo
1434 2395 1466 2414 se
1493 2383 1690 2414 habentium:
1716 2394 1780 2414 ver.

1057 2437 1127 2465 589.
1155 2437 1226 2465 592.
1253 2438 1324 2465 595.
1349 2437 1423 2466 594.
1451 2437 1522 2466 595.
1550 2437 1624 2466 590.
1655 2437 1728 2466 591.
1749 2440 1781 2465 et

1056 2483 1167 2514 deinde
1184 2495 1243 2515 ver.
1260 2487 1331 2516 584.
1354 2485 1503 2524 repetitur
1517 2484 1551 2514 in
1567 2485 1603 2516 P.
1621 2484 1660 2515 V.
1675 2484 1722 2515 ed.
1740 2485 1779 2516 Ο.

1058 2541 1104 2565 Ω.

1107 2586 1181 2616 Ver.
1208 2589 1279 2618 594.
1304 2588 1451 2626 rigando:
1487 2586 1616 2628 αρδευσει·
1648 2585 1776 2616 scaturi-

1053 2637 1141 2677 gines
1164 2637 1242 2668 lucis
1267 2638 1406 2679 undique
1429 2637 1647 2678 dispergendo:
1671 2635 1778 2667 redeas

1053 2687 1092 2717 ad
1107 2688 1137 2717 ii.
1155 2691 1224 2719 147.
1238 2689 1277 2719 iv.
1296 2692 1366 2719 205.

1096 2739 1170 2769 Ver.
1187 2742 1258 2770 595.
1268 2740 1437 2781 perfundat
1453 2740 1496 2769 sol
1509 2748 1634 2778 vapore:
1657 2743 1693 2767 ut
1707 2747 1775 2776 spe-

1053 2789 1133 2819 ciose
1148 2801 1298 2831 perquam
1313 2790 1484 2826 Ausonius,
1503 2788 1626 2819 Mosell.
1643 2792 1714 2818 222.

1083 2863 1136 2887 Hos
1147 2863 1309 2895 Hyperionio
1319 2869 1403 2894 quum
1414 2861 1450 2886 sol
1456 2861 1597 2894 perfuderit
1606 2864 1742 2886 estu—-

1054 2925 1130 2956 Huc
1159 2925 1272 2957 referas
1302 2925 1456 2966 Diogenis
1488 2925 1604 2956 La'ertii
1635 2929 1775 2956 ΔΙΕΡΗΝ
