1926 3224
569 239 801 288 LIBER
852 237 1210 298 QUINTUS.

278 371 375 412 Non
395 370 472 412 alifi
492 371 614 429 longe
633 373 807 423 ratione,
829 386 878 414 ac
897 386 1006 428 saepe
1024 371 1224 421 videmus,

275 445 416 485 Aurea
436 459 560 500 quom
579 445 775 500 primum,
797 446 1065 503 gemmanteis
1085 460 1193 497 rore,
1215 458 1289 500 per
1308 443 1454 486 herbas

278 517 488 560 {Matutina
507 519 657 561 rubent
676 518 823 559 radiati
843 519 999 560 lumina
1020 518 1112 559 solis
1119 535 1132 566 ς

132 688 195 720 Ubi
210 688 331 719 mireris
343 697 433 717 aures
447 687 575 716 maximi
593 686 744 717 Gronovii
766 692 853 717 tanto

130 749 222 780 opere
235 739 276 769 ad
290 738 446 768 illecebras
463 738 631 767 Musarum
645 737 852 773 obsurduisse,

130 797 166 822 ut
187 791 312 827 diceret,
335 792 357 807 “
375 788 448 818 Non
474 789 562 829 pejus
588 789 680 827 foret,
703 789 853 820 rerum!”

129 840 261 870 —Hinc
287 844 394 869 autem
429 840 613 878 pervulgata
647 846 722 867 sunt
757 839 855 876 po'esstis

127 893 308 930 stelligerum
325 895 356 920 et
369 888 546 929 astri-strum
557 888 678 925 coelum,
692 898 766 919 cum
781 899 854 919 con-

130 942 288 974 similibus.
335 940 435 977 Idem,
451 941 547 971 Herc.
568 941 633 971 OEt.
650 943 743 972 1562.

143 1016 212 1048 Quae
223 1016 340 1040 Lemnos
351 1014 462 1039 ardens?
479 1019 541 1045 quae
553 1013 631 1046 plaga
641 1013 742 1045 igniferi
756 1013 821 1045 poli,-

126 1089 146 1120 i.
174 1100 200 1121 e.
230 1090 326 1120 stellis
354 1088 478 1120 consiti:
514 1095 551 1119 ut
581 1088 733 1127 Avienus,
766 1088 852 1117 Arat.

129 1144 201 1171 114.

127 1213 452 1245 scanderestammigerum
464 1213 550 1238 victor
561 1212 679 1244 permisit
691 1212 836 1244 Olympum.-

126 1284 266 1315 imitatus
283 1284 458 1322 Valerium,
477 1285 598 1325 Argon.
614 1284 634 1314 i.
654 1287 683 1314 4.

286 1365 442 1397 flammifero
456 1365 567 1390 tandem
579 1365 700 1390 consedit
711 1364 821 1397 Olympo.

168 1436 244 1467 Ver.
260 1439 332 1467 462.
353 1438 552 1476 gemmanteis
565 1447 650 1467 rore:
676 1436 718 1466 V.
734 1435 782 1465 ed.
800 1447 852 1475 ge-

124 1489 235 1518 mentis
256 1493 347 1523 rotae;
373 1493 414 1517 Π.
433 1493 477 1518 Ω.
500 1489 706 1526 geminantes;
729 1486 855 1525 paribus

125 1537 289 1569 literarum
304 1537 457 1568 ductibus.

169 1587 252 1619 Ibid.
276 1589 382 1619 Aurea
397 1590 517 1618 Iumina
533 1590 612 1619 solis.
658 1588 705 1618 Ut
719 1587 854 1624 Ennius,

126 1649 198 1670 ann.
213 1640 233 1670 i.
248 1639 332 1679 apud
350 1640 493 1670 Ciceron.
509 1639 548 1670 de
564 1639 624 1669 div.
639 1639 659 1668 i.
675 1641 726 1669 48.

381 1719 461 1744 simul
471 1726 564 1744 aureus
577 1719 701 1744 exoritur
710 1718 745 1743 sol
749 1727 757 1743 .-

126 1800 158 1825 et
170 1794 340 1835 Virgilius,
362 1805 431 1836 geo.
446 1794 466 1825 i.
482 1797 554 1825 232.
568 1794 608 1825 iv.
624 1797 677 1825 51.
693 1792 851 1832 similiter;

129 1848 256 1878 Graecos
277 1848 444 1888 magistros
468 1848 580 1878 secuti:
607 1847 651 1877 sic
674 1847 759 1877 enim
774 1847 851 1878 Pin-

126 1898 220 1930 darus
234 1899 412 1940 magnifice,
428 1899 521 1939 Pyth.
536 1899 574 1929 iv.
591 1901 665 1930 257.

204 1988 298 2021 Αμμες
313 1998 354 2018 av,
368 1997 448 2014 κεινων
458 1987 579 2021 emmon—

242 2043 302 2065 -τες,
315 2036 457 2062 ΣΘΕΝΟΣ
479 2035 613 2061 ΑΕΛΙΟΥ
631 2034 797 2061 ΧΡΥΣΕΟΝ

204 2083 428 2117 Λευσσομεν--.

127 2161 396 2200 Transcurrentes‚
415 2161 588 2201 Corippum
603 2160 851 2200 emendabimus,

127 2211 170 2242 iii.
189 2215 257 2243 152.

144 2284 262 2315 septima
273 2285 437 2316 gaudentem
449 2285 497 2309 lux
507 2293 587 2310 aurea
598 2285 703 2310 viderat
719 2285 823 2315 orbem,

144 2323 286 2356 Expeuens
297 2325 400 2356 placido
411 2327 542 2351 brumalia
552 2326 652 2358 frigora
663 2329 753 2350 vento.

129 2397 316 2439 Evulgatur,
330 2410 418 2430 verno
424 2415 434 2436 ;
453 2400 506 2431 sed
522 2400 728 2438 vitiosissime,
743 2410 853 2441 quam-

128 2451 174 2480 vis
189 2450 349 2490 interpreti
371 2451 462 2482 docto
484 2453 606 2484 nullam
628 2462 750 2483 moram
772 2462 856 2482 error

127 2502 178 2532 hic
193 2503 401 2533 crassissimus
415 2503 561 2544 injiceret.
600 2504 772 2541 Nimirum,
783 2506 854 2544 pla-

127 2554 215 2584 cidus
240 2560 345 2584 ventus
371 2559 417 2584 est
446 2556 615 2596 Zephyrus,
642 2554 725 2594 apud
748 2564 856 2584 omnes

125 2606 232 2644 po'e'tas
252 2606 395 2637 assiduus
417 2616 521 2637 comes
542 2607 645 2638 Veris.
690 2607 854 2648 Virgilius,

130 2656 207 2687 AEn.
228 2666 255 2687 v.
272 2660 345 2688 765.

302 2729 399 2762 placidi
410 2733 563 2756 straverunt
574 2736 685 2762 aequora
695 2729 780 2757 venti.

171 2800 252 2832 Ibid.
271 2804 472 2841 gemmanteis
487 2813 555 2833 rore
569 2813 627 2842 per
642 2802 765 2832 herbas:
790 2800 858 2832 redi

129 2849 162 2881 ii.
191 2855 262 2885 519.
302 2853 470 2890 Caeterum‚
507 2853 626 2893 lepores
655 2852 774 2894 egregii
802 2854 858 2883 ho-

129 2911 236 2934 rumce
254 2914 400 2937 versuum
423 2905 502 2937 forte
524 2915 565 2937 an
587 2905 742 2947 originem
764 2903 858 2936 dede-

896 687 960 716 rint
974 695 1102 725 operoso
1125 684 1236 723 cultui,
1258 695 1354 726 quern
1369 687 1518 728 Heynius
1531 687 1625 718 meri-

897 743 930 767 to
945 737 1021 767 dicit
1037 736 1211 777 Virgilium
1227 737 1365 775 posuisse
1386 737 1420 767 in
1443 738 1627 777 expoliendo

898 789 1039 824 disticho,
1054 788 1138 828 quod
1152 788 1268 829 legitur
1283 789 1358 818 AEn.
1370 789 1420 819 vii.
1437 792 1486 820 25.
1503 795 1627 820 strenue

899 848 973 867 cum
987 838 1136 877 magistro
1151 837 1407 869 contendentem:

899 920 1012 949 Jamque
1025 916 1166 941 rubescebat
1176 916 1256 941 radiis
1266 923 1352 947 mare,
1363 920 1391 942 et
1402 918 1507 944 aethere
1517 921 1550 945 ab
1560 920 1616 945 alto

899 966 1000 989 Aurora
1010 964 1038 988 in
1050 963 1123 988 rosei!
1133 963 1255 995 fulgebat
1265 963 1338 988 lutea
1349 964 1424 996 bigis.

939 1048 1014 1079 Ver.
1030 1051 1102 1079 463.
1123 1051 1244 1079 radiati
1258 1051 1344 1080 solis:
1371 1049 1391 1080 i.
1410 1060 1436 1080 e.
1459 1050 1508 1081 vel
1529 1061 1559 1081 se
1574 1062 1626 1082 ra-

896 1104 1012 1133 diantis
1037 1108 1068 1132 et
1092 1103 1264 1134 emittentis
1285 1106 1404 1141 radios;
1431 1105 1465 1146 (i.
1482 1116 1507 1136 e.
1525 1108 1626 1146 virgas

895 1156 989 1189 Iucz's;
1023 1154 1108 1184 unde
1137 1164 1207 1192 nos,
1236 1155 1372 1195 gemello
1397 1156 1537 1195 nomine,
1562 1161 1627 1189 San

897 1216 1018 1237 BEAms
1050 1206 1199 1246 dicimus)
1237 1205 1296 1242 vel,
1333 1216 1433 1246 quum
1465 1207 1629 1247 scriptores

896 1257 1072 1296 probissimi
1087 1264 1153 1288 tarn
1175 1257 1274 1288 activa
1290 1257 1374 1287 verbi
1396 1257 1510 1297 forma,
1532 1268 1628 1299 quam

896 1308 1027 1347 passiva,
1053 1308 1267 1339 indifferenter
1289 1309 1339 1339 usi
1360 1308 1435 1347 sint,
1460 1311 1561 1341 radiis
1577 1312 1627 1341 in-

897 1362 1019 1390 structi.
1087 1359 1138 1390 Sic
1175 1360 1446 1401 eloquentissimus
1483 1361 1628 1392 omnium

897 1413 1090 1450 mortalium,
1120 1413 1154 1442 iu
1181 1414 1318 1452 Arateis,
1347 1424 1409 1444 ver.
1435 1417 1508 1446 457.
1538 1415 1628 1455 cujus

898 1471 1097 1503 pervenustos
1113 1465 1252 1504 profecto
1275 1475 1390 1503 versus,
1412 1467 1494 1496 hanc
1515 1476 1626 1506 oppor-

898 1515 1065 1546 tunitatem
1096 1516 1192 1554 nacti,
1229 1517 1440 1558 castigatiores
1468 1518 1626 1549 exhibebi-

898 1577 983 1604 mus;
1007 1577 1107 1607 quum
1125 1567 1256 1597 Grotius
1269 1577 1336 1598 rem
1355 1567 1513 1607 audacter,
1533 1575 1565 1600 et
1578 1568 1627 1598 in-

897 1617 1027 1648 feliciter
1041 1624 1158 1656 tamen,
1181 1618 1456 1650 administraverit:

913 1717 971 1747 lpse
982 1717 1061 1747 pedes
1073 1717 1144 1740 canis
1155 1717 1290 1741 obstendit
1299 1718 1356 1748 jam
1368 1717 1526 1749 posteriores
1533 1726 1543 1748 ;

912 1757 945 1780 Et
956 1760 1015 1787 post
1027 1756 1081 1788 ipse
1092 1756 1176 1780 trahit
1189 1757 1260 1781 claro
1270 1763 1334 1781 cum
1350 1757 1446 1781 lumine
1455 1758 1580 1789 puppim.

912 1796 1077 1826 Insequitur,
1087 1796 1171 1820 labens
1184 1803 1232 1827 per
1242 1796 1306 1821 coeli
1313 1796 1439 1826 flumina,
1449 1797 1535 1822 navis:

912 1836 979 1860 Haec
991 1835 1112 1860 medium
1123 1835 1258 1860 obstendit
1269 1835 1369 1859 radiato
1385 1835 1475 1866 stipite
1485 1836 1600 1866 malum,

912 1876 945 1900 Et
954 1875 1010 1906 jam
1021 1876 1077 1906 jam
1088 1879 1147 1900 toto
1159 1875 1286 1906 processit
1299 1881 1411 1907 corpore
1421 1875 1511 1907 Virgo.

898 1950 1036 1990 Nempe,
1059 1960 1115 1990 per
1139 1952 1206 1981 coelc'
1220 1952 1361 1992 flumina
1382 1950 1451 1990 jam
1471 1960 1558 1981 nunc
1579 1952 1626 1980 la-

897 2006 978 2042 bens,
993 2010 1030 2035 ut
1044 2004 1122 2034 olim
1137 2015 1191 2044 per
1208 2011 1340 2036 Ωκεανον
1356 2017 1488 2045 mmm„
1502 2005 1627 2035 labeba-

898 2061 958 2086 tur.
1004 2055 1093 2086 Nihil
1107 2055 1170 2086 dici
1184 2061 1305 2096 poterat
1320 2055 1505 2096 elegantius,
1521 2061 1552 2085 et
1566 2066 1628 2086 nu-

897 2106 990 2136 meris
1005 2107 1151 2136 omnibus
1165 2107 1286 2137 venusti
1309 2106 1461 2136 sermonis
1478 2106 1626 2136 absoluti-

895 2168 943 2188 us,
1325 2157 1466 2195 Grotius,
1495 2159 1625 2188 Iumina.

899 2209 963 2239 Adi
986 2214 1106 2238 nostras
1120 2209 1338 2238 annotationes
1352 2218 1386 2238 lu
1401 2208 1446 2238 iii.
1460 2210 1532 2239 590.
1577 2210 1627 2239 Sol

897 2266 1004 2290 autem
1033 2261 1188 2297 radiatus,
1221 2260 1260 2289 ob
1290 2260 1371 2288 hanc
1399 2258 1559 2288 radiorum
1588 2269 1628 2289 ex

897 2311 984 2342 omni
1004 2317 1090 2350 parte
1105 2310 1317 2346 diffusionem,
1344 2309 1497 2348 ampliore
1519 2319 1629 2348 super-

897 2363 967 2393 ficie
982 2363 1073 2393 nobis
1088 2367 1228 2401 apparet:
1253 2360 1337 2391 unde
1359 2370 1425 2390 non
1444 2360 1627 2390 assenserim

898 2414 1041 2452 Davisio,
1057 2413 1097 2443 ad
1115 2412 1274 2443 Ciceronis
1288 2410 1389 2442 Acad.
1404 2411 1435 2441 ii.
1451 2414 1502 2442 41.
1529 2414 1551 2429 “
1569 2412 1626 2441 So-

899 2468 921 2483 “
937 2465 975 2496 lis
989 2470 1096 2495 autem
1111 2466 1289 2504 magnitudo
1312 2463 1392 2504 (ipse
1407 2462 1493 2492 enim
1507 2462 1559 2492 hic
1572 2474 1626 2493 ra-

899 2519 921 2534 “
938 2517 1042 2547 diacus
1057 2526 1109 2545 me
1124 2515 1239 2545 intueri
1254 2513 1389 2554 videtur)
1412 2512 1571 2552 admonet,
1591 2519 1628 2544 ut

900 2571 922 2586 ‘⁶
938 2569 1045 2598 crebro
1067 2567 1182 2597 faciam
1206 2566 1400 2596 mentionem
1424 2565 1556 2595 sui—:’'
1581 2565 1628 2596 le-

898 2629 971 2659 gere
1002 2617 1119 2648 volenti
1148 2619 1313 2655 claritudo,
1349 2626 1406 2656 pro
1435 2618 1628 2656 magnitudo,

898 2670 1087 2700 Suavissime
1111 2669 1238 2707 Accius,
1271 2668 1355 2708 apud
1376 2667 1514 2699 eundem
1537 2667 1628 2698 Cice-

897 2731 1018 2757 ronem,
1034 2720 1074 2751 de
1088 2720 1147 2750 div.
1162 2720 1182 2750 i.
1201 2724 1251 2751 22.
1268 2729 1364 2761 quem
1379 2719 1445 2749 una
1457 2718 1627 2751 vindioebi-

899 2783 970 2803 mus
985 2771 1087 2812 opera,
1104 2778 1197 2813 atque
1213 2772 1464 2802 emendabimus:

989 2157 1106 2197 Vulgo,
1136 2159 1265 2188 numina
1271 2173 1283 2194 ,-

900 2855 982 2886 Exim
993 2858 1159 2887 prostratum
1171 2854 1256 2885 terri,
1265 2854 1383 2887 graviter
1391 2853 1525 2885 saucium,

902 2903 1077 2937 Resupnum,
1088 2904 1115 2929 in
1126 2903 1197 2930 coelo
1207 2902 1332 2930 contueri
1341 2908 1505 2930 maxumum
1512 2908 1545 2928 ac

856 2963 917 2995 ΕΞ
