1926 3224
307 254 399 299 170

780 249 840 297 T.
887 248 1258 297 LUCRETII

439 378 562 422 Tunc
580 384 621 420 et
638 377 856 420 amicitiem
875 385 1088 433 coeperunt
1098 379 1273 435 jungere
1291 376 1491 420 habentes

439 451 659 494 Finitumei
678 451 785 493 inter
805 466 863 503 se,
883 465 960 493 nec
979 451 1144 502 laedere,
1166 463 1243 493 nec
1261 450 1432 502 violare3

301 528 406 568 1020
438 525 493 567 Et
511 540 660 581 pueros
679 525 1019 576 conmendarunt,
1041 525 1320 581 muliebreque
1340 525 1506 577 seclum,

435 600 632 652 Vocibus,
654 608 697 642 et
713 607 829 658 gestu
836 617 850 650 3
881 614 1008 657 quom
1028 599 1147 641 balbe
1167 599 1457 656 significarent,

434 674 722 716 Inbecillorum
742 689 826 716 esse
844 689 1010 730 aequum
1030 674 1257 715 misererier
1277 673 1403 714 omni.

434 747 535 790 Non
554 755 691 790 tamen
710 747 957 790 omnimodis
975 755 1136 803 poterat
1156 747 1375 789 concordia
1393 746 1524 804 gigni:

435 820 517 862 Sed
535 821 646 862 bona
663 835 894 878 magnaque
911 835 1008 876 pars
1032 821 1215 863 servabat
1233 820 1400 872 foedera,
1422 819 1561 870 castei3

320 981 369 1006 sed
381 987 435 1006 non
445 981 499 1007 ulla
509 982 594 1014 magis
603 983 670 1008 vires
679 983 809 1008 industria
820 983 923 1014 firmat,

319 1022 408 1053 Quam
419 1022 550 1048 Venerem
560 1026 588 1048 et
598 1022 668 1047 caeci
674 1023 795 1048 stimulos
806 1026 926 1048 avertere
937 1029 1011 1048 amo-

412 1067 456 1085 ns.

287 1130 378 1162 Hinc
403 1131 578 1172 Oppianus,
603 1142 675 1174 eyn.
690 1132 721 1164 ii.
736 1136 789 1164 82.
814 1134 1009 1167 σθενοξλαέεος

289 1185 438 1225 Κυθερειης.
485 1184 564 1214 Mox
581 1189 616 1215 Δ.
628 1184 729 1226 facie,
750 1194 808 1224 pro
811 1185 922 1226 facile.

329 1233 404 1265 Ver.
423 1237 513 1266 1017.
534 1238 690 1276 ingenium
695 1237 819 1277 fregere
833 1237 1005 1276 superbum.-

285 1289 322 1315 ιη
335 1284 490 1322 suminus,
509 1286 528 1317 i.
546 1289 575 1318 5.
592 1289 620 1317 5.
665 1290 688 1305 “
703 1287 756 1322 Et,
783 1286 931 1326 quoniam
951 1285 1006 1316 de-

285 1338 311 1355 “
326 1335 455 1367 functus
468 1337 525 1368 sibi
540 1337 663 1367 somnio
676 1337 842 1375 videretur,
868 1339 1006 1367 animum

286 1389 310 1406 ‘⁶
324 1390 475 1420 minacem
489 1388 641 1419 duntaxat
655 1388 689 1418 in
703 1388 759 1419 illo
770 1388 908 1430 ftegi⁶·”
954 1388 1009 1425 Et,

285 1438 370 1478 quod
378 1444 482 1469 noster
490 1440 648 1470 blanditiis
657 1444 751 1474 vocat,
762 1439 891 1469 Valerio
902 1438 1007 1468 Maxi-

283 1496 339 1518 mo
352 1494 405 1525 est,
429 1489 460 1520 ii.
477 1491 507 1520 7.
523 1493 553 1520 6.
576 1488 722 1530 infantiae
741 1491 1004 1521 blandimenta.—

283 1541 450 1580 Superbum
468 1549 551 1579 vero,
565 1540 665 1579 ferox,
683 1541 814 1583 nia-epem.

327 1598 401 1631 Ver.
422 1603 516 1631 1018.
532 1603 710 1640 amicitiem,
725 1603 764 1632 ab
774 1603 924 1633 amicicies
939 1611 1004 1632 rec-

281 1656 330 1688 ²03
352 1657 389 1682 ut
404 1654 560 1689 avarities,
575 1653 618 1684 iii.
637 1656 688 1685 59.
727 1653 778 1684 Sic
792 1659 898 1684 autem
913 1653 1007 1693 scrip-

281 1709 352 1733 tum
377 1709 423 1734 eet
452 1704 487 1734 in
515 1704 551 1735 P.
575 1705 616 1734 V.
639 1705 687 1736 ed.
709 1705 746 1735 L.
770 1705 809 1736 Ο.
834 1711 878 1736 Ω.
900 1704 1006 1744 vulgo,

281 1755 451 1785 amicitiam
457 1770 469 1791 ,·
494 1760 534 1786 11.
557 1758 716 1794 amicitiae,
738 1754 822 1795 quod
835 1755 1005 1786 certissime

280 1803 441 1835 deflexerit
464 1807 504 1836 ab
527 1808 672 1837 amicitie.
717 1806 872 1845 Sosipater
889 1806 1001 1837 Chari-

280 1855 357 1893 sius,
383 1856 453 1886 inst.
475 1866 609 1896 gramm.
629 1857 649 1887 i.
674 1867 702 1896 p.
719 1861 768 1888 94.
792 1860 815 1876 “
832 1859 1003 1896 Amicitias,

280 1909 305 1926 “
321 1905 445 1937 Plinius
468 1906 642 1946 Secundus,
665 1907 815 1938 sermonis
843 1907 930 1938 dubii
951 1907 1003 1938 lib.

282 1960 306 1976 “
321 1963 421 1996 sexto,
457 1957 504 1989 Ut
531 1958 682 1998 planities,
712 1957 823 1999 inquit,
852 1958 1003 1997 luxuries,

282 2012 307 2028 ‘⁶
322 2008 480 2046 mollities,
502 2015 533 2039 et
554 2009 688 2048 similia;
707 2011 803 2040 veteri
817 2009 1002 2051 dignitate.”

280 2062 481 2093 -habentes1
505 2068 694 2103 perpurgata
723 2063 776 2094 Pii
804 2063 1003 2102 exemplaria,

278 2117 313 2143 et
329 2112 377 2143 M.
393 2119 511 2145 aventes
515 2129 527 2151 ;
551 2113 645 2155 quod,
660 2124 711 2145 me
722 2113 842 2156 judice,
855 2125 919 2145 non
933 2125 1003 2155 pro-

279 2164 429 2196 bandum.

323 2224 405 2256 Ibid.
420 2227 586 2258 amicitiem
591 2227 735 2268 jungere.
780 2227 934 2259 Convenit
948 2229 1004 2261 Τὶ-

280 2275 359 2307 bulli
374 2276 470 2314 locus,
491 2277 512 2308 i.
528 2280 557 2308 1.
573 2282 625 2310 69.
644 2277 687 2309 ad
701 2286 795 2320 quem
809 2278 899 2319 plura
915 2280 1003 2322 Hey·

281 2339 367 2361 mus:

341 2404 456 2434 Interea,
467 2403 533 2429 dum
548 2403 605 2430 fata
615 2404 716 2434 sinunt,
720 2405 861 2437 jungamus
871 2413 975 2432 amores.

280 2465 445 2503 Horatius,
461 2473 515 2498 sat.
532 2467 551 2498 i.
566 2470 596 2498 3.
614 2470 664 2499 54.
680 2477 745 2498 nou
760 2468 879 2513 minus:

340 2539 407 2565 Haec
416 2545 457 2566 res
465 2544 494 2566 et
503 2540 602 2572 jungit,
606 2541 707 2572 junctos
718 2544 747 2566 et
756 2545 856 2572 servat,
867 2542 967 2568 amicos.

323 2601 397 2633 Ver.
426 2606 515 2635 1019.
540 2605 723 2640 Finitumei,
753 2604 802 2636 vel
832 2606 997 2638 Finitimi:

279 2651 334 2690 sic,
350 2653 580 2694 elegantissime
594 2661 626 2685 et
639 2655 853 2693 sincerissime,
870 2656 906 2688 P.
920 2660 955 2688 Δ.
967 2660 1002 2689 Σ.

282 2709 326 2733 Ω..
341 2704 446 2745 vulgo,
462 2706 638 2744 Finitima5
662 2706 759 2738 Vind.
776 2707 818 2738 V.
838 2707 886 2739 ed.
908 2708 945 2739 Β.
961 2708 1000 2739 L.

280 2753 328 2784 Μ.
353 2757 486 2787 Finitim
496 2773 507 2794 ‚·
528 2768 600 2789 vero
622 2759 779 2799 proxime:
804 2765 897 2801 atque
919 2759 1000 2790 inter

279 2810 327 2835 tot
339 2804 452 2837 ductus
466 2808 584 2840 similes
598 2812 641 2841 im
656 2817 688 2841 et
701 2812 757 2848 ini,
768 2810 912 2843 librarius
921 2810 1000 2843 osci-

278 2861 349 2886 tans
362 2856 454 2888 facile
467 2858 640 2898 simplicem
654 2862 820 2894 omitteret.
863 2863 908 2893 Et
925 2861 1002 2893 ordo

280 2912 339 2940 est:
374 2911 396 2929 “
413 2908 566 2951 Finitimi,
595 2913 743 2946 habentes
765 2915 801 2957 (i.
820 2924 848 2948 e.
872 2926 1001 2956 exon-te,

1055 987 1078 1004 “
1093 987 1261 1016 habitantes
1267 1000 1278 1020 ‚·
1302 989 1338 1014 ut
1362 983 1522 1023 utriusque
1545 982 1662 1024 linguae
1675 984 1767 1024 scrip-

1054 1039 1079 1056 “
1091 1041 1173 1067 tores
1186 1035 1313 1074 millies)
1329 1035 1409 1064 inter
1423 1044 1455 1063 se
1470 1040 1628 1072 coeperunt
1638 1034 1770 1074 jungere

1054 1090 1077 1106 “
1093 1085 1292 1117 amicitiem.'’
1337 1085 1410 1115 Hoc
1424 1089 1481 1121 est,
1506 1083 1588 1124 quod
1603 1083 1677 1114 dicit
1693 1084 1769 1114 Ovi·

1053 1137 1134 1176 dius,
1147 1142 1221 1167 met.
1236 1137 1276 1166 iv.
1290 1139 1340 1167 59.

1111 1219 1244 1248 Notitiam,
1252 1217 1405 1250 primosque
1415 1218 1521 1249 gradus,
1531 1216 1634 1242 vicinia
1644 1215 1724 1243 fecit:

1111 1260 1248 1291 Tempore
1256 1258 1341 1284 crevit
1351 1264 1462 1282 amor—.

1092 1340 1168 1370 Ver.
1185 1343 1276 1370 1020.
1298 1340 1559 1370 conmendarunt:
1584 1338 1661 1369 alter
1681 1337 1769 1368 alteri

1050 1389 1181 1427 scilicet;
1207 1390 1369 1420 communi
1397 1399 1489 1419 sensu
1518 1388 1650 1419 vicissim
1681 1388 1769 1424 moti,

1050 1446 1175 1480 propter
1188 1450 1358 1479 puerorum
1372 1450 1408 1470 ac
1422 1439 1590 1470 mulierum
1606 1439 1769 1470 imbecilli-

1050 1497 1164 1522 tatem:
1190 1501 1265 1521 nam
1280 1491 1416 1531 loquitur
1430 1491 1469 1521 de
1480 1493 1659 1531 parentibus
1668 1489 1770 1521 adhuc

1047 1543 1363 1577 balbis-Caeterum‚
1386 1552 1442 1582 pro
1463 1544 1586 1581 seclum,
1610 1543 1651 1573 V.
1667 1542 1714 1573 ed.
1731 1542 1768 1573 B.

1048 1597 1168 1626 stilum:
1194 1601 1224 1625 et
1239 1605 1311 1625 mox
1329 1602 1368 1625 Π.
1384 1597 1503 1631 blando,
1519 1595 1584 1626 vice
1598 1597 1688 1626 balbe.

1094 1653 1175 1683 Ibid.
1197 1654 1287 1683 balbe.
1332 1653 1464 1692 Quippe,
1487 1652 1541 1693 qui
1558 1652 1700 1683 nondum
1714 1662 1766 1683 ex-

1049 1703 1152 1744 pedite
1167 1703 1253 1744 loqui
1267 1703 1454 1742 didicissent,
1480 1713 1622 1734 sermone
1636 1703 1768 1733 minime

1047 1754 1149 1785 adhuc
1163 1754 1338 1785 constituto.
1368 1753 1686 1793 Faba—Euripides
1697 1763 1766 1794 per·

1047 1811 1185 1842 venuste,
1202 1806 1272 1845 Iph.
1289 1805 1365 1836 Aul.
1380 1810 1452 1837 466.

1123 1891 1214 1925 Παρων
1228 1889 1250 1916 δ’
1262 1893 1370 1926 Opem-45
1383 1900 1458 1922 εγγυς
1469 1888 1636 1920 αναέονπεται

1122 1937 1230 1970 Ευξυνετ’
1243 1944 1374 1968 wurewe·
1384 1947 1418 1965 ετι
1429 1948 1481 1974 γαρ
1495 1948 1545 1965 εστι
1565 1948 1650 1968 mm.

1050 2013 1100 2044 Sic
1109 2013 1239 2044 omnino
1253 2013 1403 2053 legendus
1414 2013 1500 2044 locus
1509 2019 1568 2044 est:
1586 2012 1669 2054 quod
1683 2019 1765 2052 post-

1047 2065 1177 2096 modum
1191 2065 1255 2095 vidi
1273 2065 1455 2105 Musgravio
1472 2074 1595 2105 quoque
1607 2064 1765 2104 placuisse.

1090 2119 1165 2149 Ver.
1193 2121 1284 2148 1022.
1306 2119 1494 2148 misererier.-
1519 2116 1615 2147 Vind.
1646 2116 1686 2147 Ο.
1717 2122 1763 2147 Ω..

1048 2171 1201 2206 misericr,-
1224 2174 1256 2199 et
1278 2167 1362 2199 idem
1386 2175 1509 2208 recepto
1531 2174 1576 2197 est
1598 2181 1632 2199 wo
1654 2167 1693 2198 V.
1718 2168 1765 2198 ed.

1047 2222 1214 2252 misererier
1221 2236 1231 2257 ‚·
1248 2230 1347 2261 quum
1360 2227 1373 2251 t
1387 2230 1423 2251 ac
1436 2231 1453 2251 e
1467 2219 1500 2249 in
1515 2220 1687 2250 minoribus
1701 2219 1765 2250 for-

1047 2272 1107 2302 mis
1135 2271 1250 2311 passim
1277 2272 1679 2302 commutentur.—omni.·
1710 2269 1764 2308 sic,

1047 2323 1204 2364 eleganter
1233 2327 1264 2353 et
1291 2321 1433 2362 expedita
1461 2321 1500 2352 de
1527 2320 1763 2359 constructione,

1047 2374 1144 2406 vind.
1153 2375 1194 2405 V.
1205 2374 1252 2405 ed.
1268 2375 1304 2405 Β.
1323 2374 1362 2405 Ο.
1379 2378 1413 2405 Δ.
1435 2380 1474 2405 Π.
1491 2378 1526 2406 Σ.
1543 2380 1587 2404 Ω..
1603 2383 1676 2403 cum
1685 2382 1763 2403 non·

1046 2425 1140 2456 nullis
1154 2425 1238 2465 apud
1259 2425 1367 2463 Pium;
1390 2424 1494 2466 vulgo,
1516 2425 1667 2455 omnium:
1692 2424 1763 2453 hor·

1046 2476 1208 2508 ridissime.

1085 2536 1159 2567 Ver.
1189 2539 1280 2567 1025.
1314 2537 1407 2567 Non:
1434 2535 1471 2566 P.
1494 2541 1548 2566 «Π.
1573 2536 1657 2571 Rrec,-
1679 2531 1762 2573 quod

1044 2594 1246 2619 correctorem
1262 2597 1417 2627 nuperum
1431 2587 1519 2627 sapit.

1087 2648 1162 2679 Ver.
1179 2652 1274 2680 1024.
1297 2649 1431 2680 servabat
1443 2660 1454 2678 .·
1479 2644 1574 2676 vind.
1591 2647 1628 2674 Δ.
1648 2646 1682 2673 Σ.
1699 2652 1760 2672 ,ςεν-

1044 2702 1171 2738 vahant,·
1194 2700 1277 2742 quod
1291 2697 1495 2730 inscitissimis
1515 2693 1682 2726 editoribus
1696 2693 1760 2732 pla-

1045 2751 1110 2782 cuit
1124 2751 1270 2783 audacter
1283 2749 1452 2788 intrudere,
1480 2752 1588 2779 contra
1601 2744 1695 2776 libros
1709 2754 1758 2775 ve-

1046 2809 1126 2834 teres
1139 2803 1306 2834 universos.

1088 2861 1168 2892 Ibid.
1201 2871 1276 2901 pars
1304 2860 1438 2891 servabat
1466 2860 1569 2890 castei.
1626 2857 1758 2894 Qualem

1044 2913 1223 2946 varietatem
1243 2910 1396 2953 Pelignus
1421 2916 1516 2950 vates,
1543 2908 1757 2941 refertissimus
