1926 3224
547 247 553 251 ’
604 253 837 303 LIBER
889 250 1244 310 QUINTUS.

1554 255 1643 300 167

306 387 520 443 Experteis
540 386 647 441 opis;
678 387 859 443 ignaros,
882 384 982 442 quid
1001 383 1166 426 volnera
1185 380 1344 424 vellent:

309 463 367 503 At
387 476 470 502 non
491 459 617 502 multa
636 460 769 502 virum
790 459 864 501 sub
885 459 1011 515 signis
1030 457 1142 499 milia
1160 456 1285 498 ducta

310 536 406 578 Una
425 535 509 576 dies
528 534 654 575 dabat
673 533 798 574 exitio
805 550 818 582 3
849 545 925 572 nec
946 529 1110 571 turbida
1129 530 1246 584 ponti

309 609 495 664 AEquora
514 606 715 648 laedebant
733 605 870 646 naveis
890 604 944 645 ad
963 617 1078 654 saxa,
1098 603 1302 658 virosque:

209 772 289 803 Ibid.
311 772 386 811 quid
409 771 527 800 volnera
552 770 675 800 vellent:
710 769 732 799 i.
759 778 784 799 e.
807 768 884 810 quid

166 823 294 856 remedfi
322 821 502 862 flagitarent
549 820 645 851 Silius
677 820 818 860 Italicus,
842 821 884 853 xi.

169 879 238 907 166.

181 953 253 977 Dum
264 951 377 984 trepidae
388 958 438 981 res,
448 954 476 976 et
487 949 635 976 medicinam
647 950 762 976 vulnera
768 953 882 983 poscunt.

662 991 690 1023 B
695 1002 712 1022 ε
718 1002 740 1022 κ
746 1002 768 1022 τ
773 1002 792 1022 ι,
797 1002 814 1022 ε
820 1002 830 1022 1
836 1002 855 1022 u
861 1002 883 1021 s.

206 1073 283 1103 Ver.
300 1076 371 1105 997.
392 1074 497 1103 milia.-
515 1072 558 1102 sic
572 1077 653 1103 recte
668 1071 706 1103 P.
722 1071 763 1102 V.
778 1071 826 1102 ed.
844 1071 883 1102 O.

169 1130 214 1155 Ω.
229 1123 335 1164 vulgo,
356 1125 463 1154 millia.

211 1182 291 1212 Ibid.
308 1184 401 1213 multa
418 1183 504 1213 milia
522 1182 590 1213 Una
603 1183 667 1213 dies
682 1182 774 1212 dabat
784 1182 885 1212 exitio.

168 1233 302 1264 Videtur
315 1234 453 1264 imitatus
467 1233 622 1270 Ennium,
650 1232 734 1273 apud
761 1232 888 1264 Macro-

169 1286 268 1324 bium,
286 1286 346 1316 Sat.
361 1286 400 1316 vi.
416 1290 445 1316 2.

330 1359 411 1383 multa
421 1359 473 1384 dies
483 1359 511 1383 in
522 1358 592 1384 bello
602 1357 712 1383 conficit
724 1364 799 1382 unus.

168 1425 220 1457 Ex
235 1437 297 1469 quo
311 1438 400 1458 versu
414 1438 455 1458 ne
469 1427 592 1458 dubites
605 1426 792 1457 vocabulum
807 1425 890 1456 deci-

171 1477 249 1509 disse
263 1481 302 1510 ob
317 1479 556 1510 similitudinem
570 1478 749 1519 propinqui,
765 1477 808 1509 sic
820 1487 891 1508 vere

172 1529 402 1569 reponendum:

231 1603 308 1627 Milia
318 1603 406 1627 multe
416 1603 470 1628 dies
480 1603 507 1627 in
519 1602 588 1627 bello
599 1601 709 1627 conficit
720 1608 797 1626 unus.

171 1671 390 1712 Adstipulatur
404 1671 498 1700 etiam
512 1670 676 1710 Virgilius,
689 1670 763 1701 AEn.
775 1680 804 1701 v,
815 1673 891 1702 806.

262 1748 338 1774 Milia
349 1749 430 1774 mulla
441 1748 513 1774 daret
524 1748 620 1775 let0—.

171 1821 214 1851 Et
227 1820 402 1851 Lambinus
416 1819 675 1859 opportunissime
687 1819 825 1850 admovit
838 1820 891 1850 Ci-

172 1882 327 1911 ceronem,
358 1872 398 1902 de
419 1872 471 1902 off.
494 1873 524 1902 ii.
547 1874 576 1903 5.
598 1871 638 1902 ad
666 1882 760 1912 quem
788 1871 894 1902 locum

172 1923 322 1954 Paercius
345 1929 464 1953 nostras
486 1932 636 1963 perquam
656 1922 822 1952 infeliciter
838 1922 892 1953 ad-

171 1973 358 2004 ministravit
385 1984 466 2004 rem:
491 1977 514 1992 “
531 1974 590 2004 Est
611 1973 788 2004 Dicaearchi
818 1973 895 2003 liber

172 2030 194 2046 “
210 2026 250 2057 de
277 2026 406 2057 interitu
440 2026 727 2066 hominum:—qui,
756 2025 896 2056 collectis

173 2080 196 2096 “
211 2077 328 2108 caeteris
357 2078 480 2114 caussis,
511 2077 673 2115 eluvionis‚
699 2077 894 2117 pestilentiae,

173 2130 196 2146 “
212 2128 373 2167 vastitatis,
406 2129 571 2159 beluarum
600 2128 697 2159 etiam
726 2129 896 2168 repentinae

175 2181 199 2197 ‘⁶
213 2178 434 2217 multitudinis,
441 2190 576 2220 quarum
584 2180 704 2219 impetu
713 2179 802 2210 docet
810 2190 896 2220 quae-

175 2232 197 2247 “
213 2229 286 2259 dam
299 2230 466 2261 hominum
484 2241 600 2271 genera
620 2241 686 2261 esse
701 2237 898 2269 consumpta3

177 2283 200 2299 “
215 2280 326 2311 deinde
341 2289 509 2322 comparat,
533 2289 652 2323 quanto
679 2282 784 2322 plures
805 2281 898 2313 deleti

176 2334 199 2350 “
215 2331 278 2361 sint
291 2332 434 2363 homines
447 2334 615 2364 hominum
629 2333 762 2372 impetu,
787 2333 820 2363 id
841 2339 899 2371 est,

177 2386 201 2401 ‘⁵
216 2382 306 2413 bellis
321 2389 375 2414 aut
388 2384 598 2422 seditionibus,
613 2394 710 2425 quam
724 2384 811 2415 omni
826 2383 898 2414 reli-

178 2436 201 2452 “
217 2433 280 2474 quii
293 2434 497 2465 calamitate.”

218 2493 295 2524 Ver.
317 2498 388 2526 999.
409 2496 575 2526 laeclebant:
601 2498 624 2514 “
640 2494 747 2534 scripti
767 2494 898 2532 codices,

179 2545 392 2582 “lidebant‚-”
438 2545 604 2583 Heinsius,
631 2546 665 2575 in
694 2545 845 2576 adversar.
874 2545 897 2576 i.

182 2600 230 2627 11.
243 2607 276 2636 p.
298 2600 366 2627 118.
391 2596 464 2635 Sed,
487 2597 617 2637 quinam
638 2596 757 2627 fuerint
777 2596 828 2626 isti
848 2606 900 2627 co-

177 2648 274 2686 dices,
294 2648 363 2679 aliis
377 2648 608 2679 edisserendum
623 2647 741 2689 linquo.
788 2648 903 2679 Noster

178 2699 318 2740 simplice
332 2701 426 2730 verbo
439 2710 515 2730 usus
529 2705 576 2730 est
589 2709 646 2739 pro
659 2698 831 2738 composito
844 2699 901 2730 ali-

180 2760 286 2790 orum3
309 2757 346 2782 ut
360 2762 442 2792 saepe
463 2752 548 2783 alias.
594 2752 734 2791 Etymon
757 2751 848 2787 vocis,
870 2757 903 2782 et

180 2802 362 2840 primariam
375 2803 635 2845 significationem
650 2803 728 2844 ejus,
742 2802 902 2843 pervenire

181 2864 247 2886 non
260 2857 358 2896 potui.

223 2914 299 2945 Ver.
320 2918 412 2948 1000.
436 2918 521 2949 ,Necs
547 2916 591 2948 sic
617 2926 726 2948 omnes
751 2915 840 2954 libri3
864 2915 904 2947 de

223 2972 276 3002 Vo
285 2983 313 3003 1..
332 2973 402 3005 ΙΙΙ.

926 779 983 800 suo
996 769 1140 805 editores,
1156 770 1213 800 Sed
1217 783 1229 805 ‚·
1243 767 1396 799 rationem
1411 771 1572 797 structurae
1586 766 1645 796 mi-

927 821 1012 851 nime
1045 820 1200 856 callentes
1231 819 1273 850 ita
1296 829 1328 850 se
1349 818 1506 850 habentis:
1539 821 1562 837 “
1579 818 1646 848 Nec

929 875 951 890 “
967 882 1062 908 mare,
1082 882 1162 910 saepe
1183 877 1324 901 coortum
1340 870 1464 908 frustra,
1483 868 1647 906 saevibat;‘’

927 923 960 953 in
975 933 1069 952 naves
1093 922 1222 960 scilicet,
1250 932 1320 962 quae
1335 921 1476 952 nondum
1496 929 1649 950 oceanum

927 979 1128 1003 tentaverant.
1174 972 1220 1002 Ut
1239 973 1438 1013 signatiorem
1453 981 1579 1002 sensum
1595 970 1649 1001 da-

927 1031 985 1063 ret,
1017 1030 1123 1054 noster
1151 1034 1208 1054 suo
1239 1034 1326 1054 more
1347 1033 1437 1054 voces
1465 1032 1652 1063 synonymas

929 1076 1113 1113 cumulavit;
1144 1075 1214 1105 vide
1243 1075 1273 1105 ii.
1310 1079 1399 1106 1059.
1423 1074 1507 1115 quod
1536 1081 1566 1104 et
1599 1073 1653 1104 alii

929 1127 1090 1166 scriptores
1104 1125 1265 1157 castissimi
1277 1134 1490 1164 saepenumero
1502 1124 1654 1155 fecerunt.

930 1179 1043 1211 Plures
1059 1179 1146 1217 editi,
1169 1178 1210 1209 ad
1231 1177 1381 1209 cerebella
1395 1177 1586 1214 criticorum,
1608 1176 1652 1206 sic

932 1232 1159 1263 constituerunt
1172 1240 1311 1261 versum:

948 1306 995 1332 Sed
1000 1310 1114 1337 temere,
1121 1306 1264 1336 incassum,
1270 1302 1548 1334 marefiuctibus2saepe
1555 1301 1652 1327 evortit.

934 1375 1002 1406 Nos
1022 1375 1168 1406 omnibus
1190 1374 1276 1406 libris
1299 1373 1427 1405 vetustis
1448 1372 1587 1404 obsecuti
1602 1381 1654 1402 su·

933 1437 1012 1458 muS.
1060 1427 1139 1458 Pius
1153 1426 1239 1463 dicit,
1264 1436 1296 1456 se
1318 1426 1352 1456 in
1366 1425 1524 1466 castigatis
1538 1430 1569 1454 et
1583 1433 1654 1454 eru-

934 1478 1046 1509 deratis
1074 1478 1232 1509 codicibus
1252 1477 1500 1517 deprehendisse,
1529 1479 1656 1507 incursu

924 1528 1056 1571 fluctus,
1071 1539 1127 1569 pro
1141 1532 1295 1561 incassum
1301 1529 1442 1569 frustra:
1468 1533 1499 1558 et
1514 1526 1658 1564 Vossius,

935 1579 975 1610 ad
992 1580 1105 1611 Catull.
1120 1590 1150 1619 p.
1166 1583 1240 1610 250.
1256 1579 1469 1620 locofruscra,
1485 1577 1659 1617 corrigebat

923 1633 1049 1672 flustro.
1094 1632 1162 1662 Nos
1190 1631 1267 1662 tales
1295 1630 1481 1661 subtilitates
1502 1639 1567 1660 non
1589 1638 1656 1659 am-

935 1682 1110 1721 plectimur,
1131 1683 1269 1713 contenti
1284 1681 1529 1722 simplicioribus.

977 1734 1053 1764 Ver.
1072 1737 1162 1764 1001.
1180 1735 1328 1773 ponebat.-
1354 1733 1406 1768 sic,
1435 1732 1460 1762 si
1474 1731 1551 1762 fides
1565 1731 1659 1762 colla-

935 1785 1053 1815 toribus
1074 1785 1218 1815 habenda
1238 1785 1290 1822 sit,
1319 1784 1354 1814 in
1376 1783 1464 1814 codd.
1487 1784 1525 1813 B.
1550 1783 1587 1813 L.
1612 1783 1663 1813 M.

936 1836 1085 1875 scriptum
1113 1840 1284 1875 comparet:
1310 1834 1435 1864 utinam
1449 1843 1498 1863 res
1511 1833 1662 1874 liquidius

936 1888 1155 1919 innotesceret!
1190 1888 1227 1918 P.
1251 1897 1376 1928 quoque
1398 1895 1463 1916 uon
1491 1885 1598 1923 aliter;
1631 1891 1663 1916 et

937 1940 1086 1971 nolumus
1114 1940 1282 1971 lectionem
1305 1938 1461 1976 solicitari,
1493 1937 1593 1969 donec
1623 1937 1662 1968 de

938 1992 1129 2023 membranis
1142 1991 1209 2022 istis
1223 1991 1354 2022 certiora
1368 1989 1548 2021 referantur.
1564 1987 1663 2019 Vind.

939 2043 980 2074 V.
996 2042 1043 2073 ed.
1053 2044 1191 2083 potebas;
1217 2042 1258 2073 Ο.
1278 2047 1313 2073 Δ.
1332 2048 1377 2073 Ω.
1395 2042 1535 2082 poscebat
1540 2055 1551 2076 ‚·
1579 2039 1664 2081 quod

939 2094 1070 2125 minime
1095 2094 1252 2134 displicet:
1278 2099 1320 2124 Π.
1340 2094 1478 2132 petebat‚·
1503 2097 1537 2123 Σ.
1554 2097 1663 2132 porta·

939 2146 1002 2176 bat:
1028 2151 1059 2176 et
1073 2155 1128 2184 pro
1143 2154 1204 2175 var.
1220 2144 1291 2174 lect.
1305 2145 1434 2184 potebat.
1475 2143 1577 2178 Forte,
1589 2153 1663 2181 pro-

940 2197 1047 2227 mebat.
1093 2196 1174 2231 Quae
1194 2194 1337 2225 locantur
1358 2194 1392 2224 in
1422 2198 1580 2230 contextu,
1611 2192 1663 2222 fir-

940 2253 1068 2277 mantur
1097 2245 1227 2286 pulchro
1256 2244 1389 2276 disticho
1418 2243 1584 2284 Propertii,
1621 2243 1666 2275 iii.

942 2304 972 2330 8.
990 2303 1019 2331 6.

972 2372 1104 2397 Transeat
1114 2371 1157 2397 hic
1168 2371 1224 2397 sine
1233 2371 1306 2396 nube
1316 2369 1370 2395 dies
1382 2377 1392 2400 3
1409 2372 1481 2394 stent
1491 2368 1554 2394 aere
1564 2368 1639 2394 venti
1644 2378 1654 2401 ;

1004 2413 1086 2437 Ponat
1096 2414 1124 2437 et
1132 2411 1160 2435 in
1170 2411 1241 2435 sicco
1251 2409 1358 2434 molliter
1367 2408 1439 2433 unda
1449 2407 1541 2432 minas.

986 2490 1067 2522 Ibid.
1092 2491 1240 2522 Saem'bat:
1269 2489 1291 2520 i.
1310 2499 1335 2519 e.
1359 2488 1518 2519 exercebat
1538 2487 1665 2518 rabiem.

947 2543 1167 2574 Suavissimam
1188 2541 1422 2572 translationem
1442 2540 1516 2571 hinc
1537 2539 1666 2571 Boetius

944 2593 1107 2630 arcessivit,
1122 2593 1156 2623 in
1171 2592 1223 2623 lib.
1238 2592 1258 2623 i.
1273 2597 1346 2622 met.
1361 2594 1392 2622 5.

1037 2678 1129 2710 operis
1139 2677 1211 2703 tanti
1221 2683 1281 2709 pars
1291 2683 1347 2701 non
1357 2675 1426 2706 vilis,

1036 2718 1164 2742 Homines
1174 2717 1312 2748 quatimur
1321 2715 1441 2740 fortunae
1449 2715 1512 2740 salo.

1037 2756 1154 2787 Rabidos,
1165 2756 1278 2781 Rector!
1298 2755 1448 2788 comprime
1450 2754 1563 2785 fluctus,-

1036 2798 1080 2826 Et,
1091 2803 1144 2828 quo
1153 2795 1331 2827 coelumregis
1340 2794 1516 2825 immensum,

1036 2837 1126 2861 Firma
1135 2835 1219 2861 stabili
1229 2835 1335 2862 foedere
1344 2838 1436 2860 term.

948 2915 1000 2946 Ita
1012 2913 1196 2956 legendum:
1222 2913 1304 2950 libri,
1317 2914 1443 2954 rapidos
1457 2917 1488 2944 et
1501 2912 1629 2944 stabiles.

916 2975 954 3005 M
