1926 3224
284 257 346 295 80

755 252 814 298 T.
866 249 1243 298 LUCRETII

424 379 554 435 Inque
572 379 656 418 dies
676 384 830 432 quanto
850 377 1005 417 circum
1024 377 1154 432 magis
1173 376 1335 418 aetheris
1353 384 1488 427 aestus,

309 456 390 492 485
423 452 479 492 Et
497 450 624 492 radiei
643 449 736 490 solis
755 449 957 506 cogebant
975 448 1158 504 undique
1177 456 1328 490 terram

419 523 668 565 Verberibus
687 523 854 573 crebris,
877 531 1062 564 extrema
1080 522 1133 564 ad
1159 523 1314 564 lumina
1333 531 1530 577 apertam,

422 597 473 638 In
492 596 628 638 medio
647 604 708 648 ut,
729 597 935 652 propulsa,
957 611 1031 638 suo
1051 596 1256 639 condensa
1275 595 1421 646 coiret3

274 758 394 791 partem
423 752 526 782 tractis
555 762 609 791 per
637 751 836 791 adscensum;
857 753 995 795 adeoque

274 803 436 843 disparatis
450 808 481 833 et
495 803 662 843 segregatis
676 804 816 834 invicem.

316 862 393 892 Ver.
410 865 484 892 482.
517 860 578 901 qud
608 872 690 892 nunc
720 873 766 898 se;
802 868 847 893 Ω.
876 861 937 903 quei
965 874 995 894 se

274 923 367 942 nunc.

318 961 398 992 Ibid.
422 963 517 1000 ponti
546 963 652 1002 plaga.
698 962 826 1002 Seneca,
863 964 993 1004 Hippol.

277 1015 349 1042 931.

526 1097 554 1119 te
563 1094 626 1119 licet
636 1098 717 1126 terra,
728 1096 824 1122 ultimo

333 1132 475 1157 Summota
485 1133 599 1164 mundo,
609 1134 717 1161 dirimat
728 1136 813 1161 oceani
819 1136 914 1169 plagis:

271 1201 318 1232 uti
336 1209 495 1234 ΠοΝτοτ
514 1210 652 1236 ΠΛΑΚΑ
674 1205 842 1245 Pindarus,
865 1208 992 1247 Euripi-

271 1251 338 1291 des,
369 1260 401 1284 et
430 1255 613 1285 Graecorum
641 1256 695 1286 alii
725 1258 897 1297 poetarum,
935 1269 992 1289 nec

271 1313 340 1334 raro
355 1315 439 1343 sane,
458 1305 611 1337 dixerunt.

315 1355 395 1386 Ibid.
412 1359 503 1396 ponti
525 1360 621 1398 plaga
652 1360 783 1389 caerula:
815 1360 858 1389 sic
887 1361 992 1391 Latini

270 1407 400 1445 passim;
426 1408 527 1438 Graeci
549 1409 654 1438 minus
668 1409 854 1449 frequenter.
896 1411 991 1441 Euri—

269 1458 358 1496 pides
373 1465 491 1497 tamen,
509 1459 577 1498 Iph.
595 1466 626 1490 Τ.
639 1462 667 1490 7.
682 1461 774 1491 habet
789 1474 907 1491 zuoevsoev
919 1463 993 1492 ἅλα·

269 1514 301 1539 et
316 1511 444 1546 Aratus,
461 1510 563 1549 phaen.
580 1514 630 1541 46.

326 1594 429 1628 Αρκτοι,
444 1603 535 1620 xvcim
548 1599 728 1629 πεφυλαγμένοι
741 1605 860 1622 autumo.

310 1667 384 1698 Ver.
401 1671 471 1699 483.
493 1671 588 1700 salso:
615 1669 654 1700 V.
677 1670 724 1701 ed.
737 1671 930 1711 falsa—Et,
953 1681 991 1701 ex

267 1719 445 1749 recensione
477 1719 700 1760 Havercampi,
723 1721 866 1761 quamvis
890 1731 992 1760 operae

266 1771 448 1810 typographi
474 1771 514 1801 ad
541 1771 646 1801 locum
670 1771 760 1811 plane
781 1772 844 1801 sint
862 1772 990 1810 vitiosae,

266 1820 354 1851 codd.
370 1821 406 1851 L.
423 1822 470 1851 M.
486 1821 629 1852 videntur
648 1823 792 1852 exhibere
811 1825 902 1853 salsos
916 1822 992 1863 qffu-

267 1873 313 1902 dit
320 1886 330 1906 ,·
356 1872 440 1902 unde
455 1871 620 1902 hodiernas
645 1872 796 1902 editiones
817 1873 932 1903 multas
951 1888 991 1904 ‘ra

267 1924 343 1953 salso
358 1921 486 1963 suffudit
501 1923 650 1953 invasere:
675 1934 745 1963 quae
760 1924 898 1963 profecto
913 1931 943 1954 et
958 1925 991 1955 in

271 1978 305 2004 Δ.
334 1980 374 2004 Π.
397 1980 595 2013 comparent;
625 1975 678 2005 sed
701 1985 990 2016 perperam.—gur·

265 2027 345 2064 gite:
373 2031 416 2055 Ω.
429 2032 564 2064 gutture.

312 2083 391 2113 Ibid.
414 2084 544 2125 subfodit
552 2085 673 2125 fossas:
699 2085 743 2116 ita
761 2086 861 2117 Graeci
878 2086 991 2125 passim

268 2133 440 2174 loquuntur
455 2134 503 2164 vel
522 2136 678 2174 purissimi
701 2136 780 2177 styli,
803 2147 903 2178 neque
918 2147 991 2178 cog·

268 2192 354 2216 natas
368 2196 456 2216 voces
475 2187 518 2216 sic
541 2194 723 2218 connectere
749 2199 813 2218 non
829 2189 992 2219 Lucretius

267 2237 343 2267 solet
364 2238 561 2276 saepiuscule3
584 2245 620 2269 ut
641 2239 736 2270 modo
750 2241 929 2279 habuimus,
953 2242 992 2272 ad

267 2299 342 2320 verr.
369 2293 441 2322 595.
470 2294 541 2322 594.
566 2293 730 2323 certamine
759 2299 893 2324 certare:
922 2304 992 2334 quae

267 2341 420 2371 scribendi
436 2342 514 2372 ratio
529 2343 748 2384 primigeniam
762 2344 993 2384 simplicitatem

266 2393 406 2431 proxime
420 2393 556 2434 attingit,
585 2401 615 2424 et
631 2395 804 2426 Hebra'icas
819 2396 928 2426 veteris
942 2397 990 2427 in-

267 2444 431 2474 strumenti
459 2446 580 2475 chartas
599 2446 794 2485 peculiariter
819 2447 991 2489 distinguit.

271 2495 331 2526 Sed
346 2496 523 2535 lectionem,
539 2508 633 2538 quam
650 2499 843 2537 admisimus,
858 2506 887 2530 et
903 2511 990 2531 men-

268 2553 332 2578 tem
347 2548 455 2587 potitae,
481 2549 641 2581 Plutarchi
665 2550 763 2589 locus,
787 2551 881 2582 etiam
896 2552 992 2582 Lam-

268 2599 342 2629 bino
372 2607 572 2640 memoratus,
607 2601 673 2632 una
704 2602 876 2644 eademque
898 2604 991 2643 opera

267 2651 402 2682 vindicat
426 2653 628 2695 illustratque,
653 2655 686 2685 in
709 2656 789 2695 plac.
817 2656 892 2695 phil.
919 2657 939 2686 i.
962 2661 990 2687 4.

267 2701 319 2731 fin.
341 2704 504 2738 Ῥευστικως
520 2704 547 2735 δε
564 2705 733 2746 διακειμενη,
759 2708 790 2748 (ᾖ
808 2707 881 2749 ὑγρα
896 2707 990 2747 φυσις)

269 2759 439 2792 κατεφερετο
455 2767 519 2793 προς
536 2768 586 2789 τες
605 2764 703 2791 aaran
721 2769 822 2794 φατες,
846 2772 896 2789 και
910 2757 990 2789 δεῖνα·

268 2813 349 2838 μενυς
366 2815 494 2843 χωρῆσαι
511 2818 542 2836 τε
558 2819 607 2836 και
623 2809 731 2845 στεξαν
758 2822 773 2841 η
790 2811 857 2838 καθ’
869 2810 943 2840 αὖα-ο
959 2823 991 2840 το

270 2853 336 2895 ὓδωρ
365 2855 493 2886 §mmm
526 2863 719 2890 EKOIAANE
747 2866 852 2892 ro·r2
877 2862 989 2892 “rno-

270 2909 499 2939 ΚΕΙΜΞΞΝΟΤΣ
517 2914 690 2941 ΤΟΠΟΤΣ.
737 2911 782 2942 Ut
797 2918 902 2942 autem
917 2921 987 2943 nos—

1038 759 1083 784 ter
1093 754 1198 794 sossas
1216 753 1254 783 de
1269 759 1376 792 ponto,
1398 753 1441 783 sic
1457 752 1658 791 Prudentius,
1680 753 1760 793 stylo

1038 806 1272 846 castigatissimo
1286 806 1386 844 poeta,
1404 806 1535 836 cathem.
1550 805 1591 835 ix.
1609 808 1657 835 14.

1036 879 1133 908 Terra,
1142 878 1256 907 eoelum,
1261 877 1335 909 fossa
1344 877 1426 909 ponti,
1436 877 1507 902 trina
1516 884 1607 902 rerum
1617 877 1758 903 machina:

1036 955 1067 978 et
1096 958 1181 985 eum,
1210 954 1247 978 ut
1268 948 1400 986 videtur,
1428 947 1580 986 imitatus,
1614 947 1761 979 Sidonius

1039 998 1242 1037 Apollinaris,
1261 1008 1354 1028 carm.
1370 1008 1417 1028 xv.
1431 1001 1483 1029 59.

1352 1078 1417 1109 quid
1432 1077 1549 1102 machina
1558 1078 1623 1108 coeli,

1037 1118 1108 1149 Quid
1120 1118 1202 1148 tellus,
1213 1118 1356 1149 quidfossa
1367 1117 1456 1147 maris,
1467 1116 1531 1148 quid
1541 1117 1663 1142 turbidus
1673 1117 1768 1143 a'e'r—:

1035 1199 1134 1223 ventos
1149 1202 1262 1231 nempe
1277 1191 1343 1222 vult
1358 1201 1411 1231 per
1425 1194 1478 1223 αὲν
1493 1193 1640 1224 turbidus.
1671 1192 1763 1224 Hinc

1035 1243 1191 1282 aptissime
1217 1244 1354 1284 loquitur
1382 1243 1522 1280 Orosius,
1548 1244 1620 1274 hist.
1634 1244 1655 1274 i.
1671 1248 1700 1275 2.
1721 1244 1762 1276 de

1037 1296 1171 1326 Arabico
1186 1297 1267 1330 sinu,
1281 1301 1320 1324 ut
1341 1298 1364 1312 “
1379 1294 1475 1335 longo
1489 1301 1684 1336 angustoque
1697 1297 1760 1327 sul-

1038 1350 1060 1365 “
1075 1357 1119 1384 co,
1131 1346 1212 1376 saxis
1219 1346 1394 1386 insulisque
1404 1346 1620 1377 creberrimo.”
1658 1348 1759 1378 Caete-

1036 1407 1116 1432 rum,
1139 1396 1406 1436 quemadmodum
1421 1407 1506 1426 mare
1520 1397 1634 1427 dicitur
1652 1398 1686 1427 in
1701 1399 1761 1429 hoc

1035 1446 1105 1476 loco
1119 1446 1176 1476 sibi
1186 1447 1305 1486 fossam
1321 1447 1484 1486 subfodere,
1501 1457 1637 1486 persaepe
1649 1447 1760 1478 dicun-

1035 1504 1087 1527 tur
1108 1507 1216 1527 amnes
1236 1499 1317 1528 viam
1345 1508 1454 1534 secare,
1480 1503 1511 1528 et
1536 1498 1689 1530 similiter:
1714 1499 1760 1530 vi-

1036 1550 1110 1581 deas
1126 1556 1267 1581 nostrum
1283 1561 1382 1590 supra,
1399 1561 1459 1582 ver.
1475 1554 1547 1582 273.

1079 1603 1153 1633 Ver.
1169 1605 1242 1634 484.
1266 1605 1399 1634 circum:
1425 1603 1464 1634 P.
1484 1614 1624 1641 curvam5
1648 1604 1690 1635 V.
1710 1603 1759 1636 ed.

1034 1665 1149 1684 curam.

1076 1705 1152 1735 Ver.
1168 1708 1239 1736 485.
1261 1707 1379 1736 raddei:
1404 1705 1445 1735 V.
1461 1704 1509 1735 ed.
1525 1705 1561 1735 L.
1580 1705 1619 1736 Ο.
1640 1712 1686 1737 Ω.
1706 1717 1758 1737 ra-

1035 1757 1096 1786 diis
1101 1771 1111 1792 ;
1135 1761 1166 1786 et
1179 1755 1212 1785 in
1228 1756 1354 1795 proclivi
1371 1761 1417 1785 est
1439 1756 1574 1797 cogitare
1589 1767 1674 1795 sane,
1697 1770 1731 1788 «ro
1744 1768 1759 1788 s

1036 1817 1073 1836 ex
1102 1813 1248 1847 sequente
1278 1807 1428 1837 vocabulo
1456 1813 1622 1838 attractum
1653 1808 1759 1838 adhae-

1037 1858 1121 1896 sisse,
1151 1858 1204 1888 sed
1230 1859 1330 1899 magis
1356 1864 1460 1888 tamen
1482 1858 1612 1889 inclinat
1625 1859 1760 1897 animus,

1035 1915 1070 1939 ut
1084 1910 1258 1940 existimem
1273 1920 1396 1940 versum
1418 1910 1462 1940 sic
1479 1910 1628 1950 scriptum
1642 1911 1760 1942 Lucre-

1034 1961 1078 1991 tio
1093 1961 1202 1992 fuisse:

1066 2043 1098 2066 Et
1107 2041 1187 2066 radiis
1197 2042 1256 2066 soles
1267 2043 1400 2074 cogebant
1412 2043 1531 2075 undique
1543 2047 1715 2069 terram—.

1037 2112 1186 2143 Conferas
1215 2123 1274 2143 ver.
1306 2116 1376 2144 255.
1414 2115 1508 2154 hujus
1538 2114 1618 2150 libri,
1655 2119 1686 2144 et
1717 2114 1757 2145 vi.

1037 2167 1129 2195 1100.
1153 2165 1226 2194 Non
1241 2164 1342 2195 multo
1365 2165 1453 2196 aliter
1467 2165 1632 2207 Virgilius,
1654 2175 1721 2207 geo.
1737 2165 1757 2196 i.

1036 2219 1085 2246 66.

1442 2289 1584 2321 glebasque
1592 2289 1704 2321 jacentis

1064 2326 1250 2352 pulverulenta
1259 2331 1358 2358 coquat
1368 2328 1480 2352 maturis
1489 2328 1580 2352 solibus
1591 2332 1680 2353 astas.

1034 2402 1219 2441 —cogebant
1247 2408 1377 2433 terram.-
1417 2409 1457 2433 Π.
1486 2404 1623 2442 tegebant
1651 2409 1757 2434 terras.

1036 2452 1209 2491 Nimirum,
1239 2464 1276 2483 ex
1302 2454 1508 2484 similitudine
1532 2454 1758 2485 elementorum

1034 2515 1051 2535 c
1066 2510 1097 2534 et
1110 2511 1130 2540 t,
1146 2505 1284 2544 primum
1300 2506 1384 2536 venit
1403 2507 1551 2546 tegebant,
1578 2504 1691 2536 deinde
1713 2511 1756 2536 te·

1032 2556 1152 2594 gebane.

1077 2605 1152 2635 Ver.
1167 2609 1238 2637 486.
1261 2608 1450 2638 Verberibus:
1477 2613 1518 2638 Π.
1541 2607 1757 2638 Ver-limbus.—

1033 2657 1169 2687 lumz'na:
1196 2658 1239 2688 sic
1263 2658 1380 2697 optime
1403 2657 1498 2688 Vind.
1517 2657 1555 2688 V.
1579 2656 1626 2687 ed.
1653 2656 1692 2686 Ο.
1719 2661 1755 2687 Δ.

1037 2714 1076 2737 Π.
1094 2713 1127 2739 Σ.
1146 2715 1189 2739 Ω.
1206 2709 1308 2750 vulgo,
1323 2711 1443 2740 limina.
1489 2708 1570 2738 Sunt
1584 2712 1691 2737 autem
1703 2709 1753 2738 lu-

1034 2759 1130 2796 mina,
1157 2769 1211 2798 per
1225 2760 1347 2790 obviam
1370 2758 1609 2794 translationem,
1633 2758 1753 2798 opinor,

1035 2810 1073 2839 ab
1087 2812 1219 2841 humano
1241 2821 1361 2851 corpore
1378 2810 1555 2845 derivatam,
1581 2809 1682 2847 rimae,
1705 2809 1754 2839 fo-

1032 2861 1161 2897 ramina,
1196 2862 1350 2900 fenestrae,
1384 2861 1444 2899 vel,
1474 2867 1510 2891 ut
1538 2871 1612 2891 voce
1642 2859 1754 2892 Graeca

1032 2912 1126 2954 longe
1154 2914 1311 2954 aptissima
1344 2913 1498 2951 finiamus,
1537 2921 1656 2954 γληνεα.
1702 2914 1752 2945 Sic
