1926 3224
270 264 367 307 266·

774 261 833 308 T.
880 258 1254 307 LUCRETII

294 393 378 431 230
410 391 539 432 Curat
558 391 670 438 item,
691 389 795 429 vasis
814 387 982 444 integris
1003 387 1097 429 vina
1115 397 1282 444 repente

405 464 655 520 Diffugiant:
687 462 799 518 quia,
821 459 1034 514 nimirum,
1055 458 1169 505 facile
1188 463 1328 505 omnia
1345 463 1498 507 circum

408 537 626 587 Conlaxat,
647 551 817 593 rareque
833 537 932 581 facit
951 538 1188 580 lateramina
1209 537 1307 587 vasi,

405 609 641 652 Adveniens
659 611 771 652 'calor
791 612 896 666 ejus;
929 620 989 663 ut,
1011 613 1237 653 insinuatus
1257 612 1299 651 in
1319 611 1470 666 ipsum,

406 682 619 726 Mobiliter
638 685 794 727 solvens
814 685 952 728 differt
969 685 1195 742 primordia
1214 686 1315 726 vini:

291 759 372 797 235
404 757 531 806 Quod
551 759 642 801 solis
660 774 788 814 vapor
807 768 969 802 aetatem
988 775 1073 801 non
1093 774 1210 815 posse
1230 760 1390 800 videtur

405 832 603 884 Efficere,
623 849 751 890 usque
770 835 875 876 adeo
894 835 1040 877 cellens
1057 834 1215 876 fervore
1234 848 1419 877 corusco:

302 986 377 1017 Ver.
406 991 476 1018 230.
507 987 661 1027 Editores‚
682 999 723 1020 an
747 990 894 1022 audacter
915 1001 982 1021 ma-

260 1037 318 1078 gis,
341 1047 382 1068 an
397 1038 518 1077 inscite,
531 1049 595 1070 non
611 1040 753 1081 equidem
767 1047 884 1072 temere
898 1042 979 1083 diju-

260 1089 438 1128 dicaverim,
462 1101 499 1121 ex
522 1091 647 1122 arbitrio
668 1092 836 1124 inferciunt
857 1100 892 1125 ut
914 1100 982 1134 post

259 1142 342 1172 item:
360 1141 464 1172 videas
479 1142 600 1173 monita
613 1143 653 1174 ad
667 1154 729 1175 ver.
748 1148 816 1177 115.
831 1146 980 1185 superius.

302 1199 383 1230 Ibid.
409 1203 522 1232 Curat:
547 1207 584 1232 ut
603 1202 726 1233 locutus
740 1209 785 1234 est
799 1203 839 1234 ad
853 1203 891 1234 iv.
909 1207 979 1234 820.

257 1255 290 1280 et
303 1249 389 1282 alibi.
484 1290 487 1293 Δ

300 1302 382 1334 Ibid.
404 1306 482 1336 vasis
497 1306 633 1346 integris.
666 1305 801 1343 Plinius,
822 1312 885 1335 nat.
908 1305 978 1340 hist.

255 1354 290 1385 ii.
316 1357 366 1386 52.
390 1359 411 1374 “
428 1356 573 1386 Tertium
596 1362 642 1386 est
671 1359 784 1396 (genus
810 1356 978 1396 fulminis),

256 1408 279 1423 “
295 1405 379 1445 quod
400 1405 518 1436 clarum
533 1412 651 1442 vocant,
681 1407 822 1437 mirificae
843 1407 979 1437 maxime

256 1459 279 1475 “
296 1462 425 1494 naturae,
440 1467 502 1497 quo
518 1457 603 1488 dolia
617 1459 855 1496 exhauriuntur,
879 1459 975 1489 intac-

256 1511 278 1525 “
293 1508 333 1538 tis
357 1508 566 1547 operimentis,
589 1508 737 1549 nulloque
762 1509 824 1539 alio
847 1510 977 1550 vestigio

256 1562 279 1577 “
293 1559 434 1590 relicto.''
478 1560 658 1591 Lambinus.

297 1608 379 1640 Ibid.
403 1612 493 1648 vasis,
516 1621 535 1640 a
556 1617 640 1642 recto
661 1622 778 1649 vasum,
799 1612 847 1642 vel
868 1623 974 1648 ωας,-

257 1666 293 1691 ut
307 1660 350 1692 iii.
365 1663 437 1693 455.
462 1662 573 1698 Caesar,
589 1662 660 1692 bell.
674 1663 730 1692 civ.
746 1662 789 1693 iii.
803 1665 922 1693 57.—“
938 1673 977 1693 ne

253 1714 276 1729 ‘⁵
297 1711 497 1743 conclamatis
511 1712 637 1753 quidem
652 1713 803 1744 vasis—P
828 1713 879 1749 Sic
894 1713 981 1744 idem.

251 1761 336 1799 alibi,
353 1768 384 1793 et
394 1762 458 1800 alii,
482 1763 566 1802 apud
580 1763 677 1794 lexica
691 1763 859 1804 quaerendi.
884 1764 975 1794 Glos-

252 1812 369 1842 sarium
391 1818 492 1845 vetus:
519 1817 543 1832 “
565 1815 686 1850 vasum,
715 1816 976 1852 exem5.—Vasus,

250 1865 274 1881 “
289 1863 421 1898 σκευος.”
838 1902 841 1904 ,

294 1913 367 1945 Ver.
383 1918 454 1946 232.
476 1927 548 1946 rare
598 1916 639 1946 V.
662 1915 710 1946 ed.
735 1919 977 1949 ram-latera-

249 1966 349 1997 mina:
364 1965 402 1996 P.
414 1966 483 2007 (qui
498 1967 631 2007 vulgatae
640 1973 744 1998 tamen
756 1967 898 1999 lectionis
907 1972 971 1999 tue-⁵

249 2015 390 2047 minitin
404 2017 500 2057 notis)
517 2017 558 2048 V.
574 2017 622 2048 ed.
640 2018 678 2048 B.
696 2018 734 2048 Ο.
748 2023 785 2049 Δ.
800 2021 897 2049 latera
912 2031 980 2049 om--

249 2068 322 2103 πία,·
347 2067 443 2098 vind.
457 2069 554 2099 latera
570 2070 671 2099 minus
677 2083 687 2104 ;
715 2074 750 2100 Σ.
765 2070 863 2100 latera
874 2071 970 2106 invia,-

249 2117 385 2158 vestigiis
407 2117 568 2149 literarum
594 2118 708 2149 iisdem
732 2129 807 2150 cum
836 2120 973 2160 vestigiis

251 2182 289 2202 w
305 2172 489 2209 lateramina
497 2186 508 2203 .·
534 2178 580 2203 n.
600 2174 699 2203 latera
721 2175 839 2204 minua.
883 2174 971 2204 Mar-

250 2221 353 2252 tianus
379 2222 518 2262 Capella,
540 2222 591 2253 lib.
617 2223 659 2253 iii.
687 2223 726 2253 de
750 2223 907 2264 analogid,
929 2224 972 2254 ita
1003 2246 1005 2249 .

251 2273 368 2304 scribit:
407 2277 430 2292 “
464 2276 584 2311 Vasmn,
620 2285 661 2304 an
685 2286 745 2311 vas,
768 2275 828 2305 dici
852 2275 972 2314 debeat,

250 2328 272 2343 “
288 2325 696 2367 quaeiitur.—Itaque-—vas
720 2328 838 2358 vasibus
866 2327 968 2358 facere

250 2378 273 2394 “
288 2375 446 2408 debuit—2
493 2377 554 2408 Sed
565 2378 627 2418 hoc
641 2387 756 2408 nomen
771 2389 825 2418 per
839 2388 967 2410 anoma-

250 2430 272 2446 “
288 2427 365 2458 liam
380 2428 571 2467 declinatur;
588 2435 618 2460 et
628 2429 686 2460 erit
697 2430 847 2471 singulari
862 2431 964 2462 nomi·
991 2459 993 2463 .

249 2481 272 2497 “
288 2479 392 2510 nativo
412 2491 474 2516 vas,
496 2480 633 2522 genitivo
654 2483 744 2519 vasis,
769 2481 872 2513 dativo
890 2485 967 2520 vasi,

249 2533 273 2548 “
288 2530 420 2562 ablativo
433 2543 453 2562 a
469 2534 542 2564 vasi.
579 2532 745 2564 Lucretius
760 2538 864 2564 tamen
879 2533 967 2575 geni-

248 2580 311 2612 tivo
325 2585 398 2618 vasi,
420 2587 468 2612 ut:

471 2656 580 2688 rarique
589 2656 657 2682 facit
667 2657 827 2683 lateramina
837 2658 930 2683 van’st’

248 2724 278 2754 E
293 2725 405 2765 quibus
419 2726 497 2758 illud
518 2731 584 2759 vasi
604 2728 818 2768 recipiendum
833 2721 966 2769 denique

248 2776 435 2815 existimavi,
458 2785 495 2809 ut
519 2786 683 2811 structurae
707 2781 860 2811 sermonis
881 2791 965 2812 eom-

248 2826 381 2863 modius,
414 2835 445 2858 et
473 2830 501 2859 ei
527 2831 665 2862 varietati
695 2834 850 2872 phraseos,
879 2832 968 2872 cujus

247 2881 313 2914 erat
334 2883 438 2909 noster
458 2879 492 2909 in
514 2882 600 2911 omni
623 2888 761 2921 tempore
781 2882 965 2914 studiosissi-

213 2926 217 2930 ’
245 2925 330 2968 mus,
339 2927 586 2962 convenientius.
608 2933 705 2969 Libri,
720 2936 810 2965 vasis.
834 2935 966 2966 Lacera-

1025 992 1111 1022 mina
1136 995 1243 1021 autem
1267 999 1324 1029 pro
1345 991 1445 1021 latera
1472 988 1576 1029 capim
1609 998 1686 1026 non,
1709 995 1747 1020 ut

1025 1041 1186 1072 nonnullis
1201 1041 1329 1080 placuit,
1344 1050 1401 1079 pro
1414 1040 1746 1079 laceres.—Caeterum‚

1024 1093 1119 1123 codex
1150 1097 1254 1122 noster
1277 1097 1317 1121 Π.
1341 1090 1454 1120 chartis
1475 1090 1614 1130 integris,
1647 1098 1680 1122 at
1706 1091 1745 1122 li-

1024 1143 1130 1173 brariov
1138 1148 1285 1179 cessante,
1307 1151 1380 1171 cum
1395 1142 1453 1171 hoc
1469 1151 1558 1171 versu
1575 1140 1686 1172 deficit.

1066 1202 1141 1231 Ver.
1154 1204 1224 1231 253.
1248 1202 1435 1231 insinuatus:
1461 1201 1504 1231 sic
1517 1201 1634 1240 optime
1643 1202 1682 1233 L.
1696 1203 1744 1234 M.

1025 1258 1059 1284 Δ.
1082 1252 1171 1283 aliter
1185 1252 1273 1283 enim
1295 1252 1483 1283 constructio
1498 1252 1651 1284 inoffenso
1665 1254 1744 1293 pede

1023 1315 1087 1336 non
1101 1304 1248 1344 procedit.
1293 1304 1412 1344 Vulgo,
1436 1306 1629 1342 insinuatum
1660 1305 1744 1346 quod

1021 1356 1138 1396 placuit
1151 1356 1330 1394 editoribus,
1347 1356 1424 1386 nihil
1434 1356 1550 1387 interea
1561 1358 1742 1388 erubescen-

1003 1437 1007 1440 .
1020 1409 1114 1446 tibus,
1130 1408 1201 1438 licet
1217 1408 1365 1439 orationis
1379 1409 1489 1439 seriem
1504 1409 1689 1440 concinnare
1703 1419 1742 1440 ex

1019 1460 1147 1490 arbitrio
1169 1470 1330 1490 necessum
1352 1461 1517 1498 haberent;
1542 1471 1599 1491 suo
1613 1467 1640 1492 et
1657 1471 1742 1492 com-

1019 1510 1162 1541 mentitio
1177 1510 1239 1540 fine
1253 1511 1358 1540 versus
1372 1510 1568 1541 suffarcinati
1582 1510 1707 1543 scilicet.

1063 1571 1138 1600 Ver.
1167 1574 1236 1600 234.
1269 1571 1440 1600 Mobiliter:
1468 1575 1502 1601 Δ.
1537 1571 1742 1602 Nobiliter.—

1021 1622 1174 1651 Mobiliter
1188 1627 1294 1650 autem
1307 1620 1418 1661 ‹liffin-e,
1442 1631 1498 1659 pro
1519 1624 1654 1653 celeriter
1676 1623 1739 1653 dis·

1014 1674 1127 1711 pergit,
1150 1671 1351 1711 dissipatque:
1375 1671 1446 1701 vide
1460 1672 1502 1701 sis
1516 1673 1553 1702 iv.
1572 1675 1645 1705 791.

1061 1731 1138 1760 Ver.
1165 1734 1236 1762 235.
1270 1742 1362 1770 vapor
1397 1736 1532 1762 aelatem:
1566 1735 1601 1762 Δ.
1631 1742 1740 1772 vapore

1019 1788 1136 1813 aetatem
1149 1798 1155 1816 ;
1171 1781 1266 1812 vind.
1283 1792 1390 1821 vapore
1404 1788 1513 1818 επεν-0,·
1529 1791 1660 1822 quarum
1669 1793 1737 1814 cor-

1020 1834 1212 1872 ruptelarum
1234 1832 1334 1862 facilis
1355 1838 1400 1862 est
1414 1832 1571 1863 reddenda
1586 1833 1674 1871 ratio,
1697 1835 1738 1866 ad

1021 1886 1105 1915 hunc
1121 1884 1266 1914 modum:
1287 1883 1443 1923 Scriptum
1458 1890 1524 1914 erat
1538 1884 1646 1925 utique
1660 1885 1738 1916 olim

1020 1938 1053 1967 in
1069 1937 1257 1967 membranis
1279 1936 1509 1976 antiquissimis,
1534 1948 1627 1977 vapor
1650 1942 1737 1969 etati.

1017 1989 1094 2018 Mox
1110 1989 1209 2027 prima
1230 1987 1318 2017 litera
1340 1987 1514 2026 posterioris
1531 1988 1672 2018 vocabuli
1695 1999 1741 2029 τῳ

1015 2051 1107 2079 vapor
1121 2039 1264 2076 adhaesit3
1287 2045 1299 2069 t
1324 2039 1413 2077 abiit,
1439 2044 1476 2068 ut
1498 2039 1620 2077 passim,
1646 2040 1680 2069 in
1701 2051 1732 2075 c,-

1015 2098 1046 2121 et
1061 2091 1143 2121 linea
1157 2090 1365 2128 horizontalis,
1385 2089 1448 2130 quii
1468 2089 1613 2120 elementi
1635 2102 1664 2121 m
1682 2092 1736 2122 ab·

1015 2142 1114 2172 sentia
1128 2141 1295 2182 significari
1311 2150 1375 2170 non
1390 2145 1527 2170 rarenter
1541 2140 1629 2179 solet,
1645 2140 1735 2172 fefel-

1014 2192 1052 2223 lit
1066 2193 1208 2231 scribam,
1231 2203 1287 2232 pro
1307 2191 1467 2233 frequente
1488 2192 1596 2223 minus
1616 2191 1743 2224 indicio

1015 2244 1121 2275 omissi
1139 2256 1183 2282 re,
1206 2244 1254 2274 vel
1268 2255 1284 2275 e
1298 2250 1368 2284 post
1381 2255 1408 2273 r.

1058 2303 1138 2333 Ibid.
1161 2309 1298 2333 oetatem:
1324 2303 1343 2333 i.
1359 2313 1385 2333 e.
1406 2314 1504 2340 omne,
1526 2302 1575 2333 vel
1588 2295 1733 2345 longum,

1010 2364 1118 2385 a‘vum:
1137 2353 1205 2384 vide
1219 2353 1263 2384 iii.
1279 2356 1349 2385 508.
1363 2357 1432 2384 812.
1445 2358 1516 2386 999.
1528 2365 1555 2384 v.
1563 2356 1636 2386 557.
1661 2355 1734 2389 Usi-

1013 2404 1198 2435 tatissimum
1214 2410 1259 2435 est
1274 2405 1332 2434 hoc
1347 2404 1470 2435 dicendi
1485 2415 1593 2445 genus.

1051 2469 1126 2499 Ver.
1153 2471 1225 2499 256.
1251 2470 1370 2499 cellens:
1403 2468 1422 2499 i,
1446 2478 1473 2499 e.
1495 2468 1640 2499 velociter
1664 2468 1732 2510 agi-

1011 2525 1091 2557 tans,
1112 2519 1232 2549 fortiter
1251 2519 1424 2558 impellens,
1436 2520 1569 2560 seriens,
1592 2530 1731 2551 commo·

1011 2581 1098 2609 vens,
1119 2573 1186 2602 telis
1201 2571 1278 2601 suis:
1303 2571 1410 2602 redeas
1425 2571 1464 2602 ad
1479 2578 1586 2603 notata
1598 2572 1633 2602 in
1644 2572 1664 2603 i.
1681 2574 1730 2602 15.

1013 2621 1087 2652 Hoc
1112 2627 1218 2652 autem
1242 2621 1425 2652 venerandae
1448 2622 1607 2653 vetustatis
1626 2621 1729 2662 moni-

1012 2679 1155 2704 mentum
1171 2670 1347 2705 felicissime
1360 2680 1575 2705 conservatum
1588 2678 1682 2704 restat
1695 2665 1730 2703 i'n

1014 2727 1061 2757 M.
1077 2737 1150 2757 nam
1165 2727 1198 2757 in
1213 2727 1249 2758 L.
1264 2738 1281 2758 c
1295 2727 1411 2758 abierat
1425 2726 1458 2757 in
1471 2733 1494 2762 t,
1509 2728 1622 2762 tellens;
1645 2724 1731 2756 unde

1010 2779 1099 2811 fluxit
1120 2780 1200 2812 illud
1221 2783 1325 2812 tollens
1348 2780 1496 2811 librorum
1511 2778 1607 2809 vind.
1623 2778 1664 2809 V.
1680 2778 1728 2809 ed.

1008 2832 1052 2862 Ὀ.
1069 2837 1104 2863 Δ.
1121 2837 1155 2864 Σ.
1173 2839 1217 2864 Ω..
1239 2838 1270 2863 et
1284 2831 1357 2862 inde
1372 2832 1490 2871 pollens
1510 2830 1728 2861 communium

1009 2881 1183 2913 editionum
1201 2882 1413 2923 excogitatum
1435 2881 1496 2912 fuit
1517 2881 1660 2912 eruditis:
1687 2881 1716 2912 P

1008 2936 1150 2966 candens.
1188 2934 1260 2967 Vox
1275 2934 1359 2965 enim
1374 2944 1446 2966 vero
1459 2934 1526 2967 haec
1540 2933 1727 2965 Lucretiam
