1926 3224
262 233 359 276 260

752 231 811 278 Τ.
869 228 1268 278 LUCRETII'

393 359 552 402 Scilicet
571 357 651 398 hoc
669 357 804 398 densis
822 356 871 398 fit
889 357 1082 407 nubibus,
1104 366 1144 399 et
1165 358 1284 399 simul
1304 358 1385 399 alte

287 435 364 471 185
396 431 623 472 Exstructis
643 429 729 470 aliis
748 429 844 471 alias
865 444 985 485 super
1003 431 1140 485 inpete
1159 430 1286 472 miro.

455 504 520 545 Ne
539 503 613 544 tibi
633 504 684 544 sit
702 503 851 553 fraudi,
873 503 984 559 quod
1004 518 1081 544 nos
1099 503 1256 545 inferne
1277 503 1460 546 videmus

391 577 530 625 Quam
550 577 630 618 sint
649 577 731 619 lata
744 578 889 634 magis,
907 592 1030 633 quam
1045 593 1203 619 sursum
1219 586 1425 619 exstructa
1439 578 1541 634 quid
1556 587 1727 622 exstent.

393 651 702 706 Contemplator
723 652 848 702 enim,
869 667 1010 707 quom,
1032 652 1239 693 montibus
1259 652 1500 703 adsimilata,

396 725 550 766 Nubila
568 725 792 780 portabunt
811 726 944 766 ventei
966 734 1198 767 transversa
1215 741 1289 781 per
1308 741 1444 776 auras;

284 804 361 840 190
392 799 480 841 Aut
498 800 568 841 ubi
588 815 661 855 per
683 815 854 856 magnos
873 801 1046 842 monteis
1066 801 1269 842 cumulata
1287 800 1441 842 videbis

392 873 566 928 Insuper
585 888 669 914 esse
688 873 773 914 aliis
793 873 884 924 alia,
908 882 1029 930 atque
1048 889 1223 931 urguere
1243 873 1416 930 superna

392 946 444 987 In
464 947 636 989 statione
654 947 799 999 locata,
821 948 984 1004 sepultis
1004 949 1186 1005 undique
1204 948 1348 991 ventis:

248 1112 272 1128 “
289 1108 386 1147 culi;”
409 1109 463 1141 sed
486 1109 657 1142 admodum
678 1111 840 1144 invenuste
863 1121 894 1144 et
918 1114 967 1143 in-

249 1161 347 1192 docte.
392 1162 530 1200 Phrasis,
545 1165 637 1194 ictum
655 1169 686 1194 et
689 1165 812 1205 jactum
828 1165 965 1200 luminis,

248 1214 360 1252 saepius
373 1213 524 1246 illustrata
538 1221 584 1246 est
597 1217 686 1247 nobis
699 1217 733 1248 in
743 1218 871 1258 hujusce
882 1227 966 1248 com·

247 1265 392 1296 mentarii
406 1265 546 1297 decursu.

293 1325 364 1356 Ver.
389 1330 459 1357 182.
481 1329 609 1358 adlicit:
637 1328 657 1358 i.
680 1338 705 1358 e.
727 1327 856 1366 lacessit,
882 1328 966 1367 ferit,

249 1383 282 1409 et
291 1378 378 1419 quasi
388 1385 540 1417 provocat,
553 1379 601 1408 vel
615 1381 700 1416 lacit,
711 1389 728 1409 e
740 1379 839 1416 cavea,
850 1379 967 1411 foribus

245 1428 423 1468 pulsandi53
437 1427 476 1458 ad
490 1428 688 1459 sentiendum
703 1428 824 1460 scilicet.
869 1430 968 1461 Vetus

248 1478 477 1509 onomasticon:
496 1481 518 1496 “
530 1480 639 1517 Lacio,
652 1479 690 1517 is,
704 1481 890 1520 mappam-'⁵
907 1482 926 1511 i.
939 1492 964 1512 e.

249 1529 289 1560 ad
304 1539 355 1559 me
369 1528 460 1566 duco,
485 1528 533 1558 vel
549 1529 661 1560 allicio.
706 1530 793 1560 Alibi
815 1541 886 1562 vero
901 1531 965 1562 dic-

245 1579 339 1610 tionis
353 1579 514 1619 attigimus
524 1580 749 1619 proprietatem.
796 1582 878 1612 Vide
894 1583 966 1613 Fes-

246 1637 315 1662 tum
345 1631 379 1661 in
404 1641 486 1662 voce.
530 1632 637 1669 Porro,
675 1633 836 1664 Bentleius
863 1635 968 1665 scribit

246 1687 333 1724 quia,
348 1694 405 1723 pro
419 1686 488 1724 qui:
513 1685 597 1724 quod
612 1695 676 1716 non
689 1686 820 1722 malum,
842 1697 900 1718 nec
919 1693 965 1717 ta-

246 1745 320 1765 men
335 1735 552 1765 necessarium.

290 1792 364 1824 Ver.
381 1797 453 1824 185.
474 1795 582 1825 limina
591 1808 601 1824 .·
627 1794 670 1826 sic
689 1795 804 1835 optime
819 1795 915 1828 Vind.
930 1796 966 1829 L.

246 1850 279 1875 et
302 1844 451 1882 Juntina;
479 1846 592 1883 caeteri,
613 1848 742 1886 lumina,
768 1859 822 1887 per
845 1849 968 1880 solitam

246 1896 471 1926 aberrationem
486 1897 664 1929 scribarum.
710 1899 790 1930 Sane
804 1900 967 1941 elegantis-

246 1947 325 1976 sima
354 1952 401 1977 est
422 1947 581 1977 translatio
601 1950 693 1980 limen
721 1952 886 1989 oculorum,
915 1953 966 1982 cui

248 1998 377 2027 verbum
392 1999 500 2028 adlicit
517 1998 661 2039 congruit
682 2010 756 2030 cum
781 2002 967 2033 amicissima

246 2048 404 2078 societate:
430 2048 570 2078 conferas
595 2056 701 2080 autem
725 2051 766 2081 iii.
788 2055 966 2084 560—571.

246 2100 291 2129 Et
305 2099 422 2138 phrasis
432 2101 585 2131 oculorum
597 2102 704 2132 limina
717 2109 817 2133 nostra
827 2104 966 2143 apprime

244 2148 432 2180 Lucretiana
447 2156 502 2188 est,
516 2161 572 2190 pro
581 2158 748 2183 nostrorum
760 2156 910 2185 oculorum
924 2157 964 2185 li-

243 2203 346 2232 mina:
372 2201 442 2231 vide
456 2212 513 2232 nos
534 2202 573 2232 ad
589 2203 631 2233 iii.
647 2208 719 2235 572.
764 2206 965 2237 Abomineris

243 2252 362 2283 interea
376 2262 510 2288 mecum,
526 2252 621 2284 lector
636 2254 731 2286 laute!
749 2255 902 2287 editorum
913 2258 963 2288 in-

243 2310 445 2335 venustorum
461 2305 698 2344 impudentiam,
724 2307 767 2337 sic
786 2318 824 2338 ex
839 2308 964 2340 arbitrio

241 2357 366 2397 po'etam
386 2358 665 2397 corrumpentium:

272 2439 361 2470 Quam
372 2444 434 2470 quae
446 2438 606 2470 perveniunt
616 2440 696 2464 oculos
707 2441 740 2465 ad
750 2440 850 2466 lumina
859 2445 962 2468 nostros.

242 2508 426 2549 Preigerum
448 2519 521 2540 vero
544 2510 652 2549 miror,
675 2511 752 2542 adeo
767 2512 962 2544 Lucretianae

239 2558 354 2590 indolis
368 2560 525 2600 ignarum,
552 2567 588 2592 ut
604 2561 746 2600 affirmet,
776 2563 815 2594 de
836 2564 961 2595 veritate

238 2611 351 2641 harum
375 2611 604 2642 arbitrariarum
625 2613 825 2652 scriptionum
841 2614 961 2645 nullam

238 2671 396 2701 superesse
409 2662 635 2694 dubitationem
644 2667 746 2704 posse!
766 2665 877 2706 Neque
885 2667 959 2697 Vir-

238 2713 332 2752 gilius
346 2714 450 2751 efiam,
469 2715 613 2756 denique,
629 2726 661 2747 se
675 2727 779 2747 coram
793 2717 960 2757 intempes-

237 2763 338 2793 tivum
363 2765 483 2804 stiterit,
508 2767 651 2798 similiter
677 2769 716 2800 ad
743 2770 817 2799 AEn.
836 2769 868 2801 ii.
885 2773 958 2801 634.

236 2812 371 2844 locutus:

262 2885 420 2918 —jam
429 2887 523 2919 patria:
532 2892 687 2921 pervemum
697 2891 732 2917 ad
741 2891 830 2918 limina
839 2892 949 2920 sedis—-

1053 1113 1126 1142 Ver.
1143 1114 1213 1141 184.
1237 1111 1316 1141 alce:
1341 1109 1438 1140 Vind.
1460 1109 1498 1141 L.
1517 1110 1564 1141 M.
1581 1110 1620 1142 Ο.
1645 1115 1679 1143 Δ.
1695 1116 1731 1143 Σ.

1011 1169 1055 1193 Ω..
1077 1164 1149 1198 alti,·
1172 1167 1203 1191 et
1224 1161 1344 1197 dubito,
1370 1171 1411 1191 an
1432 1170 1489 1200 pro
1509 1163 1608 1200 ultim,
1636 1162 1664 1192 si
1686 1162 1730 1193 sie

1008 1213 1183 1252 scripserint
1197 1211 1414 1252 antiquissimi,
1425 1211 1465 1241 ad
1475 1211 1609 1242 formam
1622 1211 1730 1243 adver-

1008 1265 1130 1295 biorum
1153 1265 1330 1295 deamatam
1355 1264 1509 1301 Lucretio,
1534 1270 1566 1295 et
1588 1274 1730 1304 saepenu·

1009 1327 1095 1347 mero
1106 1323 1297 1356 usurpatam:
1316 1316 1356 1347 V.
1366 1316 1415 1348 ed.
1427 1317 1495 1353 ala;
1512 1316 1595 1357 quod
1606 1326 1730 1347 merum

1009 1375 1054 1399 est
1079 1370 1146 1404 alei,
1173 1375 1297 1408 propter
1318 1367 1555 1398 similitudinem
1575 1370 1602 1399 ti
1615 1375 1646 1398 et
1660 1381 1679 1399 a
1695 1369 1729 1399 in

1009 1420 1192 1450 minusculis
1221 1420 1374 1450 scribendi
1399 1419 1638 1458 characteribus;
1658 1420 1730 1451 vide

1009 1481 1073 1500 var.
1090 1470 1171 1500 lectt.
1194 1470 1234 1500 ad
1248 1481 1275 1500 v.
1290 1474 1361 1501 856.
1387 1476 1428 1500 Π.
1449 1472 1538 1507 allis;
1561 1481 1730 1510 perperam.

1010 1522 1085 1552 Non
1107 1522 1281 1562 displiceret
1301 1524 1397 1553 altum
1403 1537 1415 1558 ,·
1442 1527 1471 1553 et
1496 1532 1533 1552 ea
1557 1532 1617 1553 vox
1642 1522 1731 1554 nullo

1010 1574 1136 1614 negotio
1150 1574 1280 1604 ductum
1305 1574 1471 1612 amitteret,
1494 1580 1525 1604 et
1546 1574 1580 1604 in
1602 1576 1660 1606 alei
1673 1574 1728 1606 de-

1009 1626 1135 1656 sineret:
1161 1628 1236 1662 αῐιιῖ,
1252 1628 1327 1662 altu,
1343 1628 1410 1656 alli.

1052 1685 1127 1715 Ver.
1144 1687 1214 1716 185.
1235 1687 1334 1725 inpete
1348 1687 1443 1716 miro.-
1468 1684 1513 1715 ita
1533 1691 1569 1715 ut
1583 1684 1728 1716 aviditate

1009 1735 1141 1766 mirabili
1156 1746 1307 1776 magnum
1323 1736 1458 1775 spatium
1473 1735 1675 1775 adimpleant,
1699 1742 1730 1767 et

1009 1794 1094 1818 vasto
1109 1798 1180 1818 cum
1196 1787 1369 1818 molimine:
1391 1787 1496 1818 confer
1510 1797 1537 1818 v.
1553 1791 1624 1818 201.
1635 1791 1707 1818 202.

1053 1840 1128 1869 Ver.
1160 1843 1228 1870 186.
1253 1841 1320 1870 Ne:
1349 1839 1387 1870 P.
1412 1838 1510 1869 Vind.
1540 1839 1566 1868 si
1591 1838 1730 1869 collatori

1009 1889 1096 1928 fides,
1121 1889 1377 1931 Aba—inferne.-
1412 1889 1481 1920 vide
1509 1889 1547 1920 iv.
1578 1893 1652 1920 441.
1685 1890 1729 1920 sic

1009 1947 1115 1971 autem
1140 1941 1288 1980 scriptum
1314 1941 1500 1980 conspicitur
1524 1941 1558 1970 in
1574 1940 1668 1971 Vind.
1691 1941 1728 1972 L.

1010 1992 1057 2021 M.
1076 1991 1116 2022 Ο.
1136 1999 1175 2022 Π.
1193 1998 1226 2023 Σ.
1242 1998 1273 2022 et
1287 1992 1454 2022 immutare
1469 2002 1532 2021 non
1547 1997 1626 2021 esset
1635 1991 1728 2021 sobrii

1009 2042 1139 2079 editoris,
1150 2043 1339 2081 optimorum
1351 2042 1438 2073 codd.
1450 2042 1626 2072 testimonia
1636 2042 1726 2073 deve—

1009 2093 1120 2123 neratit
1148 2094 1183 2124 P.
1201 2094 1240 2123 V.
1256 2093 1303 2123 ed.
1321 2094 1358 2124 B.
1383 2098 1418 2124 Δ.
1441 2093 1572 2134 infirre;
1599 2099 1634 2123 ut
1655 2095 1727 2124 sub-

1008 2145 1081 2175 inde
1109 2151 1340 2175 commutantur
1362 2156 1382 2176 n
1405 2151 1436 2175 et
1456 2157 1491 2175 r:
1527 2151 1570 2176 Ω.
1594 2146 1723 2185 inser-ve,-

1008 2198 1084 2229 Pius
1093 2205 1244 2229 memorat
1253 2199 1412 2239 antiquam
1422 2199 1586 2229 lectionem
1596 2202 1627 2230 in
1643 2211 1727 2238 crna,

1007 2249 1211 2280 emendatoris
1225 2249 1310 2280 haud
1325 2250 1418 2280 dubie
1434 2249 1596 2290 cujusdam
1617 2250 1728 2282 soliciti

1007 2301 1046 2332 de
1060 2302 1384 2340 metr0.—Caeterum,
1394 2304 1431 2332 sic
1445 2302 1529 2332 deest
1541 2308 1581 2332 11.
1596 2308 1627 2332 et
1630 2302 1729 2344 frudi

1007 2353 1155 2393 scriptum
1184 2359 1249 2384 erat
1274 2353 1307 2383 in
1339 2354 1480 2393 margine
1509 2353 1576 2384 cod.
1607 2359 1642 2386 Σ.
1671 2363 1727 2394 pro

995 2406 1114 2447 fraudi
1119 2422 1129 2443 ,·
1149 2416 1185 2436 ac
1199 2406 1299 2446 placet
1313 2405 1595 2447 antiquissimorum
1610 2416 1678 2437 mos
1693 2407 1725 2436 in

1006 2457 1167 2488 Lucretio:
1185 2457 1224 2488 de
1234 2457 1296 2498 qua
1311 2454 1461 2496 scripturi
1476 2456 1618 2487 consulas
1632 2457 1726 2487 velim

1007 2509 1150 2539 Nonium
1172 2508 1369 2544 Marcellum,
1395 2509 1427 2538 in
1443 2509 1464 2539 i.
1483 2511 1552 2539 150.
1575 2508 1677 2538 Vetus
1690 2517 1725 2538 o-

1004 2561 1196 2591 nomasticon
1211 2561 1349 2601 agnoscit
1363 2560 1502 2602 dqfrudo:
1529 2559 1581 2590 sed
1596 2561 1654 2590 hoc
1668 2569 1724 2598 pro

1003 2612 1162 2653 dqfrvmdo,
1179 2611 1319 2644 κλαδευω.

1047 2672 1122 2702 Ver.
1142 2675 1212 2703 187.
1234 2673 1312 2704 sint:
1339 2672 1376 2703 P.
1393 2670 1486 2702 Vind.
1503 2671 1550 2701 M.
1565 2670 1604 2702 Ο.
1629 2676 1670 2701 Π.
1687 2675 1721 2701 Σ.

1006 2729 1049 2753 Ω..
1066 2726 1123 2754 sit:
1148 2724 1189 2754 V.
1205 2723 1252 2754 ed.
1275 2726 1532 2755 sic.--csstructa.·
1558 2720 1597 2751 V.
1612 2721 1659 2751 ed.
1676 2727 1719 2752 Ω..

1003 2777 1176 2811 astrictum
1204 2775 1242 2806 O.
1263 2775 1531 2814 extritum—quid.-
1558 2773 1592 2803 Ρ.
1609 2772 1651 2803 V.
1673 2772 1720 2803 ed.

1004 2825 1051 2856 M.
1066 2829 1154 2866 quod.

1044 2885 1118 2918 Ver.
1137 2889 1206 2918 188.
1224 2887 1412 2918 adsimilata:
1439 2890 1483 2917 Ω.
1498 2886 1687 2917 assimulata.
