1926 3224
353 282 415 328 74

856 275 914 321 T.
957 273 1330 321 LUCRETII

494 407 633 455 Quam
654 404 781 445 tellus:
812 402 906 443 ideo
925 416 1000 458 per
1019 415 1113 443 rara
1130 401 1333 442 foramina
1351 408 1487 450 terrae,

494 477 698 520 Partubus
718 490 952 531 erumpens,
973 475 1129 531 primus
1149 490 1191 516 se
1210 473 1398 516 substulit
1417 472 1546 514 aether

378 558 460 593 460
489 550 659 608 Ignifer,
681 559 722 592 et
740 550 889 592 multos
908 565 1046 592 secum
1064 550 1161 591 levis
1180 548 1344 591 abstulit
1362 547 1506 604 igneis:

347 707 446 739 oculis
468 707 636 748 ingestura,
660 707 772 746 quibus
796 706 875 736 tanti
896 706 936 736 sit
950 706 1067 747 disqui-

347 769 424 790 rere.
469 759 569 789 Nobis
593 758 860 798 persuasissimum
884 764 931 788 est
955 758 994 788 de
1008 759 1068 788 hu-

343 811 434 851 jusce
449 809 676 849 orthographiae
690 809 725 837 in
740 808 892 837 universis
913 808 1067 847 scriptori-

346 863 414 897 bus,
430 868 495 892 tam
510 861 648 898 vetustis,
671 869 766 900 quarn
788 860 974 897 recentibus,
996 870 1066 898 pro-

344 912 483 951 prietate.

390 961 473 992 Ibid.
498 963 653 992 Partibus.
693 960 744 991 Sic
768 971 878 991 omnes
899 971 993 992 omne
1013 971 1066 1002 ge-

345 1021 406 1042 nus
441 1011 520 1042 libri.
567 1012 621 1042 An
652 1011 823 1052 legendum
853 1013 1024 1043 Protinus?

843 1063 1068 1093 BENTLmus.

345 1122 446 1154 Ulcus
473 1123 595 1154 sensisti
616 1122 656 1153 de
685 1122 775 1153 solita
803 1123 858 1153 tua
884 1124 1066 1164 sagacitate;

344 1183 420 1204 nam
445 1173 614 1204 certissime
639 1184 745 1204 versus
766 1174 800 1204 in
824 1176 933 1205 morbo
957 1176 1061 1204 cubat:

343 1225 398 1256 sed
412 1225 567 1256 medelam
581 1226 687 1256 minus
701 1226 869 1256 salutarem
891 1226 1066 1257 adhibuisti.

344 1277 418 1316 Ille,
444 1278 530 1309 Diva
547 1278 662 1309 Critice
684 1279 817 1315 favente,
841 1285 872 1309 et
893 1279 1067 1320 benignum

342 1329 557 1360 obstetricium
574 1329 726 1360 cerebello
748 1330 900 1360 laboranti
926 1340 990 1360 non
1012 1330 1065 1360 de-

341 1379 484 1420 dignata,
496 1380 686 1410 medicinam
695 1380 968 1419 praesentissimam
979 1380 1066 1411 enix-

342 1441 380 1462 us
395 1438 456 1468 est;
478 1431 542 1469 ille,
558 1432 697 1472 inquam,

361 1500 423 1531 Quo
434 1499 528 1524 melior
539 1498 631 1523 multis
642 1499 682 1522 vir
694 1501 823 1528 tutemet,
834 1498 962 1530 optume!
977 1499 1065 1524 rebus.

342 1567 518 1605 Nimirum,
541 1566 641 1607 quivis
661 1565 773 1603 videat,
796 1576 891 1606 quam
906 1565 995 1597 nullo
1010 1577 1064 1596 ne-

341 1618 427 1658 gotio
443 1619 542 1648 rarius
557 1628 673 1649 nomen
691 1620 845 1649 Portubus
865 1618 898 1648 in
920 1628 1066 1659 pervaga-

342 1670 498 1700 tissimum
517 1671 663 1701 Partibus
677 1676 740 1699 erat
763 1670 973 1710 migraturum
981 1682 990 1707 ;
1013 1670 1064 1700 cui

340 1721 374 1751 in
389 1722 448 1752 hoc
464 1731 552 1751 versu
567 1721 655 1751 nulla
669 1721 893 1760 opportunitas,
910 1727 940 1751 et
950 1731 989 1750 ne
1003 1721 1062 1750 mi-

340 1773 446 1802 nimus
460 1771 587 1812 quidem
603 1781 717 1806 sensus,
734 1771 895 1812 linquitur.
940 1771 1064 1802 Eodem

340 1823 436 1854 modo
465 1823 618 1853 fluctuant
646 1823 715 1852 libri
740 1823 771 1852 in
795 1822 896 1861 primo
918 1833 1063 1853 versuum

340 1873 572 1910 Ennianorum,
591 1873 675 1913 apud
692 1874 757 1904 Cic.
776 1874 817 1903 de
831 1874 890 1904 div.
907 1874 925 1904 i.
942 1878 991 1904 90.
1016 1874 1063 1904 in·

340 1931 387 1956 ter
400 1927 537 1963 artubus,
554 1931 585 1955 et
599 1927 727 1956 artibus:
754 1925 838 1965 quod
860 1931 924 1955 erat
939 1936 1062 1965 exspec-

340 1977 482 2007 tandum.
532 1977 591 2007 Sed
614 1977 700 2006 enim
724 1979 881 2008 Pto-tubus
902 1988 1061 2017 crumpens

340 2028 491 2069 exquisita
506 2035 551 2059 est
566 2028 691 2065 locutio,
715 2035 745 2058 et
770 2028 803 2058 in
819 2029 875 2058 hac
891 2039 924 2058 re
939 2028 1063 2068 propria

340 2086 371 2109 et
386 2085 522 2114 venusta,
547 2085 582 2109 ut
607 2079 685 2108 nihil
707 2090 810 2118 supra.
856 2079 982 2109 Dicitur
1008 2090 1063 2109 au-

339 2136 417 2168 tem,
433 2131 465 2160 ni
481 2129 578 2165 fallor,
595 2140 631 2159 ex
644 2130 854 2167 translatione,
869 2131 908 2160 ab
918 2131 1065 2160 arborum

338 2181 534 2222 germinibus
561 2180 665 2220 petita.
710 2180 863 2221 Virgilius
884 2180 987 2211 lucem
1009 2181 1062 2212 da-

337 2232 395 2271 bit,
411 2243 478 2273 geo.
494 2233 526 2263 ii.
543 2235 592 2264 75.

358 2318 437 2347 Nam,
449 2317 501 2349 qua
515 2324 542 2343 se
554 2317 643 2342 medio
653 2318 767 2342 trudunt
778 2318 812 2343 de
823 2318 924 2343 cortice
934 2323 1064 2350 gemmae,

360 2358 393 2381 Et
406 2357 493 2382 tenuis
503 2361 624 2389 rumpunt
635 2357 744 2388 tunicas,
755 2362 883 2390 angustus
894 2358 920 2382 in
933 2358 988 2390 ipso

358 2397 400 2421 rit
412 2397 483 2422 nodo
493 2397 605 2422 sinus-.

342 2468 460 2498 Confer
476 2467 597 2498 Pallad.
613 2467 651 2498 de
666 2477 700 2497 re
715 2473 789 2498 rust.
804 2467 843 2498 iv.
864 2472 890 2498 l.
908 2471 939 2498 3.
963 2468 986 2499 J
988 2477 1061 2498 uve·

338 2518 399 2548 nal.
425 2519 465 2549 ix.
488 2522 539 2549 55.
564 2518 728 2557 Manilius,
751 2518 790 2549 de
822 2520 1015 2559 Gigantibus,
1039 2519 1060 2550 i.

338 2573 410 2600 418.

657 2646 685 2669 et
696 2643 772 2676 ruptci
784 2646 864 2668 matre
875 2646 988 2673 creatos.

368 2684 509 2710 Discordes
519 2685 608 2715 vultu,
619 2684 810 2716 permixtaque
821 2691 943 2716 corpora,
952 2688 1051 2717 partus.

338 2745 428 2776 Hinc
442 2747 612 2788 elegantias
629 2747 702 2778 Cari
716 2747 839 2787 plenius
853 2747 1012 2786 percipias,
1022 2747 1062 2778 ad

336 2796 357 2826 i.
374 2799 444 2828 157.

654 2876 776 2901 volucres
787 2879 914 2908 erumpere
923 2875 1010 2900 coelo:

367 2885 644 2895 ——..-—-—

368 2911 509 2942 Armenta,
519 2915 601 2944 atque
611 2913 670 2939 aliz:
682 2914 808 2946 pecude-5,
827 2921 910 2946 genus
923 2921 1005 2939 omne
1021 2913 1060 2939 fe-

458 2957 560 2980 rarum,

1142 715 1248 739 Incerto
1256 716 1335 746 partu
1346 712 1429 742 culta,
1439 718 1471 737 ac
1481 712 1595 742 deserta,
1605 714 1743 737 tenerent:

1111 798 1205 829 quem
1225 788 1341 823 locum,
1369 787 1576 828 undequaque
1597 796 1722 824 sanum,
1750 795 1829 816 non-

1111 839 1191 870 nulli
1205 838 1427 870 infaustissimii
1441 842 1660 869 manu'vexare
1675 847 1739 868 non
1761 847 1831 868 eru-

1110 891 1253 920 buerunt.

1110 941 1203 971 Libet
1211 940 1261 970 his
1270 940 1365 970 etiam
1374 942 1465 971 verba
1473 940 1660 980 subjungere
1669 939 1834 977 Prisciani,

1110 994 1168 1023 sub
1189 992 1242 1022 fin.
1264 992 1316 1022 lib.
1338 991 1399 1021 viii.
1445 994 1467 1010 “
1483 992 1541 1021 Est
1562 999 1679 1030 autem,
1705 991 1833 1032 quando

1112 1047 1135 1062 “
1151 1042 1332 1073 differentiae
1367 1041 1476 1072 caussa
1510 1041 1660 1072 ablativus
1703 1041 1833 1082 pluralis

1113 1097 1135 1112 “
1150 1099 1267 1134 quartae
1281 1092 1499 1123 declinationis
1511 1098 1610 1122 servat
1623 1104 1662 1123 u.-
1679 1099 1715 1123 ut
1726 1099 1833 1132 partus

1113 1148 1133 1163 “
1146 1143 1328 1184 partubus.‘’
1366 1144 1524 1183 Denique,
1537 1153 1626 1182 spero
1639 1143 1841 1184 confidoque,

1110 1196 1253 1227 futurum
1279 1205 1357 1233 esse,
1380 1201 1417 1225 ut
1439 1195 1529 1235 digni
1553 1200 1584 1225 et
1605 1195 1687 1236 aequi
1716 1196 1832 1226 horum

1109 1247 1251 1287 leporum
1270 1246 1402 1287 judices,
1426 1247 1571 1277 omnibus
1591 1257 1741 1286 perpense
1757 1257 1831 1277 con-

1110 1299 1259 1336 sideratis,
1281 1298 1360 1328 mihi
1374 1309 1440 1329 non
1454 1305 1655 1329 succenseant
1678 1299 1737 1329 hoc
1751 1304 1831 1329 tem-

1109 1362 1195 1391 pore,
1208 1351 1291 1392 quod
1306 1351 1530 1381 divinationem
1539 1350 1740 1387 arbitrariam,
1751 1360 1832 1390 prae-

1110 1409 1157 1432 ter
1169 1408 1361 1433 constantem
1374 1412 1478 1432 meam
1487 1402 1551 1432 fere
1562 1401 1836 1438 consuetudinem,

1111 1462 1174 1482 non
1203 1452 1365 1482 admittere
1388 1452 1621 1482 formidaverim
1650 1452 1684 1482 in
1705 1457 1832 1482 contex-

1111 1508 1189 1533 tum.

1153 1564 1233 1594 Ibid.
1243 1566 1365 1604 primus
1375 1575 1405 1595 se
1414 1564 1554 1594 substulit
1569 1565 1670 1594 aetlzer.
1693 1563 1833 1604 Elegan-

1111 1622 1168 1654 ter,
1184 1621 1220 1646 ut
1234 1625 1367 1655 semper,
1389 1614 1533 1653 Ovidius,
1548 1615 1603 1646 sed
1617 1615 1700 1646 infra
1713 1615 1830 1646 Lucre-

1109 1666 1144 1696 tii
1159 1666 1365 1706 majestatem‚
1390 1665 1434 1696 sic
1448 1666 1593 1696 describit
1607 1676 1686 1705 rem,
1708 1666 1742 1697 in
1757 1673 1832 1697 met.

1107 1716 1126 1747 i.
1143 1720 1192 1747 26.

1139 1802 1219 1832 Ignea
1229 1800 1348 1826 convexi
1364 1800 1414 1830 vis,
1421 1803 1449 1826 et
1461 1800 1517 1826 sine
1527 1801 1656 1832 pondere,
1667 1801 1731 1826 coeli

1138 1840 1265 1870 Emicuit,
1275 1839 1436 1871 summaque
1446 1840 1536 1865 locum
1547 1840 1595 1865 sibi
1605 1840 1669 1873 legit
1680 1841 1708 1864 in
1718 1847 1787 1866 arce.

1111 1914 1264 1945 Manilius
1279 1920 1396 1952 autem,
1420 1915 1529 1946 eadem
1551 1921 1698 1954 tractans,
1711 1915 1831 1946 nemini

1107 1966 1231 1995 cesserit
1248 1966 1296 1996 vel
1311 1965 1449 1996 efficacia
1463 1966 1511 1996 vel
1526 1966 1692 2007 elegantia,
1707 1967 1727 1997 i.
1746 1971 1816 1998 149.

1124 2053 1192 2083 Ignis
1203 2052 1228 2076 iu
1241 2053 1365 2078 aetherias
1376 2053 1486 2077 volucer
1496 2059 1523 2077 se
1533 2052 1656 2076 substulit
1666 2058 1740 2081 oras;

1124 2094 1289 2123 summaque
1296 2092 1455 2123 complexus
1462 2092 1590 2116 stellantis
1599 2091 1717 2116 culmina
1723 2090 1829 2119 mundi,

1123 2131 1305 2156 Flammarum
1318 2133 1388 2156 vallo
1400 2135 1504 2156 naturae
1517 2131 1619 2156 moenia
1629 2131 1706 2157 fecit.

1109 2205 1171 2234 His
1186 2206 1371 2243 committas,
1399 2206 1460 2235 huc
1475 2204 1611 2235 multum
1627 2204 1756 2241 faciens,
1774 2213 1828 2243 po-

1107 2257 1286 2287 litissimum
1311 2257 1499 2287 halieuticon
1517 2257 1742 2298 fragmentum,
1761 2255 1829 2296 jam

1108 2308 1282 2339 adhibitum
1297 2319 1316 2338 a
1331 2319 1391 2344 me,
1408 2308 1448 2338 ad
1464 2310 1483 2338 i.
1501 2312 1529 2338 4.

1151 2369 1225 2399 Ver.
1249 2373 1320 2399 460.
1345 2368 1482 2409 Ignr'fer:
1508 2367 1527 2396 i.
1543 2377 1568 2398 e.
1592 2366 1697 2406 “ipse
1718 2365 1829 2406 igneus

1109 2422 1132 2438 “
1149 2419 1264 2450 multos
1278 2419 1354 2449 alios
1369 2419 1457 2459 ignes
1480 2419 1574 2448 etiam
1596 2427 1702 2448 secum
1723 2417 1829 2447 abstu-

1108 2473 1130 2488 “
1144 2469 1211 2500 lit.'’
1244 2471 1323 2501 Haec
1339 2476 1445 2500 autem
1461 2469 1611 2508 scriptura
1625 2474 1672 2499 est
1684 2467 1827 2498 codicum

1105 2520 1202 2551 Vind.
1219 2521 1255 2551 L.
1273 2521 1319 2551 M.
1338 2522 1376 2551 Ο.
1401 2526 1435 2552 Δ.
1453 2527 1493 2551 Π.
1515 2525 1548 2551 Σ.
1565 2526 1608 2550 Ω.
1631 2516 1827 2560 quorundam

1108 2571 1168 2609 Pii,
1180 2577 1211 2601 et
1226 2571 1370 2602 editionis
1385 2573 1407 2603 J
1409 2571 1541 2609 untinae,
1562 2571 1740 2610 priusquam
1758 2578 1825 2598 ma·

1106 2632 1183 2652 num
1197 2622 1346 2653 audacem
1357 2622 1536 2653 correctoris
1547 2620 1685 2651 subierit:
1703 2618 1826 2659 reliqui,

1108 2675 1262 2716 Signg‘lbm
1289 2674 1502 2714 intempestive
1523 2682 1659 2712 prorsus,
1676 2671 1826 2712 quoniam

1105 2724 1143 2755 de
1157 2727 1279 2756 zodiaco
1295 2736 1359 2756 non
1374 2730 1483 2765 agatur
1497 2732 1582 2753 nunc
1593 2721 1673 2762 jam:
1699 2731 1825 2762 progre-

1105 2776 1177 2806 dere
1192 2775 1231 2806 ad
1250 2786 1310 2806 ver.
1327 2779 1398 2807 499.
1420 2774 1550 2814 hujusce
1570 2772 1652 2804 libri.
1698 2773 1825 2809 Seneca.

1106 2827 1237 2866 Hippol.
1253 2830 1324 2858 960.

1194 2907 1218 2930 O
1228 2911 1325 2937 magna
1335 2911 1429 2936 parens
1440 2906 1540 2929 Natura
1550 2903 1647 2934 deum,

1194 2947 1293 2976 Tuque
1304 2944 1404 2977 igniferi
1415 2948 1503 2971 rector
1513 2944 1649 2977 olympi-.
