1926 3224
272 203 369 245 208

777 200 837 248 Τ.
878 199 1252 249 LUCRETII

415 328 472 371 Et
490 328 597 370 ferro
618 342 777 383 coepere
795 329 924 371 solum
944 329 1207 385 proscindere
1226 337 1366 379 terrae;

277 406 383 445 1295
416 403 723 458 Exaequataque
743 410 837 445 sunt
856 404 1013 458 creperi
1032 403 1256 445 certamina
1275 402 1380 444 belli.

473 476 528 517 Et
547 476 660 530 prius
680 485 739 518 est
759 484 961 519 armatum
983 477 1026 518 in
1047 477 1140 533 equi
1161 476 1433 518 conscendere
1453 483 1600 529 costas,

415 550 472 592 Et
491 550 741 592 moderarier
760 551 872 593 hunc
890 551 1029 602 fienis,
1052 550 1277 607 dextraque
1296 550 1449 608 vigere,

271 713 314 739 n.
330 708 660 739 celabant.—armatis.·
679 714 720 739 n.
735 709 984 740 celatis.—nuda.·

272 765 317 790 Ω..
332 761 426 790 unda.

311 809 387 840 Ver.
404 809 641 850 1292fi‘rreus:
661 809 890 850 1'1.jerus.—Et
904 809 987 851 cogi-

269 866 405 891 taveram
430 860 469 891 de
492 867 664 900 procusust,
689 861 738 891 vel
761 873 909 902 procustes
934 868 987 899 est,

269 911 335 942 vice
344 914 489 951 processit
495 927 506 949 ,·
530 911 584 942 sed
606 913 665 942 hoc
691 913 876 944 vocabulum
899 919 988 944 sonat

269 961 452 1001 simplicius,
475 963 635 1003 signatius,
652 970 744 1004 atque
760 976 985 1006 mmmmm-spon:

267 1014 355 1055 quasi
370 1024 495 1053 nempe,
518 1021 680 1056 postquam
699 1016 880 1056 saepiuscule
894 1027 987 1047 cona-

267 1070 320 1095 tus
335 1071 413 1096 esset
427 1066 583 1106 progredi,
605 1072 636 1097 et
650 1077 681 1097 se
704 1067 816 1106 partim
837 1067 987 1098 ostendis-

268 1123 326 1154 set,
348 1117 476 1148 tandem
491 1117 601 1157 plenus
622 1125 653 1148 et
666 1118 786 1159 integer
808 1119 840 1148 in
863 1129 917 1149 ora
931 1120 986 1148 ho-

267 1167 393 1198 minum
403 1168 559 1208 prodierit.
585 1169 779 1200 Divinationi
793 1177 898 1200 tamen
910 1180 988 1200 meae

266 1219 351 1250 favet
366 1220 559 1259 Macrobius,
583 1221 646 1251 Sat.
657 1221 695 1251 vi.
715 1225 742 1252 1.
753 1222 806 1252 fin.
820 1232 919 1262 quum
934 1222 990 1251 hos

266 1280 374 1302 versus
389 1272 583 1313 Virgilianos
596 1273 782 1311 apposuerit,
807 1272 895 1313 quasi
912 1282 989 1313 quos

267 1323 308 1354 ad
330 1323 553 1354 Lucretianum
577 1323 816 1361 adumbraverit,
840 1323 914 1353 AEn.
937 1322 987 1354 vii.

265 1379 340 1406 636.
361 1386 430 1416 geo.
446 1376 464 1407 i.
481 1379 552 1407 508.

266 1474 360 1483 -—
368 1466 503 1496 recoquunt
513 1463 610 1495 patrios
612 1464 763 1495 fornacibus
774 1464 916 1493 ensis—:

266 1502 300 1527 Et
310 1509 400 1527 curvae
415 1502 524 1533 rigidum
530 1501 611 1532 falces
623 1508 835 1531 conrnx'run
845 1504 871 1528 in
882 1510 973 1528 ensem.

309 1586 383 1616 Ver.
413 1588 504 1618 1193.
532 1587 707 1618 obscenum:
731 1587 775 1618 sic
800 1587 988 1627 conspicitur

265 1636 299 1667 in
316 1637 469 1668 Macrobii
492 1637 512 1668 l.
536 1649 562 1669 c.
589 1638 697 1669 omnia
718 1644 824 1670 autem
847 1640 988 1679 exempla

264 1688 465 1728 Lucretiana,
480 1692 688 1730 obprobrium;
722 1691 787 1729 sed,
809 1702 910 1732 quum
932 1692 987 1722 illa

263 1752 323 1773 vox
338 1742 445 1774 minus
466 1744 606 1775 videatur
627 1746 758 1784 resipere
773 1746 984 1786 glossatorem,

263 1793 475 1833 accipiendam
492 1805 558 1825 esse
579 1795 744 1825 arbitratus
765 1807 844 1826 sum.
890 1797 987 1828 Po‘e'ta

262 1843 349 1880 dicit,
383 1847 406 1862 “
428 1844 541 1875 falcem
565 1847 711 1884 ahenam,
734 1852 770 1876 ut
794 1847 985 1879 instrumen-

262 1896 288 1913 “
304 1900 373 1925 tum
387 1895 532 1934 militare,
555 1896 589 1926 in
611 1896 848 1928 desuetudinem
864 1899 980 1935 abiisse,

264 1948 288 1966 “
303 1945 343 1976 ad
364 1957 440 1977 usus
464 1947 602 1987 magicos
624 1948 836 1978 conversam.”
882 1949 984 1980 Inter-

263 2004 364 2038 prctes
379 1999 457 2029 nihil
473 1999 624 2030 viderunt.
669 2001 758 2032 Hinc
780 2000 894 2040 pendet
916 2001 987 2032 Ho-

264 2049 370 2085 ratius,
393 2049 481 2088 epod.
497 2061 522 2080 v.
541 2054 590 2082 98.

295 2143 346 2166 Vos
359 2142 437 2166 turba
448 2142 570 2172 vicatim,
581 2142 643 2167 hinc
656 2145 683 2168 et
695 2143 756 2168 hinc
767 2143 838 2168 saxis
850 2146 955 2176 petens,

356 2181 512 2206 contundet
523 2182 637 2206 obscena:
647 2190 726 2207 anus:

262 2253 285 2284 i.
303 2263 330 2283 e.
350 2256 515 2296 veneficas,-
538 2260 575 2284 ut
598 2255 767 2285 Ascensius
788 2255 916 2295 pulchre
936 2255 985 2286 in·

263 2304 394 2335 tellexit.

307 2356 389 2386 Ibid.
410 2358 579 2396 obscenum,
606 2357 689 2397 apud
714 2358 924 2397 Macrobium,
948 2358 988 2390 vi.

265 2411 293 2438 1.
315 2414 347 2438 et
361 2409 498 2448 profecto
516 2410 558 2439 ita
572 2410 692 2449 scripsit
706 2409 879 2441 Lucretius.
909 2411 987 2441 Falx

263 2469 350 2489 aenea
374 2460 405 2489 in
430 2461 584 2491 obscenum
607 2471 703 2499 versa,
727 2461 811 2502 quod
834 2462 987 2501 ejusmodi

263 2509 394 2540 falcibus
409 2511 553 2542 veneficae
575 2512 682 2543 noxias
703 2513 813 2543 herbas
833 2515 986 2545 secabant.

266 2560 425 2602 Virgilius,
443 2564 516 2593 AEn.
533 2563 571 2594 iv.
587 2567 659 2595 513.

293 2643 405 2668 Falcilnu
417 2648 444 2669 et
456 2651 550 2670 messa:
566 2646 598 2670 ad
611 2646 702 2671 lunam
713 2650 874 2678 quaeruntur
883 2647 970 2673 ahenis

294 2683 424 2708 pubentes
434 2684 536 2715 herim,
547 2685 614 2716 nigri
626 2692 689 2710 curn
701 2685 771 2712 lacte
782 2687 888 2713 veneni.

266 2759 400 2791 Ovidius
414 2762 520 2800 etiam,
536 2770 608 2795 met.
623 2764 673 2795 vii.
689 2768 761 2796 227.

458 2846 485 2867 et
497 2843 591 2874 placiti
604 2846 701 2876 partlm
714 2846 802 2871 radice
813 2847 926 2877 revellit,

294 2879 391 2905 Partim
403 2881 517 2907 succidit
528 2885 685 2910 curvamine
687 2885 768 2916 salcis
780 2885 876 2911 ahenae.

1032 708 1084 738 Ita
1100 707 1275 747 Sophocles,
1290 712 1322 738 et
1335 706 1667 738 alii.—Br:nr1.mus.

1030 758 1131 789 Locos
1147 758 1306 798 Sophoclis
1322 768 1400 799 quos
1415 758 1519 788 innuit
1540 758 1586 788 vir
1607 758 1753 795 eximius,

1032 815 1105 839 sunt
1119 809 1232 840 fabulae
1245 810 1399 849 Ῥιζοτομοι
1421 809 1576 848 inscriptae
1590 809 1750 850 fragmen-

1031 866 1070 896 ta,
1095 860 1258 890 Macrobio
1283 865 1472 899 conservata,
1502 860 1537 890 in
1562 860 1623 892 Sat.
1647 870 1677 891 v.
1701 863 1751 892 19.

1030 911 1084 952 qui
1099 911 1250 942 videndus
1264 917 1319 942 est.

1075 964 1146 995 Ver.
1164 968 1255 996 1294.
1267 965 1356 1005 fi’rro
1373 965 1467 994 solum
1479 965 1672 1003 proscindere
1691 969 1753 994 ter-

1030 1025 1092 1046 rae:
1110 1014 1177 1045 redi
1188 1024 1247 1044 ver.
1265 1018 1336 1045 210.
1363 1014 1488 1050 Accius,
1503 1013 1588 1053 apud
1597 1013 1753 1052 Nonium,

1031 1066 1071 1096 iv.
1089 1068 1160 1096 427.

1030 1138 1120 1167 Facite,
1130 1140 1194 1162 ante
1199 1137 1330 1162 Auroram
1340 1136 1476 1161 radiorum
1484 1135 1619 1160 ardentum
1627 1135 1754 1166 indicem.

1032 1179 1162 1200 Insomnus
1174 1176 1200 1199 in
1211 1178 1330 1207 segetem
1341 1176 1450 1207 agrestis
1461 1178 1575 1200 cornutos
1587 1175 1651 1204 ciat,-

1032 1217 1070 1240 Ut
1081 1215 1217 1239 rorulentos
1228 1215 1383 1246 terrai'ferro
1394 1215 1465 1239 sinus

1032 1254 1209 1284 Proscindmt,
1218 1254 1360 1286 glebasque
1370 1261 1436 1280 arvo
1447 1254 1477 1279 de
1488 1255 1563 1280 molli
1573 1255 1709 1281 excitent.

1032 1329 1084 1360 Ita
1105 1340 1209 1360 versus
1231 1329 1300 1360 hice
1324 1329 1418 1370 longe
1443 1329 1687 1370 inquinatissimi
1707 1329 1753 1361 vi-

1032 1380 1146 1411 dentur
1161 1380 1355 1421 diffingendi.
1382 1380 1502 1421 VulgO,
1521 1383 1624 1420 Ferte,
1639 1382 1752 1412 arden-

1032 1438 1102 1470 tem,
1128 1434 1203 1463 Cum
1219 1443 1331 1468 somno,
1353 1437 1478 1462 cornulo
1493 1433 1600 1470 scient,
1616 1433 1754 1462 rorulen-

1033 1489 1080 1514 tas
1102 1489 1210 1519 terras,
1215 1484 1318 1524 fidas,
1343 1493 1387 1513 ex.
1430 1481 1583 1521 Lucilius,
1596 1481 1670 1513 ibid.
1682 1487 1754 1513 sect.

1033 1537 1105 1566 459.

1030 1607 1183 1639 Tunejugo
1191 1607 1287 1639 jungas
1299 1613 1343 1632 me
1353 1609 1449 1636 autem,
1461 1609 1488 1632 et
1500 1606 1643 1632 subcedere
1653 1609 1752 1637 aratro,

1030 1648 1162 1677 Invitum,
1178 1651 1206 1672 et
1213 1647 1296 1679 glebas
1307 1646 1410 1679 subigas
1418 1646 1575 1679 proscindere
1577 1647 1665 1679 serra!

1032 1721 1084 1752 Sic
1112 1721 1322 1760 scribendum,
1359 1731 1414 1761 pro
1442 1727 1522 1752 ante.
1579 1721 1758 1753 Lambinus

1029 1773 1125 1804 etiam
1140 1772 1226 1803 vidit.
1257 1773 1324 1804 Nec
1339 1773 1445 1803 minus
1460 1779 1531 1812 apte
1545 1771 1585 1803 de
1601 1772 1674 1802 navi
1691 1772 1754 1803 Ca-

1030 1824 1138 1863 tullus,
1162 1824 1225 1855 lxii.
1243 1827 1293 1855 12.

1151 1903 1214 1911 ——
1223 1894 1308 1915 rostro
1319 1892 1461 1915 ventosum
1471 1887 1590 1922 proscidit
1603 1895 1707 1921 aequor:

1029 1949 1114 1980 unde
1129 1950 1296 1991 Virgilius,
1319 1950 1373 1990 qui
1388 1949 1492 1989 plures
1506 1949 1649 1980 flosculos
1664 1950 1755 1981 istius

1029 2001 1175 2031 carminis
1200 2002 1234 2031 in
1254 2001 1395 2041 proprias
1417 2000 1535 2031 areolas
1565 2006 1752 2041 transporta-

1030 2051 1086 2090 vit,
1109 2062 1177 2092 geo.
1192 2052 1212 2082 i.
1229 2054 1279 2083 97.

1159 2124 1278 2158 proscisso
1293 2130 1355 2155 quae
1366 2123 1475 2149 suscitat
1485 2130 1586 2157 aequore
1595 2128 1712 2156 terga—.

1071 2194 1149 2225 Ver.
1172 2196 1266 2226 1295.
1287 2200 1376 2225 sunt:
1408 2194 1526 2225 omittit
1542 2194 1581 2224 V.
1597 2194 1752 2227 eci—cre-

1025 2248 1096 2286 peri
1103 2259 1113 2276 .·
1141 2250 1178 2276 Δ.
1201 2246 1288 2276 dubii
1293 2261 1304 2281 ,-
1328 2255 1364 2275 ex
1390 2244 1505 2285 glossa,
1527 2254 1600 2275 nam
1623 2245 1657 2275 in
1681 2256 1756 2277 voce

1031 2301 1142 2332 Festus
1156 2312 1311 2341 creperum
1327 2311 1382 2341 per
1395 2303 1519 2332 dubium
1537 2302 1756 2341 interpretatus

1032 2358 1095 2389 est;
1116 2358 1148 2382 et
1164 2351 1298 2389 Nonius,
1321 2351 1340 2381 i.
1355 2355 1406 2383 45.
1431 2356 1452 2370 “
1471 2355 1603 2393 Crepera
1621 2364 1669 2384 res
1684 2362 1754 2392 pro-

1031 2409 1055 2425 “
1077 2406 1144 2445 prie
1167 2405 1282 2436 dicitur
1302 2407 1408 2443 daban,-
1433 2406 1518 2437 unde
1541 2409 1754 2447 crepusculum

1030 2461 1054 2477 “
1069 2458 1183 2489 dicitur
1195 2459 1248 2488 luz·
1262 2459 1367 2495 dubim·
1387 2464 1418 2488 et
1431 2469 1514 2490 senes
1529 2462 1677 2499 decrepiti
1690 2459 1755 2489 dic-

1031 2512 1053 2528 “
1070 2510 1095 2539 ti
1120 2509 1154 2539 in
1175 2510 1268 2540 dubio
1283 2509 1354 2540 vitae
1377 2509 1547 2541 constituti.
1594 2513 1754 2550 Crepemm

1031 2563 1052 2579 “
1068 2562 1189 2599 bellum,
1224 2570 1337 2600 anceps
1362 2567 1394 2591 et
1416 2561 1579 2592 dubium.’'
1628 2560 1754 2592 Deinde

1028 2611 1167 2642 Lucretii
1192 2611 1379 2642 versiculum
1402 2611 1518 2648 laudat,
1549 2617 1580 2642 et
1608 2609 1754 2649 exempla

1027 2664 1110 2694 vocis
1124 2674 1161 2694 ex
1180 2663 1289 2702 Accio,
1303 2663 1452 2702 Pacuvio,
1469 2663 1600 2698 Lucilio,
1616 2667 1648 2692 et
1662 2662 1750 2692 Var-

1028 2724 1113 2750 rone,
1129 2714 1277 2754 congerit.
1324 2713 1490 2753 Apuleius‚
1506 2713 1547 2744 de
1563 2712 1623 2743 deo
1639 2713 1705 2743 Soc.
1722 2723 1751 2752 p.

1030 2768 1170 2796 695.—“
1193 2765 1287 2795 rebus
1322 2765 1453 2804 creperis
1490 2769 1522 2793 et
1557 2762 1751 2794 afflictis—J·

1032 2815 1121 2845 Hinc
1136 2824 1328 2846 correxeram
1346 2814 1516 2851 Avienum‚
1533 2814 1621 2844 Arat.
1636 2817 1709 2845 525.

1061 2899 1154 2909 ---
1163 2887 1266 2921 crepere?
1277 2891 1307 2913 ut
1318 2887 1371 2914 late
1382 2891 1505 2913 vomeret
1516 2887 1636 2913 convicia
1648 2893 1726 2912 voce:
