1926 3224
517 247 750 297 LIBER
801 245 1161 306 QUINTUS.

1488 254 1581 294 215

238 380 325 422 Nec
343 388 534 436 poterant
553 381 675 422 ullam
696 388 855 437 partem
878 379 1073 421 reducere
1091 391 1233 421 eorum
1240 396 1255 428 ;

234 454 489 512 Diffugiebat
508 456 618 496 enim
639 456 798 496 varium
817 466 947 511 genus
968 468 1091 495 omne
1109 454 1304 504 ferarum,

236 528 298 570 Ut
318 544 427 570 nunc
447 543 555 584 saepe
575 530 698 570 boves
721 527 864 577 Lucae,
886 527 994 568 ferro
1014 527 1120 568 male
1141 536 1302 578 mactae,

234 601 486 658 Diffugiunt,
508 601 594 642 fera
612 601 718 642 facta
738 599 818 640 suis
838 613 965 655 quom
985 599 1115 640 multa
1133 599 1295 640 dedere.

97 680 204 716 1340

293 676 335 717 Si
355 675 446 724 fuit,
469 683 514 715 ut
532 674 728 714 facerent:
760 673 830 714 sed
851 673 922 714 vix
942 671 1141 722 adducor,
1164 681 1210 713 ut
1230 680 1326 714 ante

236 749 333 790 Non
354 747 533 802 quierint
554 747 693 787 animo
713 748 967 802 praesentire,
999 754 1121 803 atque
1141 746 1295 797 videre,

237 821 376 870 Quam
397 835 602 863 conrnune
621 822 775 863 malum
796 821 912 864 fieret
931 821 1168 877 fedumque,
1189 820 1390 862 futurum:

237 895 293 936 Et
313 895 441 952 magis
464 895 506 936 id
527 896 656 950 possis
677 895 828 938 factum
851 895 1099 938 contendere
1119 895 1163 935 in
1184 895 1313 945 omni,

138 1051 218 1083 Ibid.
233 1062 252 1081 a
267 1053 367 1082 nervis
381 1052 508 1082 subcisa.
528 1050 628 1088 Idem,
644 1051 718 1082 ibid.
739 1055 812 1084 700.

489 1133 590 1165 poplite
600 1133 737 1158 Palmum·

141 1172 238 1198 sut-cim
250 1172 322 1197 volvi
332 1178 441 1204 segnem
455 1171 587 1196 sinit—.

139 1243 214 1273 Ver.
241 1247 332 1274 1552.
359 1245 540 1274 Concidere:
566 1246 665 1285 αθροως
693 1256 817 1275 ‹mm-ew.

95 1295 149 1331 Et,
173 1305 240 1325 rem
261 1301 427 1336 cognatam
456 1301 602 1333 tractans,
625 1295 664 1326 ad
690 1296 765 1326 AEn.
791 1306 818 1325 v.

95 1348 167 1376 444.
183 1351 285 1376 totum
301 1347 386 1376 hunc
404 1347 475 1376 Cari
492 1346 587 1376 nostri
603 1346 706 1377 locum
724 1348 818 1378 Man·

95 1401 211 1427 tuanus
234 1396 286 1426 ille
312 1403 377 1427 tam
405 1407 499 1428 sensu
525 1397 703 1437 demessuit,
726 1408 820 1439 quam

98 1457 254 1479 sermone:

259 1532 304 1557 ille
314 1532 400 1557 ictum
412 1533 567 1558 venientem
578 1540 594 1558 a
605 1534 707 1560 vertice
722 1535 805 1559 velox

95 1570 233 1601 Praevidit,
245 1571 377 1603 celerique
388 1571 489 1596 elabsus
501 1579 613 1604 corpore
624 1574 711 1598 cessit.

95 1610 215 1635 Entellus
225 1612 294 1636 vires
304 1611 331 1635 in
342 1616 453 1635 ventum
465 1611 559 1636 effudit
566 1620 575 1642 ς
593 1616 620 1637 et
632 1613 703 1638 ultro

97 1649 157 1681 Ipse
164 1651 270 1681 gravis,
279 1649 459 1682 graviterque,
470 1650 504 1674 ad
514 1654 608 1675 terram
618 1652 737 1683 pondere
747 1656 822 1677 vasto

97 1689 277 1714 Concidit—.

140 1759 221 1791 Ibid.
253 1767 367 1792 terram
382 1768 568 1794 consternere
583 1774 667 1794 casu.
706 1763 823 1794 Itidem

95 1822 233 1854 magnus
246 1813 300 1844 ille
314 1814 458 1845 conditor
474 1815 637 1852 AEne‘idos,
660 1815 713 1846 xii.
729 1818 801 1846 545.

127 1904 171 1929 Te
182 1911 290 1936 quoque
302 1907 448 1930 Laurentes
458 1906 595 1936 viderunt,
607 1906 699 1932 AEole!
717 1906 808 1938 campi

128 1945 272 1977 Obpetere‚
289 1949 317 1971 et
328 1946 382 1971 late
392 1949 486 1971 terram
496 1950 650 1972 consternere
660 1950 736 1979 tergo.

98 2024 160 2056 Sed
175 2025 254 2056 illud
268 2032 361 2066 tergo,
377 2026 420 2057 sic
436 2027 520 2057 nude
534 2027 681 2066 positum,
703 2026 821 2057 humile

95 2082 152 2113 est,
186 2087 244 2107 nec
273 2077 390 2108 artifice
420 2083 508 2108 tanto
539 2078 688 2117 dignum;
722 2078 816 2114 uude,

95 2136 195 2167 quum
210 2128 298 2158 codd.
314 2129 481 2159 exhibeant
495 2129 590 2159 etiam
603 2132 680 2168 lato,
700 2138 731 2159 et
754 2130 818 2159 Ve-

96 2184 187 2208 netus
211 2185 314 2218 terroe,
336 2191 377 2210 ne
402 2180 534 2219 dubites,
561 2181 639 2221 quin
666 2180 822 2220 antiquior

97 2230 318 2270 orthographia
339 2232 528 2272 corruptelas
546 2232 770 2272 importaverit,
792 2236 823 2262 et

99 2279 254 2320 Virgilius
268 2280 402 2313 dederit:

323 2358 350 2379 et
361 2355 438 2379 Iatom
448 2358 522 2380 terrae
532 2358 685 2380 consternere
694 2358 796 2387 tergum.

99 2421 188 2452 Nihil
204 2421 273 2452 loco
288 2423 491 2461 commodius,
518 2424 598 2454 nihil
620 2424 742 2460 certius,
766 2425 823 2454 hac

97 2476 318 2507 emendatione
333 2478 461 2508 scilicet:
488 2478 595 2508 confer
609 2486 762 2516 nostrum,
783 2478 822 2509 vi.

98 2530 172 2559 559.
194 2528 284 2568 Virg.
311 2539 379 2569 geo.
406 2529 425 2559 i.
452 2532 524 2560 492.
549 2529 588 2559 iv.
612 2532 683 2560 522.
699 2535 741 2567 et,
762 2528 823 2558 nisi

97 2578 200 2618 fallar,
216 2578 312 2609 lector
326 2579 424 2610 laute!
453 2584 483 2609 te
495 2579 657 2609 habiturus
671 2589 742 2609 sum
757 2579 822 2609 suf-

98 2630 296 2671 fragatorem.
343 2630 633 2671 Exquisitissimum
661 2631 824 2671 poetarum

99 2691 222 2713 :morem
236 2682 387 2714 divinatio
403 2693 473 2713 mea
488 2683 602 2722 resipit.

143 2733 220 2765 Ver.
238 2738 328 2766 1555.
352 2737 404 2765 Si:
431 2734 563 2765 editores
578 2733 727 2770 Lucretii,
749 2743 827 2775 gens

98 2786 206 2817 odiosa
220 2792 252 2818 et
265 2786 398 2824 inficetis,
421 2786 460 2817 de
473 2796 531 2817 suo
552 2786 746 2817 intruserunt
766 2788 828 2824 Sic,

99 2847 175 2868 cum
188 2838 355 2879 postposita
373 2839 570 2869 distinctione
579 2850 588 2877 ;
611 2848 674 2879 quo
687 2837 763 2879 quid
778 2843 823 2868 te·

101 2890 272 2921 mei-arium
306 2891 418 2932 magis,
455 2889 691 2931 insulsumque?
729 2890 825 2920 Hanc

100 2947 220 2980 tamen,
242 2948 273 2972 et
297 2943 372 2973 alias
395 2943 490 2983 longe
512 2942 705 2982 turpissimas
726 2940 825 2982 poetae

144 2999 235 3031 Vox..
256 3001 326 3032 III.

858 1052 974 1082 summi
989 1050 1238 1090 depravationes,
1256 1050 1295 1080 de
1307 1049 1412 1080 codice
1421 1049 1499 1080 nihil
1514 1060 1582 1081 mo-

859 1114 950 1142 nens,
973 1103 1100 1133 editoris
1113 1102 1368 1132 Vindobonensis
1379 1102 1518 1132 socordia
1529 1113 1583 1142 pa-

859 1154 1044 1185 tientissime
1058 1154 1149 1184 nobis
1170 1153 1362 1193 propagavit.

901 1206 977 1236 Ver.
996 1209 1086 1236 1554.
1109 1207 1261 1245 agundis:
1279 1204 1323 1235 sic
1338 1203 1470 1234 fideliter
1483 1209 1587 1235 vetera

860 1257 1014 1297 exempla,
1036 1267 1100 1287 non
1115 1259 1256 1297 agendis,·
1281 1262 1321 1287 Π.
1336 1258 1485 1297 angustis.

907 1309 987 1340 Ibid.
1010 1309 1238 1350 quervescere:
1262 1308 1282 1339 i.
1297 1318 1323 1339 e.
1346 1308 1484 1338 nativam
1506 1307 1587 1338 fero-

864 1360 946 1391 ciam
962 1359 1103 1390 ebullire.
1141 1360 1186 1390 Et
1199 1364 1308 1390 contra
1322 1358 1417 1389 libros
1431 1358 1590 1397 nonnulli,

866 1411 1071 1453 Effervz'scere.

907 1462 982 1492 Ver.
1003 1464 1094 1492 1356.
1117 1462 1276 1493 reducere:
1313 1460 1350 1492 P.
1378 1467 1421 1492 Π.
1448 1468 1493 1493 Ω..
1517 1463 1587 1492 red-

865 1516 983 1546 ducere.

907 1566 982 1598 Ver.
999 1569 1092 1597 1337.
1115 1567 1236 1596 varium
1248 1575 1344 1604 genus
1358 1574 1453 1595 omne.
1478 1564 1590 1605 Apage

865 1626 960 1658 ocyus
990 1627 1009 1647 a
1037 1615 1226 1646 nitidissimo
1256 1614 1347 1655 po'e'ta
1375 1615 1456 1645 hanc
1483 1615 1590 1645 fedam

865 1667 1093 1699 scabitudinem
1131 1666 1291 1698 orationis:
1332 1671 1363 1696 et
1398 1663 1591 1697 verissimam

865 1721 1049 1760 scripturam
1071 1720 1178 1759 redde,
1207 1730 1245 1751 ex
1270 1718 1447 1750 indubitata
1471 1724 1591 1749 correc-

866 1772 965 1803 tione:

865 1841 1027 1873 Diffugiebat
1040 1841 1112 1866 enim
1124 1839 1235 1865 variam
1246 1845 1329 1871 genus
1339 1844 1422 1863 omne
1424 1838 1544 1870 ferorum
1553 1847 1563 1864 .·

865 1907 886 1938 i.
904 1918 931 1938 e.
958 1910 981 1925 “
995 1916 1096 1947 genus
1119 1915 1215 1936 omne
1239 1904 1395 1935 variarum
1412 1902 1592 1934 ferarum:”

866 1958 920 1989 sed
935 1957 1015 1988 illud
1019 1957 1162 1999 ferorum
1179 1955 1284 1995 paullo
1298 1955 1398 1986 rarius
1407 1955 1548 1986 librarios
1558 1954 1593 1985 in

865 2020 1004 2041 errorem
1028 2007 1123 2040 facile
1146 2008 1326 2044 induceret;
1358 2005 1410 2036 adi
1436 2006 1593 2044 Nonium,

864 2063 902 2093 ἰν.
930 2066 999 2094 198.
1022 2061 1148 2091 Tritum
1172 2066 1226 2090 est.
1265 2057 1415 2088 Similiter
1440 2057 1594 2088 fluctuant

864 2114 934 2144 libri
960 2112 999 2143 ad
1023 2112 1114 2152 Virg.
1146 2111 1221 2141 AEn.
1250 2109 1300 2140 vii.
1325 2113 1395 2140 459.
1443 2108 1594 2139 Conferas

865 2172 971 2196 autem
987 2165 1079 2204 Virg.
1104 2173 1172 2204 geu.
1193 2162 1235 2192 iii.
1263 2165 1334 2191 242.
1358 2161 1432 2190 AEn.
1456 2160 1494 2190 vi.
1521 2162 1593 2191 285.

866 2218 924 2247 Me
937 2216 1036 2252 docti,
1057 2221 1094 2245 ut
1115 2223 1263 2253 auguror,
1286 2211 1487 2249 incusabunt,
1509 2210 1594 2251 quod

865 2269 945 2298 hanc
960 2267 1173 2307 conjecturam
1195 2263 1339 2294 timidule
1361 2262 1521 2292 vitaverim
1535 2261 1592 2292 ad-

865 2319 988 2349 mittere
1003 2318 1037 2347 in
1054 2315 1194 2347 Lucretii
1209 2321 1400 2346 contextum.

911 2371 985 2401 Ver.
1003 2368 1187 2409 1558.fi:rro
1204 2369 1282 2398 male
1297 2371 1423 2398 mactae:
1448 2364 1469 2396 i.
1483 2374 1510 2395 e.
1525 2372 1593 2394 ma'-

866 2421 896 2454 le
911 2422 1034 2453 habitae.
1075 2420 1125 2451 Sic
1140 2422 1252 2451 virtute
1267 2424 1396 2456 mactus,
1412 2413 1497 2456 apud
1512 2416 1592 2446 Put-

865 2474 941 2505 schii
956 2472 1189 2514 grammaticos,
1212 2481 1241 2510 p.
1259 2473 1350 2501 1750.
1373 2471 1442 2500 vino
1463 2473 1595 2506 mactus,

865 2527 906 2558 ad
923 2526 1057 2557 Arnobii
1080 2526 1132 2556 lib.
1155 2525 1206 2555 vii.
1221 2535 1251 2564 p.
1267 2527 1339 2554 256.
1363 2528 1456 2563 atque
1479 2519 1596 2552 similia

866 2579 1028 2609 nonnulla.
1073 2577 1161 2608 Dicit
1177 2582 1284 2607 autem
1299 2575 1476 2612 Lucretius,
1500 2576 1523 2591 “
1538 2566 1596 2602 has

869 2633 891 2649 “
907 2630 999 2667 feras,
1021 2630 1089 2670 jam
1104 2626 1159 2659 diu
1174 2629 1267 2658 rebus
1281 2625 1467 2656 militaribus
1483 2625 1595 2656 desue-

869 2685 891 2700 “
907 2687 962 2717 tas,
986 2680 1103 2711 caedem
1125 2679 1335 2719 promiscuam
1361 2676 1439 2707 olim
1461 2675 1594 2714 dedisse,

867 2735 891 2752 “
907 2741 972 2763 non
996 2731 1097 2772 magis
1121 2729 1198 2768 suis,
1226 2738 1322 2770 quam
1349 2724 1498 2763 hostibus,
1523 2737 1596 2767 par.

870 2787 893 2803 “
908 2789 1027 2821 ceuoes;
1050 2787 1088 2812 ut
1101 2782 1257 2822 hodieque
1271 2780 1451 2820 'elephantes
1466 2779 1500 2809 in
1514 2789 1594 2818 prae-

871 2835 954 2865 “lio
975 2834 1127 2865 vulnerati
1151 2838 1268 2874 strages
1292 2836 1420 2862 mutuas
1441 2830 1595 2869 inferunt,

868 2890 891 2906 ‘⁸
906 2893 939 2918 et
952 2885 1137 2917 tumultus*
1162 2886 1243 2922 Quae
1257 2884 1331 2915 lioet
1343 2883 1406 2914 sint
1419 2882 1514 2923 longe
1525 2892 1597 2912 ma·

868 2939 1077 2978 mestissima,
1092 2938 1186 2971 multi
1197 2938 1306 2970 locum
1320 2933 1595 2969 intellexerunt-de

841 3000 870 3031 P
