1926 3224
279 244 374 283 388

777 236 836 284 T.
896 234 1279 283 LUCRETII
1326 247 1329 251 ’

279 368 389 406 1200
419 367 507 408 Aut
526 366 649 408 etiam
668 364 819 406 multus
838 365 982 419 capitis
1001 379 1096 406 cum
1116 379 1225 420 saepe
1244 365 1387 407 dolore

419 440 657 494 Conruptus
677 438 841 495 sanguis
867 437 1040 493 expletis
1060 438 1226 480 naribus
1245 438 1351 488 ibat;

419 514 521 555 Huc
540 512 721 553 hominis
740 519 839 553 totae
859 512 979 562 vires,
1000 526 1228 567 corpusque
1247 512 1412 554 fluebat.

477 586 729 627 Profluvium
749 600 876 641 porro
895 586 965 641 qui
985 587 1080 627 tetri
1101 587 1312 643 sanguinis
1332 601 1426 628 acre

418 660 606 711 Exierat,
629 668 766 702 tamen
787 661 831 701 in
851 675 998 702 nervos
1017 660 1113 701 huic
1133 660 1301 702 morbus
1322 668 1363 701 et
1382 668 1493 702 artus

279 738 385 776 1205
417 734 524 783 Ibat,
547 743 587 774 et
608 733 651 774 in
671 735 820 788 parteis
840 734 1050 791 genitaleis
1070 735 1252 788 corporis
1272 735 1394 789 ipsas:

417 807 475 849 Et
493 807 671 863 graviter
689 807 839 862 partim
861 816 1088 849 metuentes
1109 808 1250 848 limina
1269 807 1338 848 leti

417 881 636 932 Vivebant,
657 880 768 922 ferro
789 882 960 937 privatei
980 890 1096 938 parte
1116 881 1219 923 virili
1225 900 1239 932 3

271 1035 372 1068 Plura
384 1035 490 1067 videas
510 1036 544 1067 in
562 1036 633 1068 Silv.
651 1037 728 1068 Crit.
746 1037 785 1069 iv.
807 1049 857 1079 pp.
880 1042 931 1070 58.
947 1043 998 1072 59.

274 1090 326 1118 40.

315 1139 392 1169 Ver.
410 1142 499 1171 1197.
523 1142 636 1170 vitarat
644 1152 655 1171 .·
680 1141 727 1171 M.
750 1142 859 1172 vitaret
867 1157 878 1178 ,-
907 1148 943 1172 ut
963 1141 997 1171 in

270 1188 319 1219 his
333 1190 524 1229 temporibus
537 1191 766 1221 commutandis
789 1191 936 1232 frequens
952 1197 998 1221 est

270 1240 442 1271 scribarum
459 1242 622 1272 aberratio.

314 1291 398 1322 Ibid.
410 1288 530 1333 funera
550 1292 612 1323 leti.
644 1291 744 1322 Haud
766 1290 900 1321 absimili
923 1302 996 1322 cum

271 1342 362 1383 copia
377 1343 530 1373 sermonis
544 1343 671 1380 Seneca,
688 1341 819 1381 Hippol.
840 1346 930 1373 1214.

301 1430 366 1455 Bina
379 1434 410 1454 ut
422 1430 542 1455 viderem
548 1429 661 1461 funera,
672 1432 700 1455 et
710 1430 848 1462 geminam
860 1437 953 1456 necem.

269 1512 350 1549 Nisi,
372 1522 429 1552 pro
447 1512 580 1553 funera,
611 1513 844 1544 rescribendum
867 1514 906 1544 sit
928 1516 994 1545 vul·

267 1575 360 1601 ner-a,-
385 1575 462 1605 quas
486 1575 574 1595 voces
599 1575 680 1604 saepe
703 1565 809 1596 scribae
830 1567 995 1596 conturba-

268 1621 355 1646 runt:
383 1615 487 1645 videas
503 1616 592 1656 Virg.
610 1616 685 1646 AEn.
700 1615 720 1646 i.
735 1619 786 1647 36.
802 1617 865 1646 viii.
881 1620 997 1647 585.—

268 1667 352 1697 Haec
373 1672 479 1697 autem
503 1667 667 1697 Lucretius
689 1677 790 1706 presse
813 1679 849 1698 ex
867 1668 993 1708 Thucy-

267 1717 340 1749 dide
355 1719 388 1748 in
405 1719 544 1758 proprias
565 1720 686 1749 chartas
701 1720 948 1756 transtulitt—n,
976 1734 995 1751 ει

266 1769 436 1810 διαιφυγοιεν,
460 1783 657 1805 εστικατιοντας
674 1783 712 1802 τε
727 1784 883 1811 wenstan-03
902 1785 927 1806 ες
945 1785 996 1805 την

267 1829 390 1861 κοιλιην,
413 1837 463 1854 και
480 1824 624 1858 ἓλκωσεως
649 1837 681 1854 τε
703 1838 779 1866 aurp
801 1837 922 1866 ισχυρας
945 1838 995 1864 vy·

267 1886 448 1914 γιγνομένης,
470 1889 520 1905 και
546 1873 678 1916 διαρροιας
701 1876 769 1915 ἅμα
792 1888 908 1917 ακρατε
934 1889 994 1906 επι-

269 1937 430 1963 mae‘rwm,
455 1927 479 1956 οἱ
495 1933 601 1957 πολλοι
619 1927 728 1968 ἴηνα-ερον
750 1926 795 1957 δια
810 1940 861 1959 την
876 1930 992 1958 auberet-

268 1989 303 2006 αν
318 1975 511 2017 διεφὸειροντο.

309 2027 386 2057 Ver.
400 2031 430 2057 11
439 2031 490 2059 98.
511 2029 696 2059 Visceribus:
710 2028 995 2069 Lambinus,quem

267 2078 360 2109 multi
376 2078 508 2109 editores
523 2080 748 2117 auscultavere,
769 2087 879 2111 contra
902 2080 995 2110 libros

266 2129 446 2168 importavit
482 2131 643 2161 Ulceribus
649 2145 660 2167 ;
699 2131 845 2161 audacter
874 2137 906 2161 et
928 2132 995 2162 sine

265 2180 523 2212 caussa—tetra:
542 2182 640 2212 Vind.
659 2182 696 2212 V.
713 2182 761 2213 ed.
779 2189 813 2214 Δ.
833 2188 866 2215 Σ.
881 2186 992 2223 nigris,-

265 2232 353 2263 unde
374 2233 459 2263 haud
480 2233 589 2273 dubia,
612 2240 648 2264 ut
671 2244 751 2273 reor,
775 2235 994 2266 emendatione

266 2284 483 2324 castigaverim
491 2297 500 2315 ι

599 2370 627 2391 et
638 2366 706 2399 nigri
717 2367 838 2399 proluvie
852 2367 920 2392 alvi:

265 2437 352 2479 quod
368 2451 582 2481 ποιητικωτερον
597 2445 654 2477 est,
676 2445 709 2470 et
722 2439 883 2470 eruditius.
920 2439 993 2471 Cel-

266 2499 329 2525 sus,
359 2489 390 2519 ii.
414 2494 442 2521 8.
472 2490 524 2521 fin.
557 2494 582 2509 “
597 2492 693 2522 Alvus
718 2494 821 2531 nigra,
845 2492 993 2533 sanguini

266 2544 290 2559 “
306 2547 373 2572 atro
389 2541 732 2582 similis,—perniciosa
747 2543 824 2574 est.''
849 2544 929 2574 Haec
944 2554 992 2574 re-

266 2593 388 2623 stitutio
403 2593 436 2623 in
452 2600 646 2632 contextum,
670 2595 729 2625 nisi
745 2595 848 2633 fallor,
871 2595 995 2626 admitti

267 2643 541 2682 debuit—Porro,
557 2656 646 2677 voces
651 2649 790 2687 proluvie
805 2649 868 2678 alvi
883 2648 996 2678 absunt

267 2707 288 2727 a
301 2698 407 2729 codice
423 2704 458 2729 Δ.

312 2748 393 2779 Ibid.
424 2751 603 2790 Visceribus,
631 2752 769 2791 proluvie
794 2753 864 2783 alvi.
888 2753 993 2782 Amo-

266 2797 350 2836 bius,
364 2799 416 2830 lib.
430 2800 468 2831 iv.
483 2811 512 2840 p.
531 2805 602 2832 142.
626 2805 648 2820 “
667 2803 774 2838 cutes»,
796 2805 923 2841 viscera,
945 2803 992 2843 pi-

266 2853 291 2869 “
306 2850 396 2888 tuna,
418 2858 510 2892 atque
526 2854 630 2884 omnis
644 2854 699 2885 illa
708 2856 862 2894 proluvies
875 2857 993 2887 intesti-

267 2900 290 2920 “
305 2912 413 2934 norum
429 2903 487 2934 sub
501 2903 670 2936 involueris
685 2905 927 2937 constituta-.''

1085 1039 1160 1069 Ver.
1184 1042 1274 1070 1199.
1298 1040 1398 1068 tabes:
1427 1037 1466 1067 O.
1486 1041 1522 1067 Δ.
1547 1042 1582 1068 Σ.
1604 1039 1697 1076 tales,·
1722 1045 1767 1071 Ω..

1041 1091 1131 1124 talern-
1175 1089 1228 1118 sed
1258 1098 1320 1118 orae
1359 1087 1476 1118 codicis
1501 1088 1691 1128 adscriptum
1722 1096 1768 1121 est

1041 1143 1125 1171 tales.
1752 1177 1758 1181 ,

1087 1188 1166 1221 Ibid.
1199 1192 1280 1222 tabes
1304 1191 1475 1231 letumque:
1511 1191 1530 1221 i.
1561 1201 1588 1222 e.
1617 1193 1709 1223 letum
1731 1204 1767 1224 ez·

1040 1244 1127 1279 tabe;
1151 1241 1228 1272 adeo
1243 1247 1285 1278 ut,
1309 1241 1335 1272 si
1358 1250 1491 1272 mortem
1507 1249 1703 1282 properatam
1718 1244 1766 1275 ef-

1039 1293 1196 1333 fugerent,
1220 1295 1411 1324 tabescerent
1433 1294 1543 1324 saltem
1562 1300 1655 1335 atque
1669 1289 1769 1327 macie

1039 1351 1298 1376 consumerentur
1313 1344 1483 1382 exinaniti;
1500 1347 1550 1386 (ut
1561 1356 1635 1376 cum
1653 1347 1768 1378 Orosio

1039 1397 1159 1438 loquar,
1193 1396 1329 1427 similem
1359 1397 1521 1427 materiam
1551 1398 1698 1438 agitante,
1731 1398 1767 1430 in

1040 1448 1108 1478 hist.
1134 1448 1176 1478 iii.
1203 1448 1248 1489 4.)
1272 1449 1452 1487 corporibus
1474 1447 1636 1487 paullatim
1667 1444 1766 1481 defluss

1039 1500 1173 1538 entibus,
1189 1505 1220 1530 et
1235 1500 1361 1530 amissis
1401 1500 1500 1538 Hinc,
1517 1502 1612 1539 probe
1624 1501 1767 1532 conscius

1041 1561 1132 1589 opere
1163 1557 1281 1591 quanto
1318 1551 1520 1582 Lucretianas
1553 1553 1678 1591 phrases
1707 1551 1768 1583 sibi

1041 1602 1207 1640 sumpserit
1236 1601 1430 1642 effingendas
1459 1602 1627 1644 Virgilius,
1657 1609 1766 1643 sponte

1040 1653 1278 1683 emendaveram
1293 1654 1416 1692 po'e'tam
1432 1653 1616 1691 maximum,
1633 1654 1673 1685 ad
1690 1655 1765 1686 AEn.

1039 1705 1078 1734 vi.
1094 1708 1165 1734 442.
1184 1715 1284 1745 neque
1301 1705 1391 1735 aliter
1406 1705 1544 1736 exhiberi
1559 1706 1679 1746 scriptis
1693 1706 1765 1747 qui·

1038 1755 1169 1785 busdam
1185 1755 1383 1795 postmodum
1399 1755 1518 1786 inveni:

1173 1844 1239 1869 quos
1251 1837 1332 1862 durus
1342 1844 1419 1862 amor
1431 1838 1535 1864 crudeli
1544 1838 1601 1863 tabe
1609 1839 1730 1871 perenm.-
1755 1873 1757 1875 Ι

1039 1908 1060 1939 i.
1077 1919 1103 1938 e.
1125 1910 1221 1939 tabem
1241 1911 1391 1949 letumque
1414 1909 1476 1939 illis
1499 1909 1610 1940 attulit.
1645 1909 1764 1951 Vulgo,

1211 1961 1271 1991 Sed
1287 1961 1516 2000 suspicionibus
1537 1962 1616 1992 meis
1637 1963 1766 2002 insuper

1038 2012 1226 2051 suffragatur
1245 2012 1371 2052 Virgilii
1387 2013 1516 2043 sedulus
1531 2013 1678 2052 imitator,
1701 2014 1765 2045 Ta-

1038 2063 1127 2098 citus,
1156 2073 1227 2092 ann.
1254 2063 1273 2092 i.
1300 2067 1417 2093 55.—“
1432 2064 1600 2102 imperium
1623 2064 1764 2104 adeptus,

1039 2118 1061 2132 “
1079 2114 1238 2156 (Tiberius
1252 2115 1275 2146 J
1278 2114 1391 2154 uliam)
1409 2121 1574 2151 extorrem,
1597 2115 1761 2154 infamem,

1039 2169 1061 2184 “
1077 2166 1254 2196 et-—omuis
1268 2166 1331 2205 spei
1348 2176 1493 2206 egenam,
1523 2168 1613 2208 (AEn.
1636 2168 1655 2197 i.
1672 2167 1762 2208 599.)

1039 2220 1061 2234 “
1077 2216 1182 2255 inopia
1199 2227 1234 2246 ac
1249 2219 1314 2247 eabe
1331 2217 1575 2257 longajter·en1z't;
1599 2219 1762 2248 obscuram

1039 2271 1063 2286 “
1078 2268 1144 2298 fore
1160 2278 1270 2298 necem
1285 2268 1514 2309 longinquitate
1529 2269 1627 2299 exsilii
1644 2269 1762 2301 ratus.”

1080 2328 1156 2359 Ver.
1189 2332 1282 2360 1200.
1318 2330 1438 2360 multus.
1483 2329 1580 2370 Lego,
1617 2332 1720 2361 multo.

1534 2383 1760 2416 Bzurnms.

1038 2434 1135 2465 Male.
1182 2435 1378 2476 Conjecturae
1406 2434 1484 2465 tales
1505 2435 1538 2464 in
1569 2434 1696 2474 proclivi
1714 2434 1765 2475 ja-

1037 2493 1122 2524 cent;
1147 2486 1249 2517 sedin
1270 2486 1451 2516 Lucretium
1473 2496 1598 2525 prorsus
1621 2485 1763 2528 απροςδιο-

1038 2552 1120 2573 νυσως
1137 2539 1357 2579 prodiguntur,
1380 2539 1433 2578 qui
1449 2549 1524 2568 sane
1539 2538 1580 2568 ad
1593 2538 1765 2569 limatiores

1039 2590 1163 2630 regulas
1191 2591 1391 2630 sequentium
1423 2590 1606 2629 scriptorum
1632 2599 1696 2620 nou
1719 2594 1764 2620 est

1032 1963 1161 1999 peredit.

1039 2641 1213 2682 exigendus
1227 2648 1334 2672 contra
1348 2642 1498 2672 librorum
1519 2641 1623 2671 fidem.
1662 2641 1761 2671 Caete-

1038 2702 1122 2729 rum,
1145 2692 1189 2722 ita
1202 2692 1413 2733 Thucydides,
1428 2692 1448 2722 l.
1465 2691 1628 2734 οἰκ-διεξῃει
1645 2704 1702 2733 ’γαρ
1717 2689 1763 2721 δια

1039 2755 1146 2777 παντως
1164 2755 1202 2774 τε
1217 2756 1363 2783 σωματος,
1387 2746 1484 2774 ambo
1506 2745 1664 2782 αρξιιμενον,
1687 2755 1721 2772 ¹2¹0
1737 2754 1763 2773 t»

1040 2807 1076 2836 ‘1⁶22
1093 2801 1209 2837 κεφαλῇ
1225 2808 1333 2836 YW‘FOY
1348 2795 1444 2837 “seve‘'
1461 2808 1601 2825 „alal—-

1081 2853 1155 2884 Ver.
1182 2857 1274 2884 1201.
1296 2856 1434 2894 eaepletis:
1467 2853 1511 2883 ita
1533 2852 1568 2882 P.
1593 2851 1689 2882 vind.
1714 2851 1760 2882 V.

1038 2904 1086 2936 ed.
1103 2906 1141 2937 B.
1154 2905 1194 2937 Ο.
1208 2906 1248 2942 (ἐξ,
1258 2910 1293 2938 Δ.
1307 2911 1342 2938 Σ.
1359 2911 1403 2937 Ω.
1418 2914 1520 2946 neque
1534 2903 1676 2944 prohibet
1690 2903 1761 2934 Ho-
