1926 3224
572 237 807 286 LIBER
855 234 1157 284 SEXTUS.

1509 240 1604 282 295

260 371 390 422 Quod
408 371 553 428 magis,
575 370 627 411 ad
649 369 792 411 nubeis
811 367 1034 426 augendas,
1055 365 1185 408 multa
1201 364 1393 407 videntur

262 445 388 487 Posse
407 460 570 502 quoque
589 460 612 486 e
632 444 734 485 salso
754 457 999 499 consurgere
1019 441 1202 482 momine
1221 440 1353 496 ponti:

260 519 372 561 Nam
391 520 496 560 ratio
516 517 819 574 consanguinea
837 523 898 556 est
917 514 1158 555 humoribus
1178 515 1325 556 omnis.

150 594 232 635 475

322 593 541 642 Praeterea,
562 591 695 632 fluviis
715 603 767 629 ex
786 588 992 637 omnibus,
1014 595 1056 628 et
1076 587 1196 628 simul
1214 587 1301 642 ipsa¹

263 668 440 723 Surgere
459 666 512 706 de
530 663 637 705 terra
659 661 843 711 nebulas,
865 668 1108 716 aestumque,
1129 660 1332 710 videmus;

267 741 390 790 Quae,
412 738 520 780 velut
538 737 701 788 halitus,
722 736 821 778 hinc
838 736 897 777 ita
915 750 1075 777 sursum
1095 749 1286 791 expressa
1304 733 1506 785 feruntur,

261 812 605 867 Subfunduntque
625 810 696 852 sufi
717 810 866 852 coelum
887 809 1080 867 caligine,
1102 817 1143 851 et
1163 809 1263 851 altas

259 885 492 929 Subficiunt
510 885 655 927 nubeis
674 885 885 940 paullatim
905 884 1213 926 conveniundo:

115 1054 203 1082 catus
222 1055 277 1081 est.
321 1049 441 1080 Manus
455 1054 574 1080 vetusta
588 1059 644 1089 pro
658 1048 841 1088 interpreta-

116 1101 203 1132 tione
218 1101 252 1131 in
266 1100 333 1131 cod.
351 1107 396 1131 Ω..
418 1100 632 1139 superscripsit
646 1105 729 1130 motu
744 1111 842 1140 aqua».

118 1152 220 1183 Sensu
234 1151 418 1183 secundario
431 1162 546 1182 momen
562 1156 621 1181 stat
635 1161 691 1190 pro
697 1153 841 1191 pondere,-

117 1206 160 1236 ob
173 1205 326 1245 majorem
348 1204 594 1240 inclinationem,
617 1213 713 1244 quam
734 1214 846 1242 corpus

119 1257 336 1297 ponderosius,
359 1256 486 1286 brachio
507 1256 637 1286 bilancis
661 1265 847 1295 appensum,

118 1308 202 1339 facit.
246 1309 336 1339 Hinc
354 1308 457 1348 glossa
470 1318 576 1338 veram
591 1306 775 1346 scripturam
791 1317 844 1337 ex-

117 1359 202 1401 pulit
215 1360 255 1391 ad
273 1360 391 1398 Ovidii,
413 1359 584 1390 doctissimi
600 1359 688 1397 vatis,
704 1359 790 1399 epist.
807 1369 845 1389 ex

119 1411 236 1450 Ponto,
266 1411 306 1442 iv.
333 1415 382 1442 10.
409 1415 458 1442 64.
493 1411 536 1440 sic
566 1410 721 1451 quantivis
753 1406 844 1450 pretii

121 1462 339 1493 emendatione
354 1462 584 1502 corrigendam:

136 1560 246 1585 Innatat
255 1559 328 1583 unda
338 1559 409 1584 freto
420 1559 514 1589 dulcis,
531 1558 670 1590 leviorque
680 1558 783 1583 marina
794 1562 846 1588 est,

166 1600 237 1632 Quae
249 1599 387 1632 proprium
398 1599 488 1624 mixto
498 1600 532 1624 de
542 1599 595 1624 sale
605 1606 700 1624 momen
712 1599 803 1624 habet.

120 1677 185 1710 Edi
212 1678 291 1709 solet
313 1681 450 1719 pondus5
471 1679 526 1709 sed
559 1678 698 1719 quinque
727 1678 849 1708 codices

119 1728 198 1761 dant
211 1740 336 1761 nomen.-
362 1729 446 1760 unde
468 1729 594 1769 ponitur
616 1735 704 1760 extra
724 1735 848 1760 contro-

120 1779 227 1811 versiae
242 1779 320 1811 fines
334 1786 439 1811 nostra
454 1779 613 1811 divinatio.
642 1781 760 1812 Confer
774 1779 848 1811 ibid.

121 1834 172 1862 15.
188 1835 239 1863 49.

163 1890 240 1921 Ver.
263 1894 335 1922 474.
366 1893 592 1931 consanguinea
615 1897 676 1923 est:
710 1891 750 1922 P.
778 1901 847 1922 cum

119 1945 272 1982 sanguine
296 1945 397 1981 adest5
421 1943 520 1974 Vind.
545 1943 585 1974 Ο.
607 1954 677 1974 cum
699 1945 849 1983 sanguine

120 1996 214 2032 abest;
238 1995 280 2026 V.
295 1995 343 2027 ed.
361 2000 400 2027 Δ.
418 2007 489 2028 cum
504 1998 654 2036 sanguine
668 1997 722 2034 aln-
746 1996 784 2026 L.
800 1996 849 2026 M.

120 2049 376 2087 consanguineas,
397 2053 491 2087 atque
517 2047 660 2078 similiter
683 2052 718 2080 Σ.
740 2058 796 2078 con
819 2053 850 2077 et

121 2108 191 2130 cum
206 2098 332 2139 syllabis
346 2099 461 2138 passim
475 2098 626 2138 confusis,
640 2111 709 2130 cum
721 2101 848 2139 sangui-

120 2159 207 2180 neas.-
231 2160 302 2190 quae
323 2156 449 2190 peccata
471 2150 561 2182 facile
583 2156 793 2190 provenerunt
811 2160 850 2181 ex

121 2201 355 2241 compendiaria
386 2202 537 2242 scriptura
570 2205 846 2243 consanguineast.-

125 2257 172 2284 Ω..
194 2262 263 2282 cum
285 2255 436 2293 sanguine
451 2255 489 2284 ab
503 2255 787 2285 est.—lzumoribus.·
813 2253 850 2284 L.

123 2301 174 2333 M.
189 2304 368 2334 camoribus.
391 2304 525 2334 Vossius
538 2305 660 2343 primus
674 2304 751 2335 vidit
761 2314 852 2335 voces

123 2355 351 2393 consanguinea
366 2361 409 2386 est
431 2355 616 2386 evolvendas
636 2366 700 2387 osse
723 2366 761 2387 ex
782 2367 853 2387 con-

124 2410 313 2448 sanguineas
328 2411 586 2440 membranarum
600 2410 850 2442 veterrimamm:

124 2467 158 2492 et
179 2472 253 2493 sane
275 2464 522 2504 quotusquisque
544 2465 577 2494 in
599 2470 664 2494 arte
685 2464 791 2495 critica
805 2464 853 2494 vel

124 2512 336 2553 perfunctorie
351 2514 461 2545 saltem
475 2515 670 2554 exercitatus,
693 2516 747 2556 qui
762 2515 851 2546 dubi-

125 2564 236 2595 taverit
250 2575 322 2595 eam
335 2565 459 2596 sibimet
480 2566 658 2605 portionem
679 2567 854 2608 sagacitatis

125 2616 289 2655 arrogare?
306 2616 375 2647 Nec
392 2617 522 2648 Vossius
537 2628 602 2648 non
616 2618 792 2649 laudandus
806 2625 852 2649 ta-

127 2677 212 2699 men.

169 2719 252 2750 Ibid.
267 2723 346 2751 ratio
362 2724 590 2761 consanguinea
606 2728 649 2753 est
663 2724 850 2756 humoribus.-

126 2771 148 2800 i.
174 2781 201 2802 e.
236 2775 259 2791 “
275 2772 430 2814 Liquores
453 2774 535 2810 salsi,
559 2785 647 2815 aeque
679 2785 715 2805 ac
742 2774 857 2812 dulces,

127 2825 152 2841 “
167 2823 297 2854 nebulas
319 2826 468 2856 exhalant
488 2826 642 2867 augendis
660 2833 756 2868 atque
781 2837 855 2858 con-

131 2875 155 2892 “
167 2873 340 2907 formandis
354 2877 491 2908 nubibus
505 2878 667 2909 idoneas.”

171 2925 248 2956 Ver.
263 2930 336 2959 475.
352 2931 465 2971 fluviis
488 2941 522 2962 ex
550 2931 855 2963 omnibus—nebulas

178 2985 270 3017 Vox..
289 2986 358 3018 III.
854 2990 888 3021 U

885 1050 1006 1078 ——vehtt
1022 1049 1145 1077 halitus.
1170 1045 1415 1087 Aliquantulum
1431 1044 1613 1077 addubitare

885 1099 980 1135 soleo,
1005 1109 1046 1129 an
1074 1097 1236 1128 Homerus
1261 1096 1300 1126 de
1327 1098 1385 1127 hoc
1406 1099 1508 1127 halitu
1528 1097 1614 1138 loqui

886 1161 952 1180 non
973 1149 1088 1180 melius
1108 1148 1314 1189 intelligatur,
1340 1158 1435 1189 quam
1459 1148 1499 1178 de
1513 1151 1614 1190 flatu,

890 1201 952 1232 Od.
968 1207 1000 1231 E.
1016 1204 1088 1232 469.

889 1294 982 1319 ATPH
995 1292 1017 1318 δ’
1030 1302 1058 1319 εκ
1069 1293 1252 1319 ΠΟΤΔΜΟΥ
1263 1292 1357 1328 ’ψυχρῇ
1369 1293 1475 1318 ΠΝΕΕῙ
1488 1291 1542 1321 ms&
1553 1302 1605 1328 προ.

890 1376 1054 1406 Maximus
1068 1374 1193 1415 Tyrius,
1209 1374 1310 1404 xxxvi.
1329 1377 1355 1405 1.
1380 1375 1563 1405 Homerum
1577 1374 1618 1405 de

888 1438 976 1458 more
990 1438 1047 1457 suo
1062 1425 1245 1466 respiciens:
1269 1431 1358 1467 Αυριι
1373 1424 1401 1456 δε
1418 1438 1449 1456 εκ
1467 1437 1617 1465 meracum,

889 1483 944 1523 ῴρᾳ
960 1483 1055 1524 Septa,
1071 1484 1382 1517 ΑΠΟΠΝΕΟὙΣΑῙ,
1396 1480 1548 1519 ανεψυχον
1565 1492 1617 1510 αν-

890 1547 947 1567 τως
964 1547 1005 1564 τοι
1020 1546 1156 1573 caepae-a.
1182 1531 1233 1562 Sic
1247 1530 1484 1562 rescribendum
1492 1540 1615 1561 censeo:

889 1584 970 1620 libri,
995 1596 1171 1615 emmenum.

933 1643 1008 1674 Ver.
1031 1646 1104 1674 476.
1126 1645 1255 1682 Surgere
1283 1643 1320 1672 de
1345 1639 1428 1671 terra
1452 1641 1621 1671 nebulas—-

890 1695 970 1725 velut
985 1696 1116 1725 halitus:
1142 1693 1251 1724 redeas
1276 1691 1316 1722 ad
1341 1701 1403 1722 ver.
1429 1694 1502 1723 459.
1525 1697 1557 1721 et
1577 1691 1621 1722 ibi

891 1756 993 1785 nuper
1009 1745 1101 1776 dicta.
1126 1744 1219 1775 Idem
1235 1743 1399 1785 Virgilius,
1416 1753 1484 1783 geo.
1499 1742 1532 1773 ii.
1547 1745 1620 1775 550.

921 1837 995 1860 Inter
1005 1835 1079 1860 enim
1088 1834 1214 1860 labentur
1223 1838 1314 1865 aquae,
1324 1832 1468 1863 tenuisque
1477 1831 1576 1857 subibit

920 1875 1097 1901 Halitus—.-

893 1954 912 1986 i.
943 1965 970 1985 e.
1009 1955 1151 1985 nebulam
1181 1958 1310 1983 tenuem
1339 1953 1428 1983 lellus
1456 1950 1622 1982 exhalabit.

892 2006 1046 2045 Lucilius,
1072 2005 1157 2046 apud
1179 2006 1313 2035 Varron.
1336 2004 1411 2045 ling.
1432 2004 1502 2034 Lat.
1531 2003 1570 2034 iv.
1593 2005 1623 2035 5.

894 2061 917 2077 “
938 2060 1034 2090 Terra
1049 2057 1125 2087 abiit
1139 2057 1173 2087 in
1187 2058 1315 2094 nimbos,
1333 2054 1545 2095 imbreisquess’
1579 2054 1624 2084 Et

893 2110 1060 2146 Pacuvius,
1075 2109 1202 2144 ibidem,
1225 2108 1269 2138 sic
1284 2107 1412 2137 forsitan
1428 2105 1622 2144 scribendus,

893 2168 930 2193 ut
943 2173 1049 2193 versus
1063 2162 1104 2192 sit
1117 2160 1464 2204 trimemis‘trocha'icus
1474 2159 1622 2199 hyperca-

894 2215 1071 2246 talecticus:

924 2306 1011 2330 Terra
1022 2303 1133 2330 exhalat
1141 2309 1247 2333 auram,
1263 2301 1298 2327 ad
1307 2307 1445 2331 auroram,
1460 2299 1620 2326 humectam

1049 2342 1204 2368 humidam.

901 2416 1036 2454 Servius,
1050 2415 1084 2446 in
1095 2415 1186 2456 Virg.
1202 2415 1277 2445 AEn.
1292 2413 1312 2444 i.
1328 2416 1398 2444 745.
1417 2412 1458 2442 ad
1465 2421 1557 2442 voces
1564 2422 1624 2442 un-

895 2473 933 2502 de
948 2471 1054 2508 imber,
1076 2470 1162 2500 hunc
1177 2468 1283 2499 locum
1298 2466 1433 2506 respicit:
1461 2469 1484 2484 “
1504 2465 1627 2496 Scilicet

897 2526 919 2541 ‘⁴
935 2521 974 2552 de
989 2521 1124 2552 nubibus
1129 2533 1139 2559 ;
1163 2530 1233 2561 quae
1245 2518 1422 2549 secundum
1436 2516 1622 2548 Lucretium

897 2580 919 2595 “
936 2581 1108 2607 nascuntur
1129 2578 1166 2607 de
1187 2582 1278 2606 terroe
1300 2575 1409 2609 halitu,
1433 2572 1488 2613 qui
1502 2572 1627 2603 nebulas

900 2633 921 2648 “
939 2640 989 2659 cre
1022 2628 1095 2658 —.”

942 2635 1022 2703 Ibigt.
1038 2673 1163 2702 nebulas
1171 2677 1346 2710 castumque.
1369 2668 1492 2699 Iterum
1507 2667 1572 2706 ille,
1587 2666 1628 2697 ad

901 2724 977 2754 AEn.
993 2724 1059 2754 viii.
1078 2725 1149 2754 258.
1164 2733 1217 2753 ore
1231 2730 1383 2762 perquam
1397 2719 1566 2761 magnifico
1579 2718 1627 2749 lo-

900 2785 988 2805 cum:

1062 2855 1210 2887 nebulaque
1219 2855 1313 2886 ingens
1323 2859 1418 2885 specus
1428 2854 1520 2877 estuat
1531 2849 1602 2876 atra.

942 2932 1018 2962 Ver.
1035 2933 1107 2963 477.
1129 2931 1256 2964 halitus:
1274 2929 1315 2960 V.
1335 2926 1383 2959 ed.
1401 2932 1435 2958 Δ.
1452 2931 1487 2959 Σ.
1501 2927 1605 2957 alitus.
