1926 3224
585 236 820 285 LIBER
867 236 1224 293 QUINTUS.

298 366 462 418 Terras,
484 374 525 409 et
544 367 684 418 solem,
707 376 747 409 et
766 368 929 419 coelum,
951 383 1078 419 mare,
1100 369 1247 420 sidera,
1268 368 1421 420 lunam,

300 441 486 496 Corpore
505 441 662 493 divino,
683 442 832 483 debere
851 450 1006 483 aeterna
1024 457 1175 484 meare:

299 514 603 570 Proptereaque
622 522 754 568 putes,
777 515 859 554 ritu
878 529 954 568 par
974 530 1058 555 esse
1080 516 1309 572 Gigantum

298 588 484 629 Pendere
504 602 571 627 eos
590 601 734 640 poenas
753 586 910 626 inmani
930 601 1007 640 pro
1028 587 1177 628 scelere
1196 591 1368 640 omneis,

187 666 266 702 120
297 661 407 709 Quei
426 659 584 701 ratione
604 659 674 700 sua
696 659 927 700 disturbent
946 660 1100 700 moenia
1119 661 1281 711 mundi,

293 733 625 789 Praeclarumque
644 733 769 774 velint
795 734 885 774 coeli
906 734 1158 791 restinguere
1173 735 1313 785 solem,

289 807 531 849 Inmortalia
549 807 711 848 mortali
732 822 920 848 sermone
939 816 1142 849 notantes:

293 881 402 930 Quae
421 881 565 936 procul
585 895 713 936 usque
733 881 837 922 adeo
856 880 997 922 divino
1018 897 1042 921 a
1061 882 1230 923 numine
1250 883 1415 934 distent,

290 954 423 1010 Inque
443 954 567 995 deum
586 969 761 996 numero
782 969 876 1009 quae
896 955 977 995 sint
996 955 1169 1012 indigna
1188 956 1336 1006 videri;

180 1033 258 1070 125
289 1029 492 1070 Notitiam
512 1029 648 1083 potius
668 1028 854 1083 praebere
876 1036 921 1070 ut
940 1043 1058 1084 posse
1077 1037 1290 1084 putentur,

145 1205 282 1236 nandam
296 1214 420 1244 prorsus
435 1203 689 1240 existimavimus,
706 1214 762 1243 pro
776 1203 869 1235 inerti

144 1263 351 1287 correctorum
379 1255 630 1294 interpolatione,
651 1265 721 1296 quae
751 1255 867 1296 frigore

142 1308 216 1338 ferit
229 1307 343 1338 locum.
390 1307 440 1336 Ita
455 1307 555 1337 solent
569 1308 667 1346 po'e‘tae
682 1306 865 1338 vividiorem

142 1365 174 1389 et
198 1358 386 1389 ornatiorem
407 1357 531 1387 dicendi
557 1358 688 1388 modum
712 1359 811 1399 sequi,
835 1364 866 1389 et

142 1411 308 1450 picturatas
337 1419 426 1439 voces
454 1409 559 1439 otiosis
584 1409 745 1440 anteferre.
791 1410 866 1440 Non

142 1461 262 1491 alienus
276 1465 322 1490 est
337 1459 481 1497 Ow'dius‚
496 1459 571 1489 trist.
587 1470 615 1489 ν.
629 1463 659 1490 5.
675 1463 725 1490 41.

171 1543 210 1568 Sic
221 1542 293 1567 micet
305 1545 452 1570 aeternum,
468 1540 610 1571 vicinaque
620 1540 705 1566 sidera
715 1541 817 1571 vincat,

201 1582 327 1613 conjugis
338 1581 365 1605 in
376 1580 448 1605 coelo
462 1581 553 1605 Cressa
564 1586 663 1604 corona
673 1583 742 1605 tuae.

141 1656 254 1690 Duret,
277 1657 407 1686 maneat,
429 1650 479 1680 vel
501 1650 603 1680 simile
618 1651 786 1690 quippiam,
808 1662 863 1690 pe-

139 1705 273 1735 destrem
288 1712 465 1733 sermonem
486 1701 675 1740 resipuisset.
721 1702 804 1732 Vide
819 1703 861 1733 sis

138 1756 178 1787 ad
193 1756 211 1786 i.
232 1759 300 1786 129.
316 1759 432 1784 notata.

179 1808 254 1838 Ver.
273 1809 342 1836 118.
359 1817 438 1845 par:
465 1805 508 1835 sic
528 1815 600 1835 vere
615 1805 694 1836 Pius
707 1805 862 1844 rescripsit

137 1870 174 1890 ex
190 1856 378 1898 conjectura,
401 1863 432 1887 et
450 1855 493 1887 sic
508 1863 554 1887 est
568 1857 602 1886 in
616 1856 752 1888 Juntina
767 1857 859 1887 Aldi-

138 1911 256 1951 naque:
281 1909 387 1939 omnia
414 1908 535 1949 reliqua
564 1908 763 1947 exemplaria,
794 1914 859 1938 tam

138 1973 236 1992 manu
263 1961 386 2000 scripta,
413 1970 507 2000 quam
529 1960 611 2000 typis
626 1966 759 1996 exarata,
783 1960 861 1991 dant

131 2025 216 2054 pars.
262 2013 343 2042 Haec
370 2012 521 2042 vocabula
542 2011 629 2042 libris
643 2011 774 2042 confusa
787 2018 861 2043 sunt

135 2065 176 2095 ad
190 2064 257 2095 Liv.
273 2063 374 2094 xxxvi.
391 2067 440 2093 24.
457 2066 609 2094 8.—esse:
636 2062 732 2093 Vind.
748 2063 790 2093 V.
812 2063 859 2094 ed.

134 2124 187 2148 est.

176 2168 250 2198 Ver.
269 2171 340 2199 119.
363 2168 503 2198 Pendere
521 2176 645 2206 poenas:
671 2165 748 2197 δεναι
770 2164 856 2198 δικην.

135 2218 298 2259 Virgilius,
320 2219 394 2249 AEn.
411 2217 460 2247 vii.
476 2220 547 2249 595.

184 2288 236 2319 Ipsi
245 2287 291 2312 has
300 2287 427 2318 sacrilego
435 2285 548 2319 pendetis
557 2286 686 2318 sanguine
693 2288 794 2318 pamas.-

134 2354 234 2385 multa
251 2355 337 2395 quasi
352 2354 530 2394 pecuniaria
544 2355 584 2384 ad
599 2361 721 2385 staterae
735 2355 856 2385 brachi-

133 2417 189 2437 um
204 2406 348 2445 appensa.
378 2406 460 2436 Vide
475 2408 604 2437 Festum
620 2407 653 2437 in
669 2409 814 2444 Pendere,
827 2413 858 2437 et

134 2458 277 2489 Servium
293 2457 332 2487 ad
348 2459 422 2488 AEn.
437 2459 476 2489 vi.
493 2462 542 2489 20.

174 2517 255 2548 Ibid.
289 2519 411 2548 inmani
434 2520 550 2549 scelere.
597 2519 748 2549 Similiter
772 2519 857 2550 idem

132 2569 186 2600 ille
202 2570 409 2606 Mantuanus,
425 2568 501 2599 ibid.
517 2569 537 2599 i.
551 2573 624 2600 347.

356 2645 443 2670 scelere
453 2648 516 2670 ante
527 2645 590 2671 alios
599 2646 727 2671 inmanior
736 2653 838 2672 omnes-

172 2707 246 2739 Ver.
263 2712 334 2739 120.
356 2710 475 2739 ratione
491 2708 565 2740 suli:
591 2709 610 2739 i.
627 2720 652 2740 e.
674 2709 728 2750 qui
743 2710 852 2740 simili-

130 2764 178 2790 ter
191 2759 256 2790 suis
271 2759 473 2799 philosophiae
487 2760 637 2790 institutis
661 2761 851 2801 aggrediun-

129 2815 181 2840 tur
198 2810 322 2849 coelum,
349 2817 441 2851 atque
464 2811 597 2842 fabulosi
620 2812 779 2853 quondam
803 2813 852 2855 gi-

130 2866 238 2901 gantes
253 2861 448 2892 immanitate
464 2863 577 2893 virium
592 2865 753 2894 vexabant.

172 2911 246 2943 Ver.
266 2916 334 2944 121.
358 2916 558 2954 restinguere:
579 2914 616 2947 P.
632 2914 730 2947 Vind.
748 2915 789 2946 V.
804 2915 850 2947 ed.

911 1205 949 1235 B.
967 1208 1002 1235 Δ.
1019 1211 1059 1235 Π.
1077 1209 1110 1236 Σ.
1125 1207 1307 1245 restringere
1312 1221 1323 1242 ,·
1348 1216 1417 1246 quae
1432 1206 1567 1237 solennis
1589 1213 1635 1238 est

912 1255 1067 1285 confusio:
1093 1255 1164 1285 vide
1180 1265 1240 1286 var.
1257 1255 1338 1286 lectt.
1354 1256 1397 1287 iii.
1415 1261 1506 1289 1057.

953 1315 1034 1345 Ibid.
1068 1317 1262 1346 Praeccarum
1288 1318 1385 1347 solem.
1431 1317 1482 1347 Ita
1509 1318 1547 1354 Q.
1581 1318 1635 1348 Ci-

910 1377 994 1397 cero:

925 1435 1073 1465 Longaque
1082 1435 1138 1466 jam
1149 1435 1249 1460 minuit
1256 1436 1396 1468 praeclarus
1407 1436 1509 1461 lumina
1520 1438 1622 1462 Cancer.

907 1500 1023 1530 Confer
1038 1502 1068 1532 ii.
1082 1506 1172 1533 1051.
1189 1509 1220 1534 et
1233 1504 1396 1535 Sedulium
1410 1506 1444 1535 in
1455 1506 1537 1535 notis
1546 1515 1631 1536 com-

907 1557 1067 1589 parentem
1081 1553 1122 1582 ad
1135 1553 1173 1583 iv.
1189 1557 1262 1584 542.

951 1612 1024 1643 Ver.
1049 1617 1117 1643 122.
1141 1616 1324 1645 Inmortalia
1344 1618 1468 1647 mortali
1491 1628 1633 1649 sermone.

910 1663 1012 1693 Simili
1041 1664 1196 1704 elegantia
1224 1666 1376 1705 oppositio
1405 1668 1569 1697 verborum
1596 1668 1631 1698 in

905 1713 1013 1744 iambo
1035 1716 1182 1751 cernitur,
1213 1727 1308 1756 quem
1335 1718 1425 1748 nobis
1447 1719 1632 1750 Aristoteles

903 1766 1104 1801 conservavit,
1122 1765 1173 1796 lib.
1189 1767 1221 1796 ii.
1247 1774 1320 1797 sect.
1340 1771 1389 1798 17.
1406 1773 1433 1798 2.
1457 1771 1630 1810 exquisitis-

904 1816 976 1846 simi
991 1816 1139 1847 tractatas
1153 1817 1220 1857 ejus
1235 1817 1274 1847 de
1288 1818 1453 1849 rhetor-iezi:

943 1911 1146 1936 ΔΘΔΝΑΤΟΝ
1166 1911 1280 1936 OPrHN
1293 1921 1331 1945 μη
1342 1916 1462 1944 φυλακῆς,
1477 1914 1628 1940 ΘΝΗΤΟΣ

1058 1969 1095 1984 ων.

905 2025 939 2056 N
940 2035 974 2055 ec
990 2025 1148 2055 Miltonus
1162 2032 1282 2056 nostras
1307 2027 1430 2066 sprevit,
1446 2028 1493 2057 vir
1508 2028 1627 2058 nemini

904 2077 1070 2113 secundus,
1088 2077 1159 2108 Par.
1175 2078 1278 2108 amiss.
1295 2078 1339 2108 iii.
1358 2082 1432 2109 267.

1218 2159 1271 2183 and
1281 2159 1403 2184 breath’d
1414 2159 1542 2185 immortal
1549 2161 1611 2186 Iove

930 2198 974 2222 To
986 2197 1078 2221 morra!
1087 2203 1184 2221 men—.

901 2268 1037 2299 Pulchre
1054 2269 1217 2304 Paulinus
1241 2269 1280 2299 de
1294 2270 1387 2301 Joan.
1403 2271 1494 2309 Bapt.
1511 2274 1582 2303 177.

931 2345 1005 2367 Nunc
1016 2346 1141 2373 coeptum
1153 2345 1304 2374 repetamus
1314 2343 1379 2368 iter:
1399 2343 1515 2368 mortalia
1526 2344 1598 2370 dicat

932 2381 1032 2412 Pagina
1043 2381 1168 2407 mortalis.-
1187 2382 1335 2407 Dominum
1347 2383 1437 2407 divma
1447 2382 1601 2415 loquantur.

903 2451 954 2482 Sic
979 2452 1166 2493 legendum3
1189 2454 1298 2494 vulgo,
1318 2455 1410 2484 Huc:
1434 2454 1454 2484 i.
1479 2465 1504 2485 e.
1528 2457 1623 2494 Νΐιος

898 2513 973 2534 nam
990 2506 1030 2535 H
1040 2511 1071 2535 et
1088 2507 1130 2537 N
1137 2505 1251 2544 passim
1267 2505 1501 2544 permiscentur.

945 2555 1018 2586 Ver.
1035 2559 1106 2586 125.
1128 2567 1147 2586 α
1171 2556 1258 2586 deest
1273 2556 1310 2586 P.
1327 2555 1414 2593 editi,
1436 2558 1488 2593 ab‚·
1514 2562 1622 2588 contra

900 2606 994 2637 libros
1015 2613 1201 2637 veteres—a
1219 2609 1343 2638 numine
1358 2609 1488 2639 distent.-
1517 2608 1556 2638 V.
1574 2608 1622 2639 ed.

899 2659 1000 2688 animi
1021 2659 1144 2694 lastent;
1172 2663 1206 2689 Σ.
1229 2660 1354 2689 numine
1375 2660 1507 2689 luscent:
1532 2669 1622 2689 voces

898 2708 1032 2739 omnino
1061 2708 1277 2739 desiderantur
1303 2709 1338 2739 in
1363 2709 1461 2740 Vind.
1486 2709 1620 2749 Nempe,

896 2759 1051 2797 libratim,
1077 2760 1324 2799 corruptissimas
1348 2760 1510 2791 inveniens
1523 2760 1557 2791 in
1571 2771 1620 2791 ar-

895 2812 1036 2852 chetypo,
1049 2811 1145 2842 satius
1159 2811 1268 2842 habuit
1283 2812 1525 2852 praetermittere.

940 2863 1012 2893 Ver.
1031 2866 1100 2893 124.
1124 2874 1193 2904 quae
1208 2865 1278 2894 sint.
1324 2863 1443 2904 Vulgo,
1465 2865 1510 2894 sic
1531 2869 1617 2900 sunt;

895 2925 965 2956 quae
980 2921 1156 2955 temporum
1170 2915 1322 2952 confusio,
1339 2920 1369 2946 et
1385 2925 1538 2947 novarum
1556 2914 1618 2946 dic-
