1926 3224
637 208 868 257 LIBER
921 209 1276 266 QUINTUS.

1618 215 1705 259 157

251 340 334 377 940
366 336 549 379 Plurima
568 346 655 380 tum
677 340 805 391 tellus,
837 342 959 383 etiam
979 342 1148 396 majora,
1179 342 1346 383 ferebat:

364 411 579 468 Multaque
598 423 796 469 praeterea
815 418 973 457 novitas
994 425 1081 457 tum
1101 416 1248 457 florida
1267 415 1411 457 mundi

365 485 521 527 Pabula
540 488 629 529 dira
649 489 756 538 tulit,
786 490 940 530 miseris
961 490 1198 530 mortalibus
1218 490 1363 544 ampla.

421 560 480 600 At
500 560 640 600 sedare
659 561 767 600 sitim
786 561 936 610 fluviei,
969 561 1196 616 funtesque,
1231 563 1430 603 vocabant
1437 580 1449 612 3

365 633 426 674 Ut
446 647 556 673 nunc
576 633 785 673 montibus
806 648 828 673 e
848 634 1007 690 magnis
1028 634 1220 675 decursus
1241 638 1364 690 aquai

250 711 330 748 945
364 706 571 747 Claricitat
592 705 670 747 late
690 707 866 748 sitientia
888 708 992 749 secla
1011 707 1202 750 ferarum.

221 861 340 886 Arbuteos
349 861 432 892 fetus,
449 864 632 893 montanaque
642 862 726 895 fraga,
742 862 879 895 legebant,

219 900 370 930 Cornaque,
387 903 414 924 et
425 899 451 924 in
463 901 533 925 duris
544 901 675 926 haerentia
687 909 762 927 mora
773 903 884 933 rubetis,

221 939 264 968 Et,
275 944 337 969 quae
349 939 502 964 deciderant
513 940 604 971 patula
614 941 686 972 Jovis
697 942 800 972 arbore,
807 942 921 974 glandes.

261 1013 337 1044 Ver.
354 1017 424 1045 940.
446 1015 580 1055 majora:
607 1015 704 1047 Vind.
721 1017 762 1047 V.
778 1017 825 1048 ed.
846 1023 888 1048 Π.
909 1022 943 1049 Σ.

222 1075 346 1104 majore.

265 1123 346 1154 Ibid.
371 1126 524 1155 Plurima.
568 1125 662 1166 Lege,
687 1128 812 1157 Plurz'a.

719 1187 945 1218 anumus.

222 1242 368 1274 Eandem
393 1243 579 1274 cantilenam
607 1244 680 1275 alibi
705 1245 858 1275 cantitant
881 1245 945 1275 edi-

222 1298 304 1323 tores
319 1294 510 1333 Lucretiani,
533 1295 619 1325 libris
640 1295 727 1325 aliud
745 1295 946 1334 edicenzibus,

221 1351 255 1375 et
278 1355 368 1376 aures
392 1347 498 1376 minus
523 1346 685 1377 audientes
708 1354 824 1378 memet
838 1349 946 1378 obmo-

223 1403 322 1427 vente.

268 1455 340 1487 Ver.
357 1461 428 1489 941.
449 1464 535 1489 cum:
563 1459 601 1489 Ο.
619 1463 654 1489 Δ.
673 1465 712 1489 Π.
729 1469 808 1490 cum.

265 1515 340 1546 Ver.
358 1521 427 1548 942.
445 1519 563 1548 Pabula
576 1520 664 1548 dira:
690 1518 708 1548 i.
725 1528 750 1549 e.
767 1519 950 1555 inamoenos,

222 1577 355 1606 asperos,
379 1569 512 1598 incultos
533 1569 632 1606 cibos;
656 1577 784 1612 σκληραν
798 1584 847 1600 και
864 1582 948 1602 πονη-

222 1633 270 1660 ραν
294 1618 415 1657 διαιταν,
445 1620 561 1650 Graeci:
590 1620 659 1650 vide
675 1621 784 1659 Eurip.
810 1621 945 1660 BIeleag.

221 1670 335 1710 fragm.
367 1670 406 1700 ix.
438 1674 467 1702 5.
498 1671 617 1700 AElian.
646 1681 707 1701 var.
736 1672 805 1701 hist.
835 1672 866 1701 ii.
898 1675 945 1701 ll.

225 1720 419 1752 Glossarium
433 1728 602 1752 vetustum:
620 1726 641 1740 ‘⁴
654 1724 780 1758 Dirum,
790 1723 948 1763 cnznpovss'

220 1778 264 1810 et,
286 1775 436 1811 “Dims,
458 1773 600 1816 πονηρος.”
646 1775 729 1804 Dira
743 1774 848 1813 fames
874 1774 948 1802 Vir-

223 1823 300 1864 gilii,
316 1824 391 1854 AEn.
406 1824 449 1854 iii.
465 1828 536 1855 256.
553 1834 589 1854 ea
604 1830 660 1862 est,
675 1834 745 1864 quae
761 1826 839 1855 diris
855 1824 948 1854 vesci-

223 1880 284 1906 tur.
330 1875 380 1906 Sic
407 1882 513 1906 autem
549 1882 707 1915 comparet
736 1877 885 1915 scriptum
914 1876 948 1905 in

222 1926 370 1957 omnibus
386 1928 458 1958 Cari
480 1928 709 1967 exemplaribus
730 1934 841 1966 praeter
856 1927 892 1957 P.
917 1932 950 1957 et

223 1983 261 2009 Δ.
280 1980 371 2020 (nam
386 1979 425 2009 de
439 1980 477 2010 B.
493 1980 614 2019 siletur)
631 1979 685 2019 qui
699 1979 775 2009 dant
791 1983 812 1997 “
828 1979 949 2009 Pabula

222 2033 246 2049 “
261 2032 356 2068 dia;'’
382 2032 463 2072 quod
475 2033 551 2072 quin
567 2033 607 2062 sit
621 2043 658 2063 ex
670 2031 887 2063 emendatione
902 2041 950 2061 re-

224 2083 400 2114 centiorum
415 2083 521 2113 nullus
538 2083 656 2120 dubito,
679 2083 814 2123 optimos
830 2082 952 2114 codices

223 2134 445 2173 spernentium.

265 2196 347 2232 Ibid.
369 2199 488 2229 miseris
502 2200 686 2229 mortalibus.
723 2199 773 2229 Ex
795 2199 951 2236 Homero,

224 2247 265 2277 11.
288 2253 320 2278 N.
340 2251 411 2280 569.
434 2251 554 2291 οϊζνροισι
582 2255 732 2293 βροτοισιπ
770 2256 801 2279 et
830 2250 889 2280 Od.
915 2257 948 2281 O.

224 2302 296 2331 407.
318 2298 428 2331 δειλοισι
450 2305 578 2343 βροτωσι.
620 2301 782 2342 Virgilius
810 2312 878 2342 geo.
904 2302 947 2332 iii.

225 2355 276 2382 66.

255 2425 375 2457 Optuma
385 2432 501 2458 quaeque
512 2427 566 2453 dies
576 2427 672 2452 miseris
683 2427 827 2452 mortalibus
838 2427 893 2452 aevi

255 2465 342 2489 Pruna
353 2464 494 2497 fugit—.

227 2534 354 2566 Addam
369 2536 551 2575 Papinium,
565 2536 598 2566 in
613 2537 678 2568 silv.
692 2537 737 2568 iii.
753 2541 782 2568 2.
798 2541 848 2568 61.

225 2635 318 2643 —
327 2624 470 2648 abscissum
480 2623 576 2648 miseris
587 2623 759 2648 animantibm
772 2629 936 2655 aequor—.

267 2703 348 2734 Ibid.
374 2705 494 2735 Pabula
520 2706 601 2740 dira,
627 2706 746 2735 miseris
775 2705 950 2735 mortalibus

224 2757 335 2795 ampla.
382 2755 496 2786 Sensus
524 2756 610 2786 idem
639 2766 763 2796 prorsus
791 2765 880 2787 tenor
905 2762 952 2787 est

227 2805 400 2846 Sophocleo
414 2807 529 2846 versui,
546 2807 580 2837 in
595 2807 694 2837 Elect.
711 2809 783 2838 554.

265 2889 301 2915 0⁰
315 2889 360 2919 ζωί
382 2901 471 2920 κακως
485 2900 539 2925 μεν,
554 2890 611 2918 οιδ”
620 2900 777 2927 εταρκυντως
789 2889 811 2917 δ’
823 2899 884 2925 quot.

993 866 1103 897 Valeat
1123 866 1219 907 igitur
1235 866 1481 905 naver-campus,
1504 865 1554 896 cui
1570 865 1710 897 Lucreti-

990 928 1026 948 us
1041 928 1224 957 perparvum
1250 924 1304 948 aut
1329 917 1409 948 nihil
1434 918 1535 955 debet,
1561 928 1634 947 curn
1656 917 1713 947 suii

988 970 1208 1009 conjunctione
1225 982 1280 1000 των
1293 971 1345 999 dia
1363 974 1394 999 et
1406 970 1520 1008 ampla,
1536 978 1571 998 ac
1586 968 1712 1007 ineptis-

988 1020 1067 1051 sima
1082 1020 1279 1051 distinctione
1295 1020 1360 1056 sua,
1378 1020 1476 1060 posita
1492 1026 1561 1060 post
1578 1021 1713 1051 mortali·

987 1073 1049 1102 bus.

1032 1132 1114 1163 Ibid.
1136 1133 1313 1163 mortalibus
1338 1133 1450 1171 ampla.
1495 1130 1632 1167 Flaccus,
1656 1135 1711 1160 sat.

988 1184 1021 1214 ii.
1037 1188 1065 1215 2.
1085 1187 1152 1216 101.

1050 1266 1164 1292 Divitias
1176 1267 1262 1292 habeo
1273 1267 1358 1292 tribus
1368 1265 1465 1299 amplas
1476 1264 1643 1298 regibus-—.

1033 1338 1108 1369 Ver.
1124 1341 1195 1370 943.
1213 1340 1272 1369 At:
1299 1345 1344 1369 Ω.
1361 1339 1418 1374 Et;
1447 1336 1637 1371 Macrobius,
1655 1335 1717 1366 Sat.

991 1389 1030 1418 vi.
1046 1392 1074 1418 2.
1094 1392 1119 1419 1.
1135 1389 1187 1419 fin.
1212 1391 1272 1424 Ad,
1295 1389 1334 1419 de
1349 1388 1440 1418 solito
1455 1388 1561 1418 scribis
1576 1392 1713 1425 peccato:

992 1439 1061 1470 vide
1077 1440 1382 1475 Drakenborchium,
1410 1438 1450 1469 ad
1472 1438 1539 1468 Liv.
1562 1437 1606 1467 iii.
1626 1440 1672 1467 17.
1689 1440 1719 1466 5.

993 1501 1089 1531 quam
1104 1491 1304 1521 variationem
1322 1491 1507 1521 memoravit
1524 1488 1665 1526 Vossius,
1681 1488 1720 1518 de

993 1548 1158 1572 construet.
1184 1552 1212 1580 p.
1230 1545 1300 1572 185.
1323 1548 1416 1581 atque
1442 1541 1573 1579 arripuit
1597 1540 1721 1569 Haver-

992 1603 1133 1632 campus,
1147 1592 1323 1622 inconsulto
1337 1592 1410 1622 satis
1415 1603 1424 1629 ;
1448 1601 1547 1631 quum
1563 1596 1721 1620 construc-

989 1645 1085 1674 tionis
1100 1644 1241 1684 hujusce,
1257 1645 1310 1674 Ad
1325 1645 1430 1674 sedare
1444 1645 1537 1678 sitim,
1550 1652 1652 1682 neque
1668 1651 1720 1670 ex-

990 1695 1132 1733 emplum
1157 1695 1257 1734 quivis
1284 1694 1393 1724 afferre
1417 1694 1542 1733 poterit,
1567 1703 1624 1723 nec
1647 1692 1721 1723 rati-

993 1755 1068 1775 ones
1097 1745 1240 1775 enodare.
1287 1745 1380 1775 Casta
1404 1744 1559 1774 Latinitas
1588 1743 1720 1774 locutio-

993 1806 1068 1825 nem
1096 1794 1334 1835 indignabunda
1369 1795 1494 1833 respuit.
1540 1794 1722 1824 Macrobius

994 1846 1110 1877 ibidem
1127 1845 1338 1886 virgilianam
1346 1844 1555 1875 imitationem
1565 1844 1720 1883 apposuit,

992 1908 1029 1928 ex
1044 1907 1112 1938 geo.
1131 1897 1174 1927 iii.
1199 1900 1270 1929 529.

991 1971 1087 1996 Pocula
1098 1974 1161 1997 sunt
1171 1971 1261 1997 fontes
1271 1970 1374 2002 liquidi,
1385 1974 1478 2002 atque,
1489 1969 1610 1996 exercita
1621 1976 1710 2000 cursu,

995 2010 1189 2035 Flumina—.

996 2083 1097 2123 Digni
1112 2088 1185 2112 sunt
1201 2082 1296 2112 etiam
1319 2080 1495 2111 Nasoniani
1509 2090 1616 2110 versus
1630 2080 1724 2120 longe

995 2133 1234 2173 exquisitissimi,
1261 2132 1316 2173 qui
1339 2139 1369 2162 et
1383 2133 1446 2162 huc
1466 2132 1692 2161 transferantur
1708 2141 1725 2160 e

995 2185 1063 2214 fast.
1083 2184 1113 2214 ii.
1137 2187 1210 2215 291.

994 2266 1054 2290 Vita
1064 2265 1131 2291 serae
1142 2265 1244 2295 simili-5,
1255 2265 1341 2290 nullos
1351 2264 1452 2296 agitata
1467 2269 1514 2296 per
1528 2269 1605 2288 usus:

1023 2305 1093 2330 Artis
1103 2305 1191 2329 adhuc
1203 2311 1310 2336 expers,
1327 2307 1354 2328 et
1365 2304 1442 2333 rude,
1453 2303 1549 2334 vulgus
1560 2305 1646 2327 erant.

991 2347 1040 2369 Pro
1051 2345 1174 2369 domibus
1185 2344 1294 2369 frondes
1305 2347 1412 2373 norant,
1428 2349 1476 2374 pro
1488 2342 1608 2373 frugibus
1619 2342 1713 2367 herbas
1725 2349 1730 2365 z

1025 2385 1122 2408 Nectar
1135 2387 1192 2408 erat
1203 2383 1298 2415 palmis
1309 2383 1404 2407 hausta
1415 2382 1517 2406 duabus
1528 2388 1606 2412 aqua.

994 2423 1086 2447 Nullus
1095 2423 1238 2448 anhelabat
1248 2423 1296 2446 sub
1308 2422 1414 2446 adunco
1431 2427 1542 2445 vomere
1552 2424 1644 2445 taurus
1652 2429 1662 2451 3

1023 2462 1101 2486 Nulla
1110 2463 1159 2486 sub
1171 2461 1283 2494 imperio
1296 2465 1366 2486 terra
1377 2460 1490 2485 colentis
1503 2462 1569 2484 erat.

992 2538 1061 2568 Nec
1086 2536 1332 2577 elegantissimos
1355 2535 1461 2565 Pontii
1484 2534 1625 2565 Paullini
1656 2544 1723 2564 ver-

991 2599 1051 2623 suS,
1079 2588 1118 2618 de
1139 2588 1265 2618 ,Ioanne
1281 2585 1432 2625 Baptista,
1460 2595 1522 2616 ver.
1550 2589 1622 2615 255.
1645 2585 1725 2615 meis

993 2640 1097 2670 ausim
1115 2639 1262 2679 equidem
1283 2638 1452 2669 lectoribus
1467 2636 1635 2676 denegare:

993 2725 1151 2749 Praebebant
1163 2723 1268 2748 victum
1279 2722 1387 2748 facilem
1398 2721 1538 2754 sylvestria
1551 2721 1643 2751 mella,

993 2768 1140 2795 Pomaque,
1150 2767 1188 2794 et,
1201 2763 1308 2788 incultis
1318 2766 1408 2788 enatae
1419 2762 1552 2792 cautibus,
1568 2761 1659 2786 herbae
1669 2770 1678 2791 ;

995 2806 1179 2834 Arentemque
1189 2803 1261 2827 sitim
1275 2802 1418 2827 decurrens
1429 2801 1502 2826 unda
1513 2800 1629 2826 levabat.

1027 2843 1068 2868 Sic
1079 2843 1163 2875 primi
1171 2843 1264 2867 vixere
1275 2841 1412 2871 homines;
1429 2840 1587 2871 mundoque
1596 2838 1697 2864 recenti

998 2883 1051 2908 Hos
1062 2886 1157 2908 auctor
1168 2881 1278 2908 dederat
1289 2884 1406 2908 ventura
1421 2881 1449 2907 in
1459 2879 1549 2907 secula
1558 2885 1662 2909 mores5
