1926 3224
583 226 817 277 LIBER
864 223 1221 285 QUINTUS.

1552 233 1646 279 227

312 358 440 410 Finis,
472 366 512 402 et
531 360 703 402 omnino
722 360 860 417 quoad
881 368 1035 402 crescat
1056 373 1151 401 vera
1169 357 1373 414 voluptas:

310 433 442 490 quue
461 434 695 476 minutatim
718 434 844 475 vitam
865 433 1055 489 provexit
1074 433 1117 473 in
1138 432 1283 484 altum,

311 507 367 549 Et
386 508 478 549 belli
499 521 670 564 magnos
690 507 899 548 conmovit
918 506 1102 548 fimditus
1123 514 1257 547 aestus.

172 584 278 621 1435

368 581 428 622 At
447 581 585 637 vigiles
605 579 749 620 mundi
768 592 968 635 magnum
989 578 1177 619 vorsatile
1196 579 1394 634 templum

311 653 381 696 Sol
400 661 442 694 et
460 653 557 693 luna
575 666 649 693 suo
668 651 884 692 lustrantes
905 651 1060 692 lumine
1080 651 1234 692 circum

309 725 567 767 Perdocuere
585 724 774 766 homines
794 740 999 766 annorum
1021 733 1208 780 tempora
1227 726 1332 766 vorti
1339 744 1352 776 ;

306 799 362 840 Et
382 798 491 840 certa
512 799 670 840 ratione
689 799 777 856 geri
798 814 902 850 rem,
935 807 1058 855 atque
1079 799 1226 840 ordine
1246 807 1372 841 cert0.

362 872 457 915 Jam
476 872 618 914 validis
638 872 778 928 saeptei
798 872 1004 930 degebant
1024 872 1205 913 turribus
1226 887 1381 924 aevom3

206 1048 281 1078 Ver.
299 1049 390 1076 1428.
406 1047 524 1085 plebeia
540 1052 641 1077 tamen
656 1047 711 1078 sit:
739 1045 835 1077 vind.
849 1046 890 1076 V.

163 1099 212 1131 ed.
228 1099 264 1130 L.
281 1099 327 1131 M.
352 1103 387 1129 Δ.
404 1104 444 1128 Π.
462 1103 496 1129 Σ.
515 1099 599 1138 plebe
620 1100 684 1129 lata
707 1109 790 1129 mens
804 1100 854 1135 id;
878 1099 890 1128 l

163 1156 196 1181 et
210 1153 230 1181 d
253 1149 350 1180 literis
365 1148 517 1179 nimirum
532 1160 605 1179 curn
621 1151 634 1180 z·
658 1160 694 1180 ac
717 1156 727 1180 t
752 1149 889 1186 mutatis,

164 1201 353 1242 divulsisque
374 1203 641 1243 vocibus.-—-quae.·
667 1203 765 1234 Vind.
788 1203 825 1235 L.
842 1203 890 1233 M.

164 1257 200 1283 Δ.
220 1259 259 1283 n.
278 1258 311 1283 Σ.
332 1264 410 1293 que,·
437 1254 478 1283 V.
494 1253 540 1284 ed.
556 1260 671 1290 autem,
687 1265 812 1295 quoque.

207 1310 288 1340 Ibid.
307 1313 425 1351 plebeia
440 1318 541 1343 tamen
558 1324 628 1353 quoe
642 1312 801 1354 defendere
818 1324 889 1354 pos-

163 1362 212 1392 sit.
259 1361 412 1393 Horatius
425 1363 564 1394 imitatus
579 1369 626 1394 est
645 1363 762 1403 locum,
785 1365 819 1395 in
835 1372 890 1396 sat.

165 1413 185 1443 i.
199 1417 230 1443 3.
250 1417 296 1444 14.

390 1498 456 1528 toga,
467 1503 524 1528 quae
534 1496 666 1528 defendere
674 1497 769 1529 frigus,

226 1544 357 1576 Quamvis
367 1552 462 1575 crassa,
473 1549 618 1577 queat—-

163 1617 336 1658 Defendere
351 1624 456 1649 autem
478 1620 512 1649 in
530 1620 611 1650 Caro
632 1627 722 1651 sonat
743 1621 889 1661 simplici-

161 1672 211 1700 'ter
239 1676 356 1710 tegere;
395 1677 431 1702 ut
459 1671 614 1711 Papinius
650 1672 891 1714 elegantissime,

163 1719 264 1751 Theb.
283 1721 333 1752 vii.
351 1724 421 1752 244.

194 1801 284 1826 Turre
294 1802 387 1833 procul
397 1802 464 1832 sola,
475 1803 598 1828 nondum
608 1810 733 1829 concessa
746 1804 829 1830 videri

195 1850 331 1882 Antigone
340 1851 444 1882 populis
452 1855 558 1877 teneras
567 1852 714 1883 defenditur
724 1853 782 1878 atri

194 1899 263 1922 Veste
273 1904 424 1929 genas—.

208 1972 284 2003 Ver.
301 1977 392 2005 1450.
415 1976 449 2005 z'n
475 1975 562 2006 deest
577 1975 616 2007 V.
639 1976 686 2008 ed.
714 1977 753 2007 L.
778 1977 826 2008 M.
852 1978 891 2008 O.

165 2029 201 2058 Δ.
218 2033 259 2058 Π.
276 2032 311 2059 Σ.
333 2034 426 2069 atque
451 2030 609 2060 corruenti
634 2035 736 2061 metro
758 2031 802 2061 sic
816 2032 890 2062 sub-

165 2078 296 2108 veniunt
313 2078 352 2109 0.
370 2084 405 2110 A.
423 2086 466 2110 Π.

275 2162 307 2184 Et
316 2164 410 2192 semper
419 2161 562 2187 curis—.

167 2230 264 2262 Silius
294 2232 436 2272 Italicus,
465 2235 547 2265 Pun.
577 2235 628 2267 xii.
658 2239 733 2267 462.
761 2242 797 2268 ut
819 2247 890 2267 nos-

167 2289 226 2315 ter:

344 2368 444 2394 rabiem
455 2376 552 2401 prenso
562 2373 693 2395 consumat
704 2371 730 2395 in
742 2371 828 2397 hoste.

211 2447 293 2478 Ibid.
323 2451 406 2479 curis
435 2451 587 2481 inanibus.
633 2451 731 2490 Hinc,
759 2457 792 2482 et
818 2452 893 2494 quia

166 2508 222 2537 per
245 2509 276 2528 se
298 2498 337 2528 sit
352 2501 507 2538 potentior
528 2501 812 2544 significantiorque
831 2504 893 2535 lec-

166 2550 224 2588 tio,
247 2550 386 2590 impense
399 2553 506 2591 probo,
529 2558 560 2583 et
583 2554 681 2584 habeo
702 2564 758 2593 pro
774 2555 892 2585 verissi-

166 2601 227 2637 ma,
242 2603 439 2643 quorundam
454 2603 542 2635 codd.
557 2605 742 2645 scripturam
757 2606 797 2637 ad
817 2607 889 2638 Ma-

165 2653 250 2684 ronis
264 2664 332 2694 geo.
347 2655 385 2698 iv.
400 2658 473 2687 545.

198 2735 272 2759 Inter
282 2741 348 2765 quas
359 2735 491 2767 Clymene
501 2744 575 2761 curas
585 2738 708 2763 narrabat
717 2738 804 2764 inanis

198 2784 319 2815 Volcani,
329 2786 474 2817 Martisque
484 2786 560 2818 dolos,
571 2790 600 2813 et
610 2788 697 2814 dulcia
705 2790 818 2821 furta—
826 2798 836 2816 .·

165 2859 219 2888 cui
233 2860 403 2900 suspicioni
418 2861 500 2892 favet
514 2863 590 2894 ordo
605 2866 781 2903 verborum,
799 2875 892 2907 quem

167 2907 321 2948 dedimus,
361 2912 395 2943 in
432 2914 601 2954 exemplari
637 2927 702 2948 uno
738 2923 892 2958 repertus;

933 1044 1021 1086 quasi
1035 1044 1079 1075 sic
1098 1044 1240 1085 ambigui
1261 1044 1395 1084 speciem
1416 1045 1554 1088 effugere
1568 1048 1659 1088 po‘e'ta

932 1095 1032 1126 vellet.

977 1156 1050 1187 Ver.
1068 1159 1158 1186 1452.
1181 1158 1283 1196 quoad
1304 1162 1435 1187 crescat:
1461 1158 1503 1188 V.
1529 1158 1576 1190 ed.
1600 1171 1657 1200 quo

933 1210 1081 1239 adcrescit
1086 1223 1098 1246 ;
1122 1214 1157 1240 Σ.
1175 1214 1220 1238 Ω.
1242 1220 1299 1248 quo
1315 1210 1480 1240 adcrescat.

976 1267 1051 1298 Ver.
1068 1271 1158 1298 1455.
1183 1269 1336 1307 provexit.-
1363 1274 1403 1298 Π.
1421 1270 1583 1307 perduxit;
1607 1270 1660 1301 sed

933 1316 1097 1358 vulgatum
1132 1317 1251 1349 malim.
1296 1318 1347 1349 Sic
1376 1318 1545 1360 Virgilius,
1583 1320 1659 1352 AEn.

934 1369 978 1401 iii.
995 1374 1045 1402 72.

965 1451 1139 1476 Provehimur
1149 1454 1244 1484 portu:
1263 1454 1409 1485 terraeque,
1426 1454 1569 1487 urbesque,
1587 1462 1660 1482 rece-

1041 1491 1119 1516 dunt.

934 1562 978 1592 Et
992 1562 1034 1593 sic
1050 1562 1102 1593 alii
1118 1562 1151 1592 in
1167 1563 1227 1593 hoc
1241 1564 1587 1605 negotia—Caeterum,
1602 1577 1660 1598 no-

934 1614 1118 1645 bilissimam
1140 1616 1290 1645 habemus
1312 1616 1345 1645 in
1362 1617 1509 1648 Lucretio
1531 1618 1659 1650 transla-

935 1665 1064 1704 tionem,
1088 1672 1119 1697 et
1134 1677 1173 1697 ex
1189 1668 1277 1697 omni
1291 1673 1378 1707 parte
1392 1669 1520 1708 pulchre
1535 1670 1662 1702 concin-

936 1727 1036 1757 neque
1052 1717 1279 1755 procedentem.
1315 1720 1395 1758 Nec,
1410 1720 1463 1760 qui
1478 1728 1660 1762 sequuntur,

935 1778 1041 1798 versus
1056 1768 1211 1808 quispiam
1226 1775 1367 1799 veterum
1380 1771 1491 1801 nativis
1505 1772 1664 1812 leporibus

938 1828 974 1849 ac
988 1824 1149 1849 venustate
1163 1819 1299 1858 simplici
1313 1821 1476 1859 superavit.

978 1879 1054 1909 Ver.
1072 1882 1165 1910 1434.
1180 1881 1327 1910 conmovit
1335 1880 1505 1920 funditus:
1531 1886 1566 1913 A.
1583 1894 1661 1915 com-

936 1933 1035 1962 munit
1047 1930 1202 1972 fimdilus.

977 1991 1059 2022 Ibid.
1090 2002 1216 2032 magnos
1244 1998 1344 2024 oestus.
1388 1993 1556 2035 Virgilius,
1586 1997 1661 2028 AEn.

934 2043 998 2075 viii.
1018 2047 1066 2075 19.

1130 2125 1221 2151 magno
1234 2126 1359 2145 curarum
1371 2119 1487 2146 fluctuat
1497 2125 1570 2146 aestu.

934 2192 979 2224 Et
993 2193 1131 2223 Lucretii
1146 2199 1286 2224 mentem
1300 2193 1344 2224 sic
1365 2193 1450 2225 idem
1466 2196 1661 2230 Mantuanus

935 2244 1024 2274 aliter
1040 2244 1192 2284 exposuit,
1210 2245 1284 2276 ibid.
1300 2245 1333 2275 ii.
1348 2248 1420 2277 419.

1096 2323 1179 2351 atque
1189 2320 1238 2344 imo
1250 2321 1348 2346 Nereus
1358 2320 1405 2346 ciet
1419 2323 1627 2355 aeqnoraftmdo.

976 2395 1051 2427 Ver.
1070 2399 1160 2429 1455.
1181 2404 1211 2429 et
1236 2397 1376 2439 sequitur
1400 2411 1546 2439 magnum
1571 2401 1606 2432 in
1621 2403 1659 2434 P.

936 2447 1033 2479 Vind.
1050 2455 1095 2480 Ω.
1121 2449 1208 2480 libris
1215 2461 1225 2488 ς
1247 2450 1353 2480 minus
1375 2457 1527 2490 potenter,
1554 2463 1589 2484 ac
1611 2464 1660 2485 ro-

935 2499 1122 2534 tunde—2⁸.
1145 2501 1239 2532 etiam
1254 2503 1371 2542 vigili&
1395 2503 1452 2534 sed
1473 2505 1486 2534 i
1505 2504 1541 2535 in
1555 2507 1664 2538 rasura}

935 2557 989 2582 est.

977 2609 1058 2640 Ibid.
1079 2612 1183 2651 vigiles
1198 2613 1247 2642 Sol
1260 2618 1288 2643 et
1303 2614 1388 2644 luna.
1425 2613 1661 2656 Pereleganter;

934 2665 1042 2700 utpote
1057 2661 1121 2702 qui,
1144 2673 1308 2703 nunquam
1323 2663 1484 2706 defatigati
1499 2675 1605 2707 cursu,
1619 2680 1663 2700 ne

934 2718 1025 2743 nocte
1040 2712 1177 2754 quidem,
1192 2716 1312 2746 cunctis
1325 2717 1566 2758 quiescentibus,

995 2807 1119 2817 —-—-
1128 2796 1200 2822 dulci
1210 2798 1346 2824 declinant
1353 2799 1457 2826 lumina
1467 2807 1573 2826 somno.

938 2866 1026 2898 Hinc
1050 2868 1223 2908 Homerus,
1254 2870 1293 2902 11.
1308 2875 1343 2904 Σ.
1371 2875 1442 2905 259.
1463 2874 1559 2913 probe
1581 2872 1673 2904 dixit-

938 2925 1035 2951 Ηελιον
1048 2926 1275 2954 ΑΚΑΜΑΝΤΑ.
