1926 3224
287 198 385 267 294⁷

782 217 844 264 T.
873 191 1273 273 v'12111013-132'1211
1301 232 1304 234 ·

430 347 540 389 Heic
560 347 726 387 demum
745 344 808 395 fit,
829 345 928 395 utei,
951 345 1071 387 turba
1091 347 1246 402 majore
1265 349 1421 400 coorta,
1448 361 1450 364 ’
1468 376 1473 380 -

317 425 400 462 465
432 420 489 463 Et
507 419 714 461 condensa
734 425 856 474 atque
875 426 965 460 arta
985 419 1197 474 adparere,
1219 429 1260 462 et
1281 422 1400 464 simul
1418 424 1507 478 ipso

427 493 594 534 Vortice
614 492 666 533 de
685 492 836 534 montis
856 493 1042 535 videatur
1061 509 1226 551 surgere
1246 495 1290 536 in
1310 496 1497 538 aethram.

428 567 540 609 Nam
559 566 649 609 loca
667 566 846 609 declarat
865 582 1024 609 sursum
1042 576 1210 610 ventosa
1229 577 1369 624 patere

431 641 515 682 Res
534 641 636 696 ipsa,
658 649 699 682 et
718 656 895 692 sensum,
916 642 1091 689 monteis
1111 657 1236 698 quom
1256 643 1541 686 adscendimus
1560 644 1673 687 altos.

489 714 710 766 Praeterea,
731 715 934 769 permulta
953 716 1058 757 mari
1078 731 1239 772 quoque
1259 717 1399 759 tollere
1419 726 1509 759 toto

316 789 400 830 470
431 788 619 844 Corpora
639 796 844 838 naturam,
866 788 1074 831 declarant
1092 790 1210 831 litore
1229 802 1357 832 vestes

432 862 691 916 Subspensae,
713 877 840 918 quom
859 864 1098 918 concipiunt
1121 863 1306 905 humoris
1325 864 1549 907 adhaesum.

288 1017 376 1056 Quas
391 1017 554 1049 inficetias!
571 1017 695 1059 qualem
709 1017 976 1051 inverecundiam!

328 1079 404 1110 Ver.
420 1082 492 1110 466.
514 1080 671 1110 videatur.-
695 1079 715 1109 i.
731 1089 757 1110 e.
779 1081 888 1117 ‘nubes5
912 1080 1009 1111 Vind.

291 1135 408 1168 autem,
424 1134 460 1161 Δ.
477 1136 521 1160 Ω.
535 1132 716 1161 videantur:
742 1130 827 1170 quod
841 1131 1009 1161 editoribus

288 1180 446 1211 immerito
460 1180 590 1220 placuit,
606 1181 724 1221 majore
740 1181 891 1212 librorum
904 1191 1010 1211 emen·

287 1231 434 1263 datorum
447 1241 579 1261 numero
594 1238 700 1262 contra
714 1237 821 1262 stante.

333 1291 414 1322 Ibid.
438 1294 471 1322 ἱη
486 1293 630 1322 aetlzram:
656 1294 679 1310 “
695 1290 750 1321 ubi
762 1296 923 1320 versantur
932 1290 1013 1320 scili-

289 1345 313 1363 “
329 1349 378 1373 cet
398 1342 492 1373 fulvae
523 1344 621 1372 nubes
646 1347 677 1372 et
700 1342 905 1375 crassissimae,
930 1342 1015 1383 (vide

289 1397 313 1413 “
329 1404 390 1424 ver.
406 1397 477 1424 460.
493 1403 566 1423 cum
581 1393 751 1432 annotatis)
775 1403 844 1433 quae
862 1393 929 1433 jam
944 1403 1013 1432 pos-

291 1448 314 1464 “
330 1450 404 1475 sunt
417 1443 514 1474 oculis
528 1443 686 1482 usurpari3
711 1453 748 1474 ex
773 1443 919 1474 tenuibus
944 1444 1013 1482 illis,

290 1500 314 1516 “
331 1496 396 1528 acie
410 1496 573 1526 oculorum
589 1496 696 1527 minus
717 1497 945 1537 contingendis,
969 1497 1014 1526 fa.

290 1551 313 1567 ‘⁶
329 1548 452 1579 bricatae
467 1558 502 1578 ac
516 1547 699 1578 contextae.'’
716 1549 820 1579 Locus
829 1548 1016 1589 quibusdam

291 1599 374 1629 male
389 1605 434 1629 est
449 1604 605 1638 acceptus;
628 1605 668 1635 et,
685 1609 726 1629 an
742 1599 893 1639 interpres
906 1610 1015 1630 verum

291 1649 412 1688 viderit,
428 1650 627 1680 vehementer
638 1650 756 1681 dubito.
781 1651 847 1686 Qui
857 1661 928 1682 vero
938 1662 1014 1692 qua-

290 1707 362 1732 tuor
373 1707 543 1741 postremos
557 1702 686 1742 hujusce
701 1702 820 1742 periodi
835 1713 941 1733 versus
956 1703 1015 1733 tol-

291 1753 401 1784 lendos
412 1753 603 1794 judicavere,
623 1765 687 1784 non
701 1754 850 1785 audiendi
865 1761 947 1790 sunt,
962 1754 1017 1785 sed

292 1805 403 1835 acriter
417 1805 612 1844 corripiendi,
624 1811 716 1846 atque
728 1807 768 1836 ob
779 1805 898 1845 ineptas
910 1815 1016 1835 emen-

292 1856 433 1887 dationes
448 1857 565 1887 scilicet
579 1857 740 1887 irridendi.

284 1915 289 1918 '
336 1915 412 1945 Ver.
430 1918 502 1946 467.
524 1917 608 1946 loca.-
634 1915 672 1945 P.
697 1917 740 1951 si‚·
771 1914 824 1945 sed
849 1915 1016 1945 emaculati

293 1966 417 1998 codices
439 1966 506 2006 ejus
521 1966 656 2008 vulgatae
678 1966 803 1997 lectioni
826 1966 1017 2006 adstipulan-

284 2022 360 2056 'tur3
384 2017 482 2048 Vind.
497 2018 539 2048 V.
554 2018 601 2048 ed.
617 2029 662 2055 se;
688 2024 722 2049 Δ.
737 2020 798 2053 veh
819 2023 853 2049 Σ.
867 2030 913 2049 ea.

338 2077 419 2109 Ibid.
445 2078 560 2108 Sensus
574 2084 633 2108 est:
666 2082 688 2097 “
706 2078 791 2108 Nam
806 2080 844 2108 ab
860 2079 1016 2118 experien-

295 2133 318 2150 “
335 2128 378 2159 tia
392 2128 552 2167 discimus,
578 2139 615 2159 ea
629 2129 709 2167 loca,
733 2139 803 2169 quae
817 2139 942 2159 summo
957 2129 1019 2159 sint

295 2183 318 2199 “
334 2189 425 2220 opere
440 2179 538 2210 ventis
554 2179 701 2219 exposita,
719 2190 784 2210 esse
795 2179 861 2210 sine
876 2181 1018 2211 obstacu-
1052 2197 1054 2199 >

294 2237 317 2253 ‘⁴
334 2233 373 2264 lis
387 2234 421 2264 in
437 2234 551 2263 aethera
563 2233 731 2273 patentia.''
767 2234 816 2264 Ex
830 2244 892 2274 quo
906 2244 1018 2274 genere

295 2285 412 2316 scilicet
426 2291 500 2315 sunt
520 2296 646 2316 summa
665 2285 822 2316 montium
845 2287 1018 2325 cacumina,

295 2336 336 2367 de
350 2336 462 2377 quibus
484 2347 588 2367 sermo
610 2336 771 2367 institutus
786 2343 839 2367 est.
878 2336 1017 2373 Ovidius,

297 2398 393 2420 amor.
408 2389 441 2419 ii.
460 2392 509 2419 16.
526 2392 572 2420 19.

459 2481 480 2505 si
491 2488 642 2513 premerem
654 2485 776 2506 ventosas
787 2481 907 2506 horridus
918 2481 1003 2514 Alpes.-

295 2561 317 2592 i.
333 2571 359 2592 e.
383 2563 407 2580 “
421 2563 556 2597 horrens,
582 2560 646 2591 sive
673 2561 867 2592 horrificatus
892 2561 1020 2601 superfi-

297 2615 320 2630 “
336 2611 430 2650 ciem,
445 2612 591 2651 corporis,
609 2612 880 2653 propter-fiig1‹s.''
918 2612 1021 2643 Hein-

296 2662 361 2693 sius
376 2672 484 2699 crasse,
507 2673 565 2693 nec
579 2662 750 2704 eleganter,
765 2674 918 2703 exponere
934 2674 1022 2694 voca.

297 2713 409 2744 bulum
423 2720 552 2744 conatus
566 2720 625 2744 est:
644 2714 682 2744 de
697 2725 760 2755 quo
773 2724 831 2745 nos
844 2714 927 2745 alibi.
950 2714 1021 2745 Ho-

297 2773 402 2794 merus
418 2771 491 2796 ιλιον
506 2775 590 2795 nunc
606 2778 729 2799 aiu-mnu
745 2766 868 2802 vocitat,
891 2771 921 2795 et
937 2775 1021 2796 nunc

295 2821 503 2853 congruenter
525 2829 700 2856 memma-av.
747 2816 809 2848 Sed
825 2816 908 2848 enim
924 2816 1021 2856 pudet

296 2864 467 2897 trivialibus
481 2868 650 2901 immorari.

1095 1020 1168 1051 Ver.
1183 1023 1255 1050 468.
1276 1026 1304 1050 et
1331 1030 1468 1055 sensum:
1504 1019 1567 1049 i.-e.
1589 1023 1612 1038 “
1626 1020 1672 1058 id,
1693 1021 1779 1062 quod

1054 1074 1076 1090 “
1093 1070 1275 1101 sentimus.'’
1303 1070 1440 1108 Nempe,
1462 1069 1547 1099 idem
1561 1075 1606 1099 est
1620 1080 1656 1100 ac
1671 1070 1698 1100 si
1711 1071 1781 1102 dix-

1055 1128 1127 1157 erat,
1149 1131 1252 1152 sensus
1267 1127 1376 1150 noster.
1416 1120 1467 1150 Sic
1489 1126 1596 1150 autem
1611 1121 1781 1154 castissime

1055 1178 1217 1202 exaratum
1233 1172 1424 1211 conspicitur
1447 1172 1480 1203 in
1502 1172 1602 1204 Vind.
1619 1174 1660 1204 V.
1676 1174 1723 1206 ed.
1739 1175 1779 1208 B.

1055 1223 1093 1253 L.
1111 1223 1158 1253 M.
1176 1229 1220 1254 Ω..
1231 1223 1352 1264 Vulgo,
1364 1226 1406 1254 ad
1413 1235 1550 1259 sensum;
1569 1230 1677 1255 contra
1686 1224 1782 1256 libros

1058 1278 1172 1303 veteres
1188 1274 1361 1305 universos:
1387 1275 1423 1305 P.
1440 1280 1475 1306 Δ.
1493 1279 1527 1306 Σ.
1548 1281 1578 1306 et
1592 1286 1695 1307 sensus
1705 1291 1717 1313 ,-
1741 1276 1782 1308 0.

1057 1331 1086 1356 et
1100 1328 1218 1356 sensim.
1242 1326 1282 1356 In
1299 1336 1432 1356 numero
1446 1325 1660 1357 multitudinis
1673 1337 1780 1366 perva—

1058 1383 1150 1417 gatus
1164 1383 1209 1407 est
1223 1378 1352 1418 hujusce
1366 1377 1510 1408 dictionis
1525 1388 1608 1412 usus.

1100 1428 1176 1458 Ver.
1198 1431 1270 1460 470.
1310 1431 1398 1460 litore
1418 1435 1517 1460 vestes.
1555 1428 1608 1459 Ita
1635 1438 1740 1468 supra,
1760 1429 1782 1461 i.

1057 1482 1129 1510 306.

1101 1530 1175 1560 Ver.
1191 1533 1262 1561 472.
1290 1533 1395 1566 Quod:
1421 1530 1440 1562 i.
1457 1541 1482 1562 e.
1500 1531 1665 1563 secundum
1681 1534 1762 1572 quod
1767 1546 1779 1568 ,-

1058 1587 1095 1612 ut
1108 1581 1209 1612 Graeci
1228 1583 1252 1620 ὅ,
1275 1593 1331 1622 pro
1346 1585 1413 1614 καθ’
1425 1583 1447 1614 ὅ.
1471 1583 1538 1613 Nos
1551 1584 1632 1614 hanc
1648 1583 1783 1615 usitatis-

1058 1633 1173 1664 simam
1195 1640 1358 1664 auctorum
1384 1634 1576 1673 optimorum
1600 1634 1784 1674 formulam,

1059 1683 1227 1715 editoribus
1241 1695 1352 1724 parum
1367 1684 1556 1715 intellectam
1571 1691 1663 1726 atque
1674 1686 1784 1716 oblite-

1060 1741 1189 1765 teratam
1218 1735 1411 1775 saepiuscule,
1450 1735 1597 1766 Lucretio
1626 1735 1786 1768 multoties

1062 1786 1094 1816 in
1118 1788 1326 1827 superioribus
1341 1788 1578 1827 vindicavimus,
1599 1799 1634 1819 ac
1649 1788 1785 1819 restitui-

1062 1848 1150 1876 mus;
1173 1839 1217 1869 ita
1231 1846 1267 1869 ut
1289 1849 1352 1870 non
1375 1850 1453 1878 opus
1475 1839 1516 1869 sit
1529 1839 1578 1869 vel
1600 1849 1703 1869 unum
1717 1849 1786 1870 ver-

1061 1889 1137 1919 bum
1151 1889 1286 1929 amplius
1301 1890 1433 1931 adjicere
1445 1890 1513 1929 jam
1532 1900 1626 1921 nunc.
1642 1890 1678 1920 P.
1688 1889 1787 1921 Vind.

1062 1947 1097 1972 Δ.
1118 1943 1199 1976 Qum
1228 1942 1267 1972 O.
1289 1944 1380 1976 Quid.
1405 1941 1456 1971 De
1471 1941 1577 1972 codice
1593 1942 1630 1972 Β.
1645 1939 1725 1971 nihil
1739 1941 1786 1971 di-

1062 2002 1109 2030 co,
1132 1999 1163 2022 et
1179 2003 1259 2032 saepe
1281 1993 1376 2028 tacui,
1397 2004 1497 2033 quum
1520 1993 1560 2023 sit
1590 1991 1789 2023 collatoribus

1062 2048 1331 2089 negligentissime
1347 2060 1505 2088 excussus,
1528 2048 1707 2080 testimonia
1721 2049 1788 2089 ejus

1062 2109 1185 2138 perraro
1202 2100 1417 2141 allegantibus,

1106 2152 1180 2181 Ver.
1196 2155 1266 2182 475.
1288 2154 1436 2183 momine:
1462 2152 1559 2182 Vind.
1577 2151 1615 2182 V.
1635 2151 1682 2182 ed.
1701 2156 1736 2182 Δ.
1752 2156 1787 2184 Σ.

1062 2204 1095 2233 z'n
1111 2205 1245 2240 homine;
1273 2203 1362 2244 cujus
1384 2203 1566 2243 corruptelae
1586 2202 1790 2238 nihilominus

1061 2253 1216 2293 perfacilis
1236 2260 1281 2285 est
1303 2255 1382 2285 ratio
1403 2253 1568 2285 reddenda.
1614 2253 1788 2292 Nimirum,

1062 2311 1168 2344 postea
1190 2315 1285 2345 quam
1305 2317 1345 2341 m,
1368 2305 1415 2335 vel
1441 2307 1487 2342 in,
1510 2314 1529 2334 a
1556 2309 1643 2343 parte
1672 2303 1791 2345 reliqua

1063 2355 1207 2386 dictionis
1232 2357 1419 2386 abstractum
1447 2355 1566 2394 fuisset,
1601 2353 1700 2385 futilis
1731 2365 1790 2385 vox

1063 2409 1162 2438 omine
1177 2407 1238 2438 cito
1252 2407 1376 2438 literam
1391 2407 1631 2444 nancisceretur,
1647 2405 1732 2437 unde
1745 2405 1789 2436 le-

1064 2458 1213 2498 gitimum
1243 2469 1359 2489 nomen
1390 2464 1492 2498 posset
1520 2468 1720 2489 succrescere.
1751 2457 1788 2488 L.

1068 2509 1115 2538 M.
1135 2508 1174 2539 Ο.
1189 2512 1320 2541 nomine.
1350 2510 1372 2541 J
1375 2519 1427 2540 am
1442 2519 1515 2540 vero
1529 2520 1644 2540 momen
1659 2518 1789 2549 genera-

1065 2559 1135 2589 liter
1149 2560 1230 2590 valet
1251 2560 1294 2597 id,
1319 2564 1342 2579 “
1357 2560 1440 2601 quod
1464 2560 1497 2590 in
1526 2562 1619 2591 rebus
1641 2561 1790 2590 movendis

1066 2613 1088 2629 “
1105 2611 1216 2642 valet.''
1263 2612 1374 2652 Neque
1397 2611 1549 2651 discrepat
1574 2615 1704 2651 cognata
1731 2620 1789 2640 vox

1066 2671 1257 2695 momentum.
1274 2665 1440 2695 Lucretius
1451 2664 1525 2695 alibi
1538 2662 1704 2702 usurpavit.
1719 2663 1789 2692 ,Μο-

1064 2726 1132 2746 men
1146 2715 1241 2756 igitur
1258 2719 1349 2756 ponti
1363 2716 1444 2746 valet
1458 2717 1575 2746 mobilis
1589 2716 1678 2746 moles
1689 2716 1789 2753 pomi,

1066 2766 1112 2796 vel
1128 2769 1239 2797 motari
1249 2766 1373 2808 facilis;
1400 2771 1523 2806 propter
1535 2767 1674 2806 fluidam
1697 2770 1788 2794 natu-

1064 2827 1132 2847 ram
1155 2818 1284 2849 scilicet:
1310 2818 1449 2849 conferas
1471 2816 1576 2857 paullo
1601 2827 1704 2856 supra,
1727 2826 1788 2847 ver.

1065 2872 1138 2900 404.
1161 2870 1215 2901 ubi
1231 2880 1339 2902 sensus
1354 2869 1438 2901 idem
1453 2868 1658 2901 diversimode
1670 2867 1789 2910 signifi-
