1926 3224
562 244 794 294 LIBER
831 240 1188 299 QUINTUS.

1524 245 1616 284 203

276 379 480 422 Horribili
501 379 637 420 sonitu
657 376 784 433 sylvas
804 374 997 416 exederat
1015 373 1104 414 altis

275 455 344 495 Ab
366 454 582 503 radicibus,
615 461 654 494 et
674 460 825 492 terram
844 456 1088 504 percoxerat
1107 446 1214 503 igni3

277 529 480 571 Manabat
499 528 610 568 venis
629 524 891 572 ferventibus,
922 523 966 562 in
987 521 1078 562 loca
1099 529 1220 562 terrae

137 606 243 643 1255
277 602 470 643 Concava
489 600 749 646 conveniens,
781 595 940 651 argenti
961 595 1085 643 rivus,
1117 602 1158 633 et
1177 593 1283 642 auri3

275 675 390 716 AEris
409 676 523 723 item,
555 681 596 714 et
614 670 786 726 plumbi:
819 683 929 724 quae,
959 682 1086 724 quom
1105 674 1298 708 concreta
1315 664 1505 706 videbant

275 748 482 790 Posterius
502 746 612 788 claro
633 746 676 786 in
697 753 825 786 terras
845 741 1058 798 splendere
1077 741 1228 792 colore,

276 821 509 870 Tollebant,
541 819 673 860 nitido
693 818 824 873 captei
845 817 1016 871 laevique
1035 816 1191 871 lepore3

275 894 331 936 Et
351 895 469 935 simili
489 893 663 935 formata
683 891 878 933 videbant
897 905 982 931 esse
1002 888 1152 946 figura,

139 973 245 1010 1260
277 970 415 1024 Atque
434 968 671 1010 lacunarum
693 966 855 1007 fuerant
875 964 1043 1020 vestigia
1063 962 1256 1018 quoique:

277 1043 389 1084 Tum
407 1042 648 1098 penetrabat
666 1056 750 1091 eOS,
780 1053 898 1095 posse
916 1037 1022 1088 haec,
1053 1035 1268 1091 liquefacta
1286 1049 1451 1095 vapore,

166 1232 233 1256 Haec
244 1230 338 1256 eadem
349 1229 446 1261 argenti
456 1228 540 1258 rivos,
556 1227 667 1259 aerisque
677 1227 797 1256 metalla,

167 1269 290 1296 Ostendit
301 1269 390 1297 verim
407 1272 489 1299 atque
499 1275 563 1292 auro
580 1267 694 1299 plurima
701 1266 795 1297 stuxit.

179 1344 253 1376 Ver.
275 1348 365 1376 1256.
387 1349 525 1375 concreta
532 1359 543 1379 ‚-
567 1343 600 1372 in
623 1344 752 1382 glaciem
777 1340 858 1371 scili-

135 1404 196 1438 cet,
218 1399 249 1429 vi
264 1397 400 1438 frigoris:
427 1395 534 1426 confer
548 1395 590 1425 sis
609 1400 763 1432 nostrum,
788 1392 827 1423 ad
841 1393 861 1423 i.

137 1453 209 1481 494.

181 1502 256 1532 Ver.
274 1504 365 1533 1257.
388 1503 421 1531 in
447 1506 562 1531 terras:
592 1499 610 1529 i.
637 1509 662 1529 e.
685 1508 776 1537 super
802 1503 862 1527 ter-

138 1564 204 1591 ras3
226 1553 451 1583 hodiernorum
472 1558 577 1582 autem
600 1550 755 1580 editorum
777 1549 862 1578 inve-

139 1604 284 1636 recundae
309 1615 421 1634 manus
452 1602 671 1641 rescripserunt
701 1603 733 1630 in
763 1602 865 1637 terris,

138 1662 248 1686 contra
276 1656 382 1685 omnia
418 1653 605 1692 exemplaria
633 1657 762 1688 vetusta,
799 1657 865 1679 tam

139 1717 238 1737 manu
253 1712 387 1741 exarata,
403 1716 501 1746 quam
516 1705 666 1743 impressa
680 1703 768 1743 typis.
802 1702 865 1731 Re-

138 1759 264 1789 vertaris
279 1763 427 1788 annotata
441 1757 474 1787 in
489 1757 508 1787 i.
526 1760 596 1788 889.

182 1811 257 1840 Ver.
277 1812 366 1841 1‘258.
397 1810 513 1849 capcez':
546 1808 583 1838 L.
614 1807 661 1837 M.
693 1805 732 1836 O.
761 1810 796 1835 Δ.
824 1811 865 1834 Π.

143 1862 377 1902 capici.—laevi.·
406 1861 534 1891 1'1.leni.

184 1911 266 1947 Ibid.
285 1913 400 1952 lepore:
432 1912 452 1941 i.
476 1921 502 1941 e.
520 1908 664 1951 jucunda
690 1913 850 1938 venustate
857 1918 867 1944 ;

140 1963 268 1997 ἡδυτῆτι.

183 2015 256 2044 Ver.
273 2016 366 2045 1259.
388 2014 547 2044 videbant:
573 2011 670 2042 Vind.
695 2015 729 2042 Σ.
753 2017 797 2041 Ω.
820 2012 864 2041 ὐἰ-

138 2066 242 2101 debac‚·
266 2065 309 2095 V.
324 2064 371 2095 ed.
386 2066 541 2095 videbant.

183 2125 258 2156 Ver.
274 2128 366 2155 1261.
391 2135 516 2164 vapore:
551 2123 629 2153 Pius
650 2126 759 2152 monet
787 2130 868 2151 non-

142 2176 246 2206 nullos
268 2176 312 2206 sic
336 2181 426 2206 aetate
449 2174 506 2205 sua
529 2174 657 2215 legisse3
686 2172 748 2213 qua
772 2172 867 2210 scrip-

141 2227 213 2258 tura
238 2228 318 2257 nihil
347 2228 460 2265 verius,
494 2233 549 2256 aut
577 2226 649 2255 usui
679 2224 869 2255 Lucretiano

142 2281 386 2311 convenientius.
429 2280 509 2319 Ejus
532 2277 706 2316 corruptela
727 2282 773 2306 est
797 2276 870 2305 satis

142 2333 234 2363 obvia
249 2346 282 2362 ero
297 2332 348 2362 Pii
360 2333 483 2372 favore,
499 2341 537 2360 ex
549 2340 660 2370 pavore
676 2328 865 2358 derivatum:

143 2383 214 2414 vide
235 2393 292 2412 uos
314 2383 354 2413 ad
374 2383 418 2412 iii.
440 2386 512 2413 506.
535 2387 566 2411 et
579 2390 640 2410 var.
655 2380 737 2409 lectt.
753 2379 792 2409 ad
817 2378 870 2408 Sil.

146 2435 188 2465 It.
203 2434 246 2464 iii.
263 2438 334 2465 690.
357 2444 396 2463 ne
411 2433 494 2463 locos
515 2432 592 2462 alios
614 2431 762 2470 allegem:
788 2436 819 2459 et
837 2443 870 2460 ero

145 2488 245 2518 calore
260 2486 451 2525 reliquorum
475 2484 689 2523 exemplorum
709 2481 795 2512 haud
810 2481 869 2511 du-

143 2538 194 2569 bie
216 2543 262 2568 est
287 2548 324 2567 ex
347 2535 449 2577 glossa
469 2536 575 2566 minus
592 2539 765 2574 pervagatae
779 2533 871 2562 vocis.

143 2589 256 2620 Viden'
277 2596 381 2619 tamen
397 2588 493 2628 possit
508 2587 662 2627 Virgilius
682 2587 811 2620 obstare,
834 2583 873 2614 ad

143 2653 212 2684 geo.
227 2643 265 2674 iv.
280 2646 331 2673 56.

293 2713 442 2743 eademque
452 2710 521 2736 calor
531 2709 668 2742 liquefacta
679 2708 804 2733 remittit.

188 2778 270 2810 Ibid.
287 2780 485 2819 penetrabat:
513 2789 600 2819 ειςῃει,
615 2788 768 2816 ειςηρχειτο.
790 2773 873 2803 Tur-

145 2831 263 2867 nebus;
284 2831 372 2860 bene.
409 2829 549 2865 Tacitus,
572 2837 648 2857 ann.
664 2826 708 2856 iii.
723 2829 752 2856 4.
774 2828 797 2843 “
815 2824 874 2854 Ni-

147 2884 171 2900 “
185 2881 233 2912 hil
253 2887 359 2913 tamen
381 2881 546 2912 Tiberium
569 2879 669 2920 magis
691 2878 875 2918 penetravit,

150 2935 175 2952 “
191 2942 288 2974 quam
311 2932 416 2964 studia
437 2931 604 2970 hominum
626 2939 754 2962 accensa
774 2929 808 2960 in
828 2928 875 2960 A·

902 1230 924 1246 ‘⁴
940 1224 1158 1266 grippinam:”
1189 1223 1210 1254 i.
1232 1233 1258 1254 e.
1288 1221 1378 1252 nulla
1398 1220 1460 1252 alia
1481 1219 1627 1260 cogitatio

902 1287 934 1307 se
955 1276 1053 1306 menti
1078 1274 1216 1314 penitius
1236 1273 1350 1311 infixit,
1378 1277 1470 1312 atque
1492 1270 1526 1300 in
1549 1281 1627 1310 prae-

903 1329 1008 1359 cordia
1023 1327 1190 1359 descendit.

947 1381 1021 1410 Ver.
1038 1382 1130 1410 1264.
1146 1379 1363 1419 procudenda:
1398 1382 1440 1406 Π.
1456 1376 1630 1415 producen-

905 1433 951 1462 do.
998 1430 1147 1461 Similiter
1168 1428 1310 1460 adhibuit
1332 1437 1440 1458 vocem
1462 1425 1629 1466 Virgilius,

906 1493 973 1524 geo.
989 1482 1008 1512 i.
1027 1485 1099 1513 261.

1163 1561 1262 1585 durum
1270 1559 1387 1592 procudit
1398 1562 1487 1584 arator

969 1602 1088 1626 vomeris
1099 1601 1186 1625 obtusi
1196 1600 1378 1624 dentem—-

949 1677 1025 1706 Ver.
1042 1679 1134 1706 1265.
1159 1682 1187 1706 ει·
1219 1677 1350 1706 caedcre:
1387 1674 1425 1704 P.
1457 1674 1497 1704 Ο.
1530 1677 1564 1704 Δ.
1592 1678 1634 1702 Π.

906 1730 1042 1759 excidere
1048 1743 1059 1763 ,-
1083 1727 1129 1756 uti
1144 1726 1176 1755 in
1199 1725 1291 1755 editis
1306 1725 1426 1764 vulgari
1448 1724 1533 1759 solet,
1555 1723 1635 1762 opti-

908 1780 968 1809 mis
997 1779 1083 1809 libris
1112 1783 1219 1807 contra
1253 1777 1414 1806 stantibus.
1461 1776 1542 1806 Sane
1571 1785 1635 1804 non

909 1832 1052 1862 dubitem
1077 1831 1158 1860 hanc
1180 1828 1391 1859 diversitatem
1414 1827 1637 1857 correctoribus

910 1885 1028 1916 inscitis
1042 1885 1209 1923 imputare,
1232 1888 1420 1912 structuram
1441 1891 1507 1910 non
1521 1879 1635 1910 callen-

910 1940 1003 1976 tibus,
1019 1935 1295 1979 neque'pulehram
1306 1935 1536 1975 proportionem
1551 1933 1637 1963 clau-

911 1992 1052 2021 sularum
1066 1990 1310 2029 dispicientibus.
1357 1987 1458 2017 Aliter
1475 1985 1638 2026 cogitavis-

910 2054 976 2073 sem
992 2043 1031 2073 de
1046 2041 1221 2072 vetustioris
1236 2039 1394 2078 scripturae
1408 2036 1638 2076 depravatione,

911 2106 966 2135 per
980 2094 1215 2125 usitatissimam
1241 2092 1413 2121 formarum
1430 2101 1446 2119 c
1470 2099 1505 2119 ac
1526 2095 1537 2118 t
1553 2097 1637 2117 com·

911 2147 1137 2182 mutationem3
1165 2144 1209 2173 ita
1232 2149 1269 2172 ut
1296 2149 1325 2173 et
1351 2143 1464 2172 ccedere
1487 2139 1641 2170 effluxerit

913 2200 951 2229 ab
965 2200 1124 2234 eccaedere,
1138 2195 1187 2225 vel
1203 2196 1374 2226 ecscaeclere.
1389 2191 1555 2232 Virgilius,
1571 2201 1638 2232 geo.

913 2251 934 2281 i.
952 2252 1022 2280 175.

1006 2322 1117 2348 Caeditur
1126 2325 1154 2347 et
1165 2320 1220 2345 tilia
1231 2324 1294 2345 ante
1300 2320 1366 2352 jugo
1376 2317 1512 2353 levis-—.

957 2388 1031 2417 Ver.
1048 2390 1140 2416 1266.
1165 2385 1237 2414 Non
1254 2393 1348 2413 ausus
1361 2391 1433 2412 sum
1453 2379 1641 2411 emendatis-

913 2438 999 2468 simis
1013 2435 1242 2476 exemplaribus
1257 2444 1310 2464 me
1324 2442 1491 2472 opponere,
1506 2441 1641 2472 quorum

914 2490 1082 2529 scripturas
1110 2497 1205 2528 quam
1233 2485 1375 2525 proxime
1411 2489 1642 2523 repraesentatas

914 2542 1016 2571 habes.
1064 2538 1228 2578 Inteuigas
1256 2537 1353 2577 igitur
1381 2545 1505 2566 necesse
1534 2541 1580 2565 est
1609 2548 1642 2565 «ra

916 2595 1014 2623 levare
1029 2601 1156 2621 sensum
1177 2591 1290 2619 habere
1314 2591 1336 2606 “
1353 2587 1513 2618 frondium
1535 2596 1642 2625 exspo-

917 2647 939 2662 “
955 2643 1143 2678 liandarum,
1171 2647 1263 2681 atque
1289 2649 1448 2669 ramorum
1471 2637 1642 2677 superfluo-

918 2698 940 2714 “
956 2692 1060 2726 rum.'’
1104 2693 1156 2723 Ita
1171 2693 1380 2729 Mantuanus,
1394 2700 1463 2731 geo.
1477 2689 1512 2720 ii.
1529 2693 1601 2720 400.

1327 2776 1409 2796 omne
1419 2769 1564 2795 levandum

980 2812 1074 2837 Fronde
1084 2819 1251 2837 nemus—-

920 2877 1032 2918 Neque
1045 2875 1094 2906 his
1108 2875 1229 2906 alienus
1243 2879 1300 2914 est,
1317 2879 1353 2906 ut
1373 2872 1505 2910 videtur,
1522 2870 1644 2903 Marius

921 2929 1042 2966 Victor,
1056 2928 1090 2959 in
1105 2938 1178 2969 gen.
1194 2927 1227 2959 ii.
1243 2930 1293 2959 77.

877 2988 944 3019 05
