1926 3224
255 248 321 291 62

762 245 822 292 T.
863 241 1234 292 LUCRETII

402 373 571 430 Magnis
590 372 642 413 de
661 371 782 412 rebus
801 370 909 410 inter
929 383 970 409 se
990 382 1157 410 cernere
1175 374 1355 417 certant3

292 451 372 487 395
405 446 545 495 Quom
566 443 688 485 semel
706 444 863 484 interea
881 441 1004 484 fuerit
1023 441 1281 496 superantior
1299 440 1423 498 ignis,

406 519 461 559 Et
482 516 619 565 semel,
640 524 686 557 ut
705 515 814 557 fama
833 523 907 565 est,
928 515 1079 556 humor
1098 515 1279 572 regnarit
1297 515 1341 555 in
1361 513 1478 555 arvis.

406 590 519 647 Ignis
542 589 654 630 enim
673 589 894 644 superavit,
915 596 956 631 et
974 588 1143 630 ambens
1161 588 1290 630 multa
1308 588 1497 643 perussit,

265 747 334 774 188.
358 744 381 775 οἱ
402 755 527 777 arvum-⁵3
543 751 680 783 μεγαλα·
706 753 763 774 nec
778 754 842 774 uon
859 743 986 784 Virgili-

267 806 316 833 us,
340 795 415 825 AEn.
431 795 481 825 vii.
497 798 568 826 510.

473 871 548 903 rapta
559 871 658 903 spirans
668 872 770 897 inmane
780 873 879 898 securi:

265 942 295 966 et
313 936 441 974 Statius,
456 935 522 966 silva
541 946 568 966 ν.
583 939 612 966 5.
630 939 678 967 11.
694 936 846 968 similiter:

359 1009 445 1038 Ibam,
456 1008 538 1033 altum
548 1008 718 1042 spirans—.

269 1075 368 1105 Plura
382 1074 487 1106 videas
500 1076 534 1106 in
551 1076 623 1108 silv.
641 1077 717 1108 erit.
733 1083 805 1109 sect.
821 1078 880 1110 ciii.
895 1079 921 1109 si
936 1090 988 1110 va-

268 1132 325 1157 cet.

311 1176 384 1207 Ver.
399 1179 472 1208 594.
493 1184 628 1209 certant:
654 1185 695 1209 Π.
710 1186 827 1211 tentant
832 1197 842 1217 ;
866 1181 990 1212 librario

269 1234 447 1267 κακοφωηαι
455 1228 669 1260 consimilium
679 1230 877 1270 syllabarum,
887 1238 923 1262 ut
934 1243 992 1271 pu-

269 1284 345 1316 tem,
369 1288 434 1309 non
449 1287 674 1320 concoquente:
701 1292 772 1322 quae
787 1283 932 1315 Lucretio
947 1291 992 1314 ta-

270 1339 353 1366 men,
376 1330 424 1360 uti
439 1330 549 1361 multis
569 1333 721 1372 exemplis
736 1335 918 1371 ostenditur,
933 1337 993 1366 mi-

271 1380 357 1411 nime
371 1381 538 1421 displicuit.

315 1432 396 1463 Ibid.
418 1444 557 1464 cernere:
574 1444 630 1473 pro
643 1435 814 1473 composito
827 1438 992 1470 decernere,

271 1483 321 1513 vel
335 1483 523 1524 dijudicare;
545 1494 601 1523 per
623 1484 857 1515 translationem
873 1496 910 1515 ex
925 1498 995 1517 ocu-

272 1536 311 1565 lis
326 1534 461 1570 ductam,
492 1544 626 1574 quorum
642 1545 700 1574 ope
715 1535 754 1565 de
770 1537 860 1566 rebus
874 1543 996 1567 senten—

274 1585 351 1615 tiam
373 1585 513 1616 valemus
534 1587 753 1625 pronunciare,
776 1594 868 1628 atque
894 1589 999 1620 animo

274 1636 428 1667 dubitanti
445 1638 626 1669 satisfacere.
665 1638 741 1669 Pari
759 1639 854 1670 modo
870 1641 999 1682 Virgili-

278 1697 326 1726 us,
350 1688 427 1718 AEn.
444 1689 496 1719 xii.
514 1692 584 1720 709.

657 1774 751 1804 Stupet
762 1773 816 1804 ipse
827 1774 947 1803 Latinus,

339 1812 468 1843 ingentis,
480 1812 583 1843 genitos
594 1812 704 1837 diversis
715 1813 834 1843 partibus
844 1814 923 1844 orbis,

341 1851 414 1874 Inter
424 1857 452 1875 se
463 1851 554 1874 coiisse
565 1850 644 1880 viros,
661 1854 689 1876 et
700 1859 797 1875 cernere
808 1851 888 1877 ferro.

282 1924 336 1955 Ad
349 1934 443 1964 quem
458 1924 564 1954 locum
577 1924 712 1963 Servius,
729 1926 1004 1968 eruditissimaeque

283 1975 500 2006 annotationes
523 1976 660 2013 Heinsii,
684 1986 758 2006 cum
784 1977 890 2007 Nonio
916 1979 1003 2008 Mar-

283 2027 371 2063 cello,
394 2027 432 2057 iv.
448 2031 499 2058 69.
515 2028 604 2057 nobis
618 2029 719 2058 otium
733 2039 825 2068 super
839 2030 898 2060 hoc
914 2031 1006 2060 verbo

283 2088 378 2118 quam
394 2084 568 2116 opportune
582 2077 710 2108 faciunt.

330 2130 402 2160 Ver.
425 2133 496 2161 395.
529 2133 658 2162 interea.-
683 2131 726 2162 sic
752 2132 893 2163 scribitur
915 2134 947 2164 in
971 2134 1006 2164 L.

288 2181 327 2211 O.
353 2186 387 2211 A.
415 2187 461 2211 Ω.
495 2191 597 2222 neque
625 2182 715 2212 aliter
738 2183 833 2213 editio
857 2184 1008 2223 Juntina;

288 2241 358 2261 meo
373 2231 481 2272 gustui
498 2232 591 2272 longe
607 2233 766 2264 venustius
777 2240 807 2264 et
821 2235 1010 2276 exquisitius.

290 2283 386 2318 Quasi
410 2283 543 2313 dixerat:
585 2287 607 2302 ‘⁴
634 2284 720 2320 Quid
744 2286 869 2318 autem?
893 2297 932 2316 an
957 2297 1011 2318 ne·

291 2337 313 2351 “
329 2343 413 2363 cesse
440 2340 485 2364 est
507 2340 543 2364 ut
567 2344 662 2365 vanas
686 2337 868 2376 hypotheses
894 2337 1011 2368 solum·

291 2388 313 2403 “
330 2385 425 2416 modo
434 2385 596 2426 jactemus
619 2392 652 2417 et
662 2387 701 2417 de
716 2389 914 2427 probabiliter
918 2389 1011 2431 fiatu—

293 2440 314 2453 ⁴⁶
330 2438 374 2467 ris
405 2442 527 2467 tantum
557 2437 743 2478 loquamur?
774 2442 907 2476 Interea,
937 2440 1014 2471 dum

294 2489 316 2503 “
332 2492 457 2526 tempus
471 2487 730 2527 disputationibus
745 2490 942 2526 conterimus
968 2502 1016 2522 res

294 2539 317 2553 “
333 2539 464 2567 omnino
478 2539 637 2578 quondam
658 2539 741 2570 facta
762 2541 836 2572 est?
883 2542 1017 2584 Reliqua

295 2590 484 2629 exemplaria
498 2591 584 2629 dant,
609 2595 642 2624 in
657 2593 752 2624 terr-ci.

340 2641 422 2672 Ibid.
437 2647 638 2683 superantior.
661 2646 768 2677 Etiam
783 2646 818 2676 in
832 2647 1018 2686 superlativo

296 2691 326 2721 J.
344 2692 476 2729 Solinus,
499 2705 563 2734 cap.
581 2699 608 2725 2.
624 2707 654 2735 p.
673 2700 720 2727 11.
751 2701 773 2716 “
790 2697 843 2728 Ad
858 2699 935 2736 haec,
954 2699 1017 2729 Ita÷

297 2742 378 2772 “lia
393 2744 480 2774 Pado
494 2745 576 2776 clara
600 2753 661 2784 est;
681 2757 774 2788 quem
798 2759 890 2780 mons
914 2750 1016 2780 Vesu-

297 2797 320 2811 “
337 2793 397 2831 lus,
419 2799 684 2834 superantt'ssimus
713 2799 795 2830 inter
819 2800 899 2842 juga
927 2801 1017 2841 Alpi-

299 2848 321 2862 “
338 2854 406 2882 um,
421 2847 541 2885 gremio
555 2858 612 2878 suo
626 2849 801 2882 fundit—.’'

342 2894 414 2926 Ver.
429 2899 501 2928 596.
523 2902 679 2937 regnarit:
704 2901 745 2932 V.
769 2902 816 2933 ed.
846 2909 887 2934 11.
909 2914 1018 2943 regna-

1029 745 1088 779 vit,-
1106 742 1192 784 justa
1207 749 1385 782 temporum
1405 741 1523 771 ratione
1544 750 1609 771 non
1623 748 1744 772 conser-

1031 794 1109 825 vata.
1155 794 1334 825 Gassendus
1355 803 1394 824 ex
1418 792 1557 833 ingenio,
1585 795 1747 833 superarit.

1033 845 1120 882 Quid
1135 852 1240 877 autem
1262 856 1319 876 nos
1340 845 1449 876 attinet
1463 855 1612 875 nauseam
1625 844 1746 876 lectori-

1028 898 1086 928 bus
1094 897 1203 937 lepidis
1214 907 1347 932 movere,
1359 895 1548 926 recensendo
1559 895 1749 935 ineptissima

1030 948 1150 978 somnia
1162 947 1339 984 hominum,
1362 957 1419 976 nec
1434 957 1499 976 rem
1516 947 1664 983 criticam,
1692 957 1749 977 nec

1032 999 1171 1029 Veneres
1185 999 1330 1038 politicaS,
1345 997 1547 1029 callentium?
1573 998 1680 1029 Multa
1690 999 1752 1029 hu-

1027 1050 1202 1090 juscemodi
1218 1050 1342 1080 silentio
1357 1049 1630 1088 praetermittimus.

1077 1102 1156 1132 Ibid.
1178 1104 1286 1132 humor
1299 1103 1444 1140 regnarit.
1489 1100 1536 1130 Ut
1558 1100 1753 1131 Mantuanus

1033 1153 1071 1184 de
1086 1155 1167 1193 igne,
1190 1152 1228 1182 ad
1243 1162 1310 1192 geo.
1329 1152 1360 1181 ii.
1375 1155 1447 1183 506.

1050 1223 1098 1246 Per
1108 1227 1194 1245 ramos
1205 1220 1303 1250 victor,
1313 1227 1413 1252 perque
1424 1220 1478 1244 alta
1489 1220 1640 1250 cacumina,
1655 1223 1752 1252 regnat.

1039 1289 1232 1320 Claudianus
1247 1289 1341 1319 etiam
1355 1288 1394 1319 de
1407 1295 1555 1328 magnete,
1570 1288 1611 1319 ad
1624 1288 1734 1319 finem:

1230 1366 1315 1398 rigido
1325 1369 1431 1398 regnant
1442 1366 1468 1389 in
1479 1372 1613 1390 marmore
1615 1364 1741 1396 stamme.

1040 1430 1091 1459 Sic
1106 1430 1160 1459 alii
1175 1430 1302 1468 saepius:
1327 1429 1434 1459 confer
1447 1430 1524 1460 Stat.
1537 1430 1602 1460 silV.
1619 1432 1647 1460 5.
1665 1433 1693 1460 l.
1709 1433 1759 1460 29.

1039 1488 1071 1512 et
1085 1492 1153 1519 nos,
1176 1482 1207 1512 ii.
1225 1485 1296 1513 957.
1319 1482 1469 1520 superius,

1084 1534 1157 1563 Ver.
1173 1537 1247 1564 597.
1270 1534 1407 1564 ambens:
1436 1533 1479 1563 sic
1504 1533 1667 1573 purissime
1690 1532 1760 1573 qui-

1042 1584 1115 1614 dam
1130 1585 1179 1615 Pii
1195 1584 1326 1622 codices,
1349 1584 1445 1615 Vind.
1469 1585 1504 1615 L.
1529 1585 1576 1615 M.
1603 1584 1643 1615 Ο.
1667 1590 1702 1614 Δ.
1726 1588 1761 1615 Σ.

1043 1646 1114 1666 cum
1130 1636 1280 1673 Junfin&
1305 1636 1340 1666 Ρ.
1357 1635 1398 1665 V.
1416 1635 1464 1665 ed.
1483 1636 1521 1666 B.
1542 1637 1676 1666 ambiens
1682 1649 1694 1670 ,·
1721 1641 1761 1665 Π.

1042 1689 1170 1723 ambies,·
1196 1694 1239 1718 Ω.
1265 1688 1396 1723 umbem,-
1421 1693 1452 1717 et
1474 1688 1608 1718 ambiens
1630 1687 1665 1717 in
1679 1696 1761 1718 mar-

1044 1738 1129 1780 gine,
1152 1738 1205 1768 sed
1221 1748 1239 1767 a
1253 1738 1422 1768 recentiore
1437 1748 1543 1768 manu.

1090 1789 1168 1819 Ibid.
1203 1791 1290 1828 Ignis
1316 1791 1477 1829 superavit.
1512 1789 1617 1827 Maro,
1640 1799 1707 1830 geo.
1730 1789 1762 1819 ii.

1045 1843 1117 1870 531.

1269 1916 1369 1946 superae
1379 1916 1457 1938 tener
1467 1913 1592 1938 omnibus
1600 1913 1698 1939 humor.

1093 1984 1171 2014 Ibid.
1193 1986 1330 2015 ambens:
1367 1984 1387 2013 i.
1414 1994 1440 2014 e.
1472 1983 1647 2015 ambedens.
1691 1984 1767 2014 Ter-

1049 2036 1124 2066 tiam
1151 2045 1314 2074 personam
1337 2035 1496 2074 praesenu’s
1517 2036 1674 2074 temporis,
1703 2047 1769 2066 am-

1049 2088 1109 2118 best
1125 2086 1284 2120 nimirum,
1301 2087 1411 2116 Festus
1424 2086 1564 2127 agnoscit
1577 2086 1610 2116 in
1626 2095 1770 2116 onomas-

1051 2138 1128 2175 tico;
1151 2144 1256 2168 noster
1273 2137 1381 2173 Carus,
1397 2138 1440 2168 iii.
1458 2140 1549 2169 1007.
1563 2144 1656 2174 erest,-
1673 2138 1770 2168 Plau-

1052 2195 1114 2226 tus,
1137 2194 1168 2218 et
1199 2189 1262 2224 alii,
1293 2196 1399 2219 comest
1428 2199 1464 2219 ac
1489 2199 1624 2226 comesse,
1650 2189 1771 2228 saepius.

1055 2239 1105 2269 De
1129 2240 1187 2269 hac
1211 2246 1315 2270 autem
1340 2239 1538 2270 usitatissima
1561 2239 1772 2278 translatione,

1055 2302 1125 2331 quae
1139 2293 1276 2322 dentibus
1297 2293 1404 2332 ignem
1419 2291 1555 2325 instruit,
1580 2291 1688 2322 omnia
1700 2294 1775 2322 suut

1057 2349 1231 2382 pervagata,
1247 2349 1284 2372 ut
1298 2342 1376 2372 nihil
1391 2353 1497 2382 supra3
1519 2348 1611 2382 atque
1626 2342 1659 2372 in
1670 2347 1776 2382 aperto

1051 2393 1168 2433 jacent.

1101 2444 1177 2474 Ver.
1193 2447 1266 2476 598.
1289 2446 1498 2475 Pha‘e'llzonta:
1525 2443 1620 2474 Vind.
1645 2445 1776 2475 Pheton-

1057 2503 1143 2532 tana,·
1162 2497 1202 2526 V.
1214 2496 1260 2528 ed.
1279 2497 1317 2527 0.
1329 2499 1495 2537 phoetonuu
1523 2502 1616 2535 prout
1628 2495 1693 2526 fere
1706 2505 1777 2536 pec-

1059 2553 1130 2576 cant
1146 2547 1178 2577 iu
1194 2547 1372 2578 nominibus
1382 2547 1514 2587 propriis
1528 2546 1651 2577 librarii.

1105 2598 1183 2628 lbid.
1206 2609 1302 2639 rapax·
1316 2601 1377 2630 vis.-
1401 2599 1442 2629 ob
1462 2597 1568 2628 omnia
1587 2595 1777 2635 arripientes,

1060 2654 1091 2679 et
1100 2649 1286 2685 haurientes,
1292 2651 1441 2691 flammas
1453 2647 1583 2684 sdlioet;
1598 2653 1634 2676 ut
1643 2645 1698 2676 alii
1708 2657 1777 2686 pas-

1061 2699 1121 2729 sim
1136 2700 1287 2731 similiter.
1331 2699 1501 2736 Aradum,
1526 2697 1578 2728 lib.
1591 2697 1643 2728 vii.
1657 2707 1690 2736 p.
1707 2700 1779 2728 242.

1060 2755 1128 2775 —“
1142 2758 1212 2782 tura
1226 2762 1300 2782 cum
1313 2751 1458 2782 carnibus
1470 2751 1631 2790 rapacium
1647 2748 1778 2779 alimen-

1062 2806 1085 2821 “
1100 2809 1133 2833 ta
1146 2809 1220 2833 sunt
1233 2802 1424 2843 ignium—.''
1472 2800 1568 2832 Unde
1583 2809 1780 2840 summopere

1062 2854 1165 2888 miror.
1181 2856 1240 2884 hoc
1252 2854 1410 2893 epitheton
1425 2853 1635 2892 improbatum
1651 2852 1781 2894 Heynio

1062 2905 1096 2934 in
1114 2905 1230 2935 Culicis
1243 2914 1304 2936 ver.
1322 2907 1391 2936 102.
1406 2903 1445 2935 de
1459 2905 1535 2935 sole.-
