1926 3224
328 247 392 289 98

789 243 849 290 T.
903 232 1281 289 LUCRETII

355 376 438 413 580
469 373 580 414 Ae'ra
598 386 671 427 per
691 371 881 419 multum,
904 369 1036 424 specie
1055 369 1226 410 confusa
1244 368 1450 420 videntur,

372 443 375 445 ’
469 447 607 494 Quam
627 444 757 485 minui
777 442 908 484 filum:
941 450 1193 498 quapropter
1212 441 1309 484 luna
1328 456 1490 484 necesse
1509 450 1584 494 est,

467 517 820 574 Quandoquidem
840 517 991 558 claram
1012 517 1191 572 speciem
1214 524 1446 572 certamque
1465 516 1641 574 figuram

469 592 647 642 Praebet,
670 599 716 633 ut
736 600 796 633 est
815 592 897 633 oris
916 591 1114 633 extremis
1135 605 1342 646 quomque
1361 598 1521 641 notata,

466 666 635 715 Quanta
654 681 818 722 quoque
839 673 913 716 est,
936 676 1106 721 quanta,
1129 665 1228 706 hinc
1248 665 1366 705 nobis
1388 665 1574 706 videatur
1594 665 1638 706 in
1659 664 1760 708 alto.·

353 744 434 781 585

640 896 688 918 tua
698 900 732 919 ne
743 894 860 919 retardet

538 934 612 958 Aura
622 933 743 958 maritos.

327 996 388 1029 Sed
401 996 492 1027 fallor
507 997 664 1038 equidem,
679 1004 735 1028 aut
749 998 869 1038 scripsit
885 998 1008 1030 Cicero:

635 1058 767 1089 jactantes
777 1058 895 1083 vultibus
905 1058 1006 1090 ignem.

323 1114 461 1146 Pulchre
474 1121 562 1146 vetus
575 1115 734 1156 inscriptio
755 1116 840 1155 apud
860 1116 1042 1153 Gruterum,

321 1175 351 1205 p.
366 1168 418 1197 85.

360 1238 423 1266 Nmr
432 1246 477 1269 μεν
488 1242 641 1268 mycenas-a.
654 1237 797 1271 Σαρωιδος
808 1236 980 1269 ὕψιμεδοντος,

399 1285 448 1311 Ηδ’
470 1296 552 1317 αυτον,
585 1287 729 1313 ΧΡΥΣΟΥ
754 1284 1041 1311 ΠΔΜΦΑΝΟΩΝΤΑ

477 1334 654 1359 ΒΟΛΑῙΣ-.

322 1399 367 1430 Et
395 1409 432 1429 eo
460 1399 561 1439 magis
590 1397 800 1429 emendationi
831 1397 1045 1427 Ciceronianae

321 1449 515 1485 confidimus,
526 1449 610 1489 quod
621 1455 750 1488 uterque
762 1448 971 1478 Geminorum
982 1447 1046 1477 duo

321 1506 507 1539 praeportent
521 1499 604 1529 clara
615 1499 718 1529 sidera
733 1498 869 1539 insacie.
914 1498 1046 1538 Proprie

323 1551 490 1592 Virgilius,
507 1551 584 1581 AEn.
597 1551 658 1581 viii.
674 1554 747 1582 527.

761 1629 870 1654 aeraque
879 1622 996 1655 fulgent,

385 1664 444 1689 Sole
455 1663 582 1694 lacessita,
599 1668 625 1689 et
637 1664 715 1688 lucem
726 1663 775 1688 sub
787 1662 876 1687 nubila
880 1663 992 1694 jactant.

365 1727 442 1758 Ver.
461 1730 532 1759 577.
554 1729 650 1758 nihilo
666 1727 792 1767 fertur:
818 1726 855 1756 P.
879 1725 976 1755 Vind.
1004 1725 1044 1756 V.

321 1778 370 1808 ed.
401 1785 441 1809 Π.
473 1783 506 1810 Σ.
529 1780 609 1808 nihil
636 1776 775 1817 effertur,-
806 1776 859 1806 ubi
889 1775 1045 1814 specimen

321 1828 409 1858 aliud
425 1830 574 1859 habemus
589 1827 705 1857 librarii
719 1827 874 1866 peccantis
888 1836 961 1856 cum
972 1836 1042 1865 pec·

322 1885 413 1910 cante
427 1879 551 1909 librario
567 1878 779 1917 conspirantis.
818 1877 922 1907 Semel
937 1876 1043 1907 avulsa

322 1931 439 1961 scilicet
455 1943 492 1961 τε
513 1932 608 1961 nihilo
631 1929 729 1966 litera,
754 1935 785 1959 et
810 1929 925 1970 qfertur
951 1929 1043 1967 facto,

322 1992 387 2012 non
402 1981 458 2011 diu
473 1981 584 2019 defuit,
600 1981 653 2021 qui
669 1979 841 2019 duplicaret
845 1980 879 2020 f,
897 1985 998 2020 atque,
1012 1980 1043 2009 in

322 2040 476 2075 quantum
491 2033 604 2073 potuit,
630 2043 693 2063 non
709 2038 893 2072 propagaret
907 2038 1043 2062 anteces-

323 2085 399 2115 soris
414 2095 551 2115 errorem
566 2084 668 2120 modo,
691 2083 745 2114 sed
768 2084 896 2122 insuper
921 2084 1045 2113 robora·

323 2143 376 2168 ret.

366 2189 441 2218 Ver.
458 2190 530 2219 578.
552 2186 632 2228 qua':
651 2186 749 2216 vind.
767 2186 805 2216 O.
822 2190 856 2216 Δ.
872 2197 979 2225 quarm·
1000 2191 1044 2216 Ω..

322 2242 395 2281 quia
403 2255 414 2276 ;
430 2249 601 2279 perperam.
635 2237 722 2269 Ordo
735 2243 791 2275 est,
802 2243 833 2267 et
847 2237 1046 2275 constructio,

323 2295 346 2311 “
363 2293 474 2323 Fertur
510 2290 611 2332 figura
647 2289 746 2320 nihilo
786 2289 915 2329 majore,
949 2299 1045 2329 quam

323 2346 395 2374 “ea
417 2344 542 2383 figura,
573 2341 635 2382 qua
656 2352 722 2372 eam
746 2340 902 2370 cernimus
921 2338 1045 2382 figura,

323 2398 346 2413 “
363 2394 485 2424 videtur
521 2403 586 2424 esse
629 2392 741 2423 nostris
777 2391 907 2422 oculis.’'
976 2391 1044 2421 Ha-

322 2455 504 2484 vercampus
545 2454 609 2475 non
648 2443 749 2474 tenuit
783 2452 865 2479 rem;
902 2441 978 2472 dum
1008 2441 1047 2471 ad

321 2498 416 2527 oculis
431 2501 586 2535 punctum
601 2500 742 2534 poneret,
765 2500 796 2523 et
822 2494 1046 2524 Burmannum

320 2547 462 2578 laudaret
492 2547 532 2578 ad
559 2546 662 2577 Valer.
688 2546 787 2577 Flacc.
813 2555 840 2575 v.
863 2548 935 2576 325.
959 2545 1046 2585 quasi

320 2597 380 2639 qud
391 2597 440 2629 υἰᾶ
453 2598 645 2634 deberemus,
657 2607 711 2637 per
720 2597 850 2636 ellipsin,
862 2595 1045 2636 intelligere.

321 2649 496 2686 Nimirum,
512 2649 675 2680 Lucretius
690 2660 781 2689 quam
796 2648 974 2687 scripsisset,
984 2647 1043 2677 nisi

321 2710 379 2729 vox
396 2700 505 2731 eadem
521 2706 724 2739 praecesserat,
739 2705 769 2730 et
784 2706 962 2739 κακοφωνιαιν
977 2704 1041 2728 stu-

321 2750 407 2780 deret
422 2752 547 2782 evitare.

363 2801 437 2831 Ver.
454 2806 526 2834 579.
541 2809 670 2833 semota:
695 2802 738 2833 sic
758 2812 867 2833 omnes
881 2811 975 2832 omne
989 2811 1042 2841 ge-

321 2862 382 2882 nus
397 2852 483 2889 libri;
499 2853 581 2892 quod
597 2853 729 2884 editores
738 2853 822 2885 haud
837 2853 1044 2893 perterrefecit

320 2907 438 2942 tamen,
463 2903 540 2944 quin
566 2904 604 2936 de
626 2905 756 2945 propriis
779 2904 934 2936 cerebellis
955 2904 1044 2934 nobis

525 740 754 790 Postremo,
786 755 1095 796 quosquomque
1117 739 1229 780 vides
1248 739 1346 780 hinc
1365 739 1529 780 aetheris
1549 739 1698 795 igneis,

1090 913 1184 933 suum
1197 909 1320 938 remota,
1337 901 1363 932 si
1378 901 1436 931 diis
1451 901 1561 941 placet,
1584 908 1811 942 expromerent.

1091 954 1137 984 Os
1152 953 1332 983 hominum!
1352 953 1439 992 quasi
1455 963 1519 982 non
1534 953 1606 982 satis
1616 953 1813 984 confidentiae

1089 1005 1259 1046 genuinam
1275 1015 1340 1035 esse
1354 1004 1520 1034 lectionem
1533 1005 1606 1035 inde
1621 1006 1812 1036 nanciscere·

1090 1068 1173 1096 mur,
1202 1057 1286 1098 quod
1315 1057 1431 1087 librarii
1455 1059 1623 1088 unanimes
1644 1068 1717 1088 cum
1739 1069 1814 1090 voce

1086 1108 1181 1149 longe
1195 1107 1354 1138 tritissima
1375 1107 1567 1146 pepercerint
1581 1114 1704 1139 mutare
1717 1109 1813 1150 scrip-

1087 1164 1192 1189 turam
1207 1160 1470 1188 membranarum.

1129 1220 1204 1250 Ver.
1221 1223 1292 1250 581.
1319 1221 1433 1253 Quam:
1454 1219 1491 1250 P.
1507 1221 1592 1256 Qum·
1611 1219 1648 1250 L.
1666 1220 1712 1250 M.
1728 1222 1813 1256 Quae.

1087 1273 1247 1302 -minui.·
1275 1277 1315 1301 n.
1330 1273 1460 1301 nimium
1467 1286 1478 1307 ‚·
1502 1271 1616 1309 caeteri,
1639 1273 1814 1312 minimum,

1087 1328 1197 1361 praeter
1213 1322 1250 1352 L.
1269 1322 1315 1352 M.
1331 1321 1462 1359 codices,
1478 1322 1531 1361 qui
1547 1323 1685 1361 praebent
1700 1325 1792 1354 minii
1799 1339 1811 1360 ‚-

1088 1383 1183 1412 quam
1198 1372 1339 1411 proxime
1354 1378 1466 1402 nostrae
1480 1372 1621 1411 lectioni,
1634 1384 1704 1413 quae
1719 1373 1812 1404 debe-

1088 1428 1140 1452 tur
1154 1423 1292 1452 acumini
1310 1423 1507 1460 Bentleiano,
1520 1423 1563 1452 sic
1575 1433 1667 1462 super
1677 1423 1714 1454 ea
1723 1423 1814 1456 docte

1090 1483 1126 1502 ac
1153 1472 1283 1502 feliciter
1312 1472 1488 1503 disserenti:
1526 1477 1548 1491 “
1564 1473 1662 1514 Lego,
1692 1477 1811 1512 minui,-

1091 1527 1113 1542 “
1130 1534 1193 1553 non
1220 1525 1392 1554 minimum.
1441 1523 1497 1553 Ait
1525 1534 1649 1563 eorum,
1675 1535 1746 1565 quae
1773 1525 1813 1556 de

1091 1579 1112 1594 “
1129 1575 1300 1616 longinquo
1309 1575 1571 1614 contemplamur,
1582 1577 1668 1616 prius
1678 1577 1813 1616 speciem

1090 1630 1112 1646 “
1129 1633 1158 1657 et
1168 1627 1301 1657 formam
1312 1626 1473 1657 confusam
1484 1627 1695 1668 incertamque
1705 1628 1812 1666 videri,

1091 1682 1112 1697 “
1128 1688 1221 1718 quam
1226 1681 1323 1719 filum
1341 1684 1371 1708 et
1384 1678 1635 1718 magnitudinem
1662 1679 1811 1710 deminu-

1090 1735 1112 1750 “
1127 1738 1200 1762 tam.
1244 1732 1413 1770 Epicurus:
1441 1738 1474 1762 Ει
1500 1746 1558 1775 γαρ
1580 1747 1613 1764 ero
1634 1736 1751 1774 μεγεθος
1767 1733 1812 1766 δια

1089 1787 1111 1803 “
1130 1799 1162 1816 το
1177 1784 1325 1824 &aarum
1340 1786 1546 1820 αποέεὲληκει,
1562 1793 1666 1826 πολλῳ
1681 1801 1715 1818 αν
1728 1795 1812 1826 μαλ-

1088 1839 1110 1854 “
1128 1843 1176 1866 λον
1193 1849 1243 1869 ’τῆν
1257 1849 1354 1878 χροαν.
1399 1842 1486 1878 Χροα,
1510 1839 1597 1872 color,
1620 1837 1812 1876 superficies:

1089 1891 1110 1906 “
1129 1893 1241 1923 noster,
1269 1887 1307 1917 iv,
1325 1889 1395 1918 267.
1441 1888 1484 1917 Et
1499 1888 1688 1928 Pythagorei
1713 1903 1813 1931 χροιαν

1089 1942 1111 1957 “
1129 1945 1236 1969 enahin
1253 1951 1303 1970 ‘rma
1319 1945 1478 1977 ετιφανειαν
1491 1951 1528 1969 τε
1539 1952 1682 1979 σωματος.
1728 1940 1812 1972 Con-

1089 1992 1111 2007 “
1127 1988 1210 2018 sulas
1227 1988 1309 2018 Stob.
1325 1988 1420 2029 eclog.
1436 1989 1455 2018 i.
1477 1989 1548 2020 19.''

1091 2047 1170 2077 Haec
1187 2057 1320 2086 magnus
1345 2047 1478 2077 criticus.
1525 2048 1692 2079 Concludit
1715 2049 1814 2089 igitur

1088 2108 1108 2128 a
1125 2098 1243 2128 fortiori
1259 2097 1435 2127 Lucretius:
1463 2102 1484 2116 “
1504 2098 1535 2128 Si
1555 2098 1730 2129 distinctam
1744 2111 1811 2139 spe-

1090 2152 1112 2167 “
1128 2151 1203 2180 ciem
1219 2159 1282 2178 non
1297 2148 1422 2185 amittit,
1438 2148 1540 2178 multo
1561 2149 1666 2179 minus
1689 2152 1810 2189 magni·

1087 2202 1110 2217 “
1125 2202 1260 2230 tudinem
1277 2209 1366 2229 suam
1383 2199 1513 2235 amittet,
1530 2200 1657 2230 Lnna.‘'
1695 2201 1813 2231 Confer

1089 2250 1122 2280 ii.
1139 2254 1210 2280 541.
1243 2251 1287 2280 Et
1297 2250 1424 2289 Epicuri
1435 2252 1526 2280 verba
1542 2250 1686 2280 Bentleio
1702 2251 1815 2290 posita,

1089 2301 1150 2342 legi
1167 2308 1296 2341 possunt
1309 2302 1344 2331 in
1360 2302 1453 2342 Diog.
1470 2302 1571 2332 Lacrt.
1588 2312 1616 2331 x.
1632 2305 1681 2333 91.

1134 2366 1208 2396 Ver.
1234 2369 1305 2397 582.
1327 2366 1346 2395 i.
1372 2376 1396 2395 e.
1421 2369 1443 2383 “
1462 2375 1525 2395 non
1551 2364 1646 2395 modo
1675 2364 1811 2405 figuram

1090 2419 1113 2435 “
1129 2416 1301 2453 definitam,
1314 2426 1414 2457 neque
1427 2418 1466 2446 ob
1477 2415 1636 2446 intervalla
1647 2421 1810 2451 mutatam,

1091 2471 1114 2486 ‘⁴
1134 2467 1187 2498 sed
1213 2468 1346 2506 speciem
1368 2477 1504 2507 quoque,
1530 2466 1614 2507 quod
1639 2466 1740 2506 majus
1754 2471 1812 2504 est,

1092 2522 1114 2537 “
1131 2519 1262 2548 minime
1277 2517 1470 2548 confusam.‘'

1133 2579 1207 2610 Ver.
1224 2582 1295 2610 583.
1317 2586 1358 2611 est
1369 2581 1448 2610 oris:
1468 2578 1694 2614 Vind.ostoris,·
1710 2576 1751 2606 V.
1761 2575 1810 2606 ed.

1089 2632 1200 2661 esteris.

1132 2689 1215 2720 Ibid.
1237 2696 1270 2721 ut
1286 2696 1328 2721 est
1342 2695 1464 2720 notata:
1489 2687 1509 2717 i.
1532 2696 1558 2716 e.
1592 2688 1615 2703 ‘⁴
1634 2682 1810 2714 secundum

1087 2742 1110 2758 “
1126 2739 1315 2771 lineamenta
1330 2738 1464 2778 corporis
1477 2738 1511 2767 in
1525 2735 1633 2777 quovis
1652 2741 1807 2773 tempore;

1088 2794 1110 2809 “
1127 2791 1206 2822 adeo
1227 2798 1274 2830 ut,
1303 2792 1329 2822 si
1352 2790 1444 2830 plena
1465 2789 1516 2826 sit,
1546 2787 1638 2827 plena
1658 2785 1809 2822 videatur,

1088 2846 1110 2861 ‘⁸
1129 2853 1193 2873 non
1208 2843 1314 2884 gibba:
1341 2852 1376 2875 ac
1397 2839 1538 2872 similiter
1563 2838 1597 2870 in
1620 2837 1730 2869 fonnis
1750 2846 1810 2868 cae-

1089 2900 1109 2915 “
1128 2897 1231 2927 teris.''
