1926 3224
656 234 889 286 LIBER
942 235 1244 286 SEXTUS.

313 368 358 410 Si
378 382 462 410 non
481 368 695 410 exstructis
715 368 818 410 foret
837 368 916 410 alte
935 367 1112 410 nubibus
1131 367 1272 409 aether.

371 443 480 485 Heic
499 444 624 501 igitur
642 443 786 493 ventis,
809 451 930 498 atque
948 442 1126 499 ignibus,
1148 442 1288 483 omnia
1306 441 1426 497 plena

313 517 434 559 Sunt:
466 517 559 558 ideo
578 517 728 571 passim
747 515 946 564 fremitus,
967 523 1008 555 et
1027 514 1202 570 fulgura,
1224 515 1341 556 fiunt.

197 590 279 631 270
311 591 478 646 Quippe
496 599 537 632 et
556 591 665 632 enim
684 603 808 643 supra
826 587 963 636 docui,
984 588 1186 641 permulta
1206 590 1366 643 vaporis

310 665 476 706 Semina
492 663 644 704 habere
663 676 783 702 cavas
802 659 965 709 nubeis;
998 667 1039 701 et
1058 660 1186 702 multa
1204 675 1366 703 necesse
1385 670 1445 704 est

308 737 536 792 Concipere
554 749 606 776 ex
626 734 720 776 solis
739 733 880 783 radiis,
903 733 1130 789 ardoreque
1149 749 1305 776 eorum.

306 810 432 860 Heic,
454 809 524 851 ubi
546 818 705 859 ventus,
728 823 794 850 eas
813 807 924 849 idem
949 808 1019 864 qui
1040 809 1151 865 cogit
1169 808 1214 849 in
1233 823 1362 850 unum

161 966 239 998 sime
259 965 448 1008 propagavit.
495 965 594 997 Deest
615 965 746 997 omnino
767 975 825 996 vox
842 965 881 996 V.

203 1069 278 1100 Ver.
294 1073 365 1100 266.
381 1070 548 1101 Flumina:
567 1069 604 1100 P.
615 1068 655 1100 V.
666 1068 714 1100 ed.
732 1069 771 1100 Ο.
787 1073 822 1100 Σ.
836 1075 879 1099 Ω.

160 1120 316 1152 Fulmina.

202 1171 283 1203 Ibid.
317 1173 468 1204 Flumina
503 1173 675 1203 abundare:
715 1178 751 1202 ut
781 1173 881 1203 amnis

159 1224 319 1255 abundans
334 1223 482 1264 Virgilio,
498 1234 565 1264 geo.
582 1224 601 1254 i.
618 1226 688 1255 115.
704 1229 735 1253 et
748 1224 881 1262 pressius

157 1273 243 1306 idem
261 1274 302 1305 ad
316 1274 455 1305 Lucretii
469 1274 598 1315 vestigia
612 1274 646 1304 in
662 1275 736 1305 AEn.
751 1275 792 1304 xi.
807 1278 878 1306 547.

382 1359 493 1384 summis
503 1361 642 1384 Amarenus
656 1358 789 1384 abundans

187 1400 334 1430 spumabat
344 1400 419 1432 ripis:
436 1403 528 1425 tantus
536 1407 564 1425 se
572 1400 686 1425 nubibus
699 1400 787 1425 imber

189 1439 378 1470 Ruperat—.

200 1512 281 1544 Ibid.
296 1524 416 1555 campos
430 1521 547 1546 natare.
570 1514 674 1553 Idem,
688 1524 755 1555 geo.
767 1515 787 1545 i.
798 1517 870 1545 571.

602 1605 693 1631 omnia
703 1606 786 1638 plenis

218 1644 290 1667 Rura
300 1647 390 1668 natant
401 1644 544 1670 fossis—-

158 1713 293 1745 Ovidius
307 1715 401 1747 etiam
415 1727 522 1748 coram
533 1719 648 1758 veniat,
668 1729 764 1750 amor.
780 1718 811 1749 ii.
830 1722 877 1749 16.

158 1766 210 1796 54.

154 1856 158 1861 ,
203 1846 327 1857 —
335 1839 458 1869 quamvis
468 1840 585 1865 amnibus
594 1848 667 1865 arva
677 1843 835 1865 natent—-

209 1907 284 1940 Ver.
298 1913 373 1942 268.
397 1913 487 1948 Heic,
509 1912 557 1942 vel
581 1913 659 1943 Hic.-
682 1913 702 1943 i.
717 1923 743 1943 e.
766 1913 799 1942 in
820 1913 880 1942 hoc

157 1967 279 1998 aethere.
326 1963 443 1994 Contra
468 1962 562 1994 libros
583 1970 698 1995 veteres
719 1964 878 1994 universos

155 2016 326 2048 editoribus
339 2015 441 2045 lubuit
459 2025 609 2055 reponere
625 2017 686 2047 His
691 2032 703 2053 ‚·
726 2026 795 2057 quae
818 2026 878 2047 vox

155 2078 230 2100 sane
244 2067 431 2107 conspicitur
451 2067 486 2097 in
509 2067 606 2098 Vind.
628 2068 682 2098 sed
693 2067 820 2098 collator
834 2068 876 2098 is·

154 2119 219 2150 tius
247 2118 363 2150 codicis
391 2128 456 2149 non
486 2118 661 2150 audiendus
690 2125 746 2157 est,
774 2119 877 2150 officio

156 2170 332 2210 turpissime
346 2169 521 2201 defunctus.
546 2171 585 2201 Ο.
605 2177 712 2201 autem
727 2173 788 2208 Sic;
811 2180 878 2200 non

158 2220 255 2252 male:
279 2221 363 2262 quod
377 2221 461 2252 ultro
482 2221 560 2252 mihi
581 2222 615 2251 in
630 2227 770 2252 mentem
783 2231 875 2252 vene-

158 2275 346 2313 rat—plena
358 2287 370 2304 .·
394 2273 494 2304 Vind.
511 2273 548 2304 L.
561 2274 608 2303 M.
626 2277 661 2303 Δ.
670 2275 778 2313 plana.

201 2334 276 2364 Ver.
300 2337 371 2365 270.
393 2341 422 2365 et
447 2334 532 2364 deest
556 2333 808 2374 Vind.—supra:
834 2331 878 2363 sic

156 2384 253 2416 Vind.
266 2385 306 2415 V.
321 2385 369 2416 ed.
386 2385 425 2416 Ο.
442 2391 478 2416 Δ.
493 2391 527 2418 Σ.
541 2392 586 2417 Ω..
600 2395 673 2416 cum
687 2385 823 2415 Florem⁴
838 2390 869 2414 et

156 2435 232 2466 Ald.
259 2435 343 2466 editt.
370 2436 490 2477 Vulgo,
515 2448 636 2477 supera;
671 2443 777 2467 contra
802 2436 875 2468 libb.

156 2488 253 2520 MSS.
269 2489 315 2519 uti
329 2489 475 2528 suspicor.

199 2539 275 2570 Ver.
291 2544 362 2572 271,
386 2542 511 2572 habere:
533 2541 627 2572 Vind.
643 2544 708 2573 haec
722 2544 759 2573 de
774 2553 818 2579 re‚·
834 2543 875 2574 V.

154 2589 205 2621 ed.
222 2591 261 2622 Ο.
278 2596 312 2623 Σ.
330 2599 374 2624 n.
389 2594 447 2624 hac
461 2594 498 2624 de
512 2604 559 2630 νε,-
577 2593 728 2624 distractis
738 2593 876 2633 primum

154 2645 289 2687 syllabis,
311 2647 426 2678 deinde
439 2647 567 2678 mutatis
579 2647 682 2678 literis

198 2706 273 2737 Ver.
289 2709 360 2738 275.
385 2709 481 2738 Heic,·
507 2708 548 2737 V.
564 2706 611 2737 ed.
628 2706 667 2737 O.
684 2711 719 2737 Δ.
735 2711 770 2738 Σ.
785 2712 816 2737 et
829 2713 874 2738 Ω.

158 2758 240 2795 Hoc,·
273 2769 370 2799 quam
392 2769 500 2789 vocem
524 2759 617 2789 series
640 2759 877 2789 constructionis

154 2809 285 2848 respuit:
311 2809 418 2840 confer
432 2810 521 2850 Virg.
539 2820 606 2851 geo.
634 2810 665 2840 ii.
679 2813 751 2841 512.
766 2815 798 2841 et
811 2820 878 2841 rem

156 2860 319 2891 confestim
335 2861 558 2893 callebis-eas
569 2876 579 2892 :
606 2868 650 2893 Ω.
664 2869 736 2894 etas.

201 2911 273 2942 Ver.
291 2916 361 2945 275.
383 2915 492 2944 simul.-
513 2919 557 2944 Ω.
573 2913 772 2945 similis—P.
785 2924 876 2954 posu-

924 964 995 995 itin
1011 970 1079 1004 post
1093 976 1172 1001 cum,
1196 965 1235 995 de
1256 971 1356 996 metro
1378 965 1492 996 timens
1504 966 1582 997 vana
1597 977 1646 998 so-

924 1015 1101 1053 licitudine;
1123 1026 1222 1056 quum
1238 1016 1328 1046 sicin
1351 1017 1570 1057 monosyllabis
1591 1019 1645 1049 alii

923 1066 1064 1103 fecerint,
1085 1072 1116 1096 et
1131 1072 1234 1096 noster
1252 1067 1291 1097 ad
1305 1067 1348 1097 iii.
1368 1071 1456 1100 1095.
1474 1075 1504 1099 et
1519 1069 1600 1100 alibi.

966 1126 1040 1156 Ver.
1066 1129 1138 1156 276.
1160 1133 1275 1157 vortex:
1313 1127 1360 1157 M.
1389 1133 1424 1158 Δ.
1453 1136 1557 1159 vertex.
1602 1131 1646 1160 Et

925 1186 1007 1212 sane,
1031 1176 1057 1206 si
1083 1176 1300 1212 Quintilianus
1326 1177 1500 1208 audiendus
1524 1180 1575 1217 sit,
1607 1180 1646 1210 ad

924 1234 998 1258 orat.
1014 1228 1097 1258 instt.
1119 1228 1182 1258 viii.
1209 1232 1236 1258 2.
1260 1238 1332 1258 vera
1353 1230 1502 1269 scriptura
1517 1231 1646 1270 hujusce

924 1279 1067 1311 dictionis
1091 1281 1187 1312 fuerit
1210 1289 1327 1313 vertes:
1352 1293 1452 1323 quum
1473 1294 1546 1314 vero
1567 1284 1646 1315 olim

924 1331 1104 1370 scriberent,
1126 1338 1163 1362 ut
1183 1332 1227 1362 ibi
1250 1333 1454 1364 Burmannus
1467 1336 1562 1374 probe
1576 1346 1646 1366 mo-

924 1383 1004 1421 nuit,
1027 1390 1106 1415 vor-co
1132 1394 1189 1423 pro
1214 1391 1305 1423 verto,
1336 1391 1367 1415 et
1389 1386 1463 1416 hinc
1480 1387 1647 1419 ,exoriatur

923 1443 986 1464 non
1012 1434 1211 1465 incommoda
1233 1435 1388 1466 distinctio
1413 1438 1577 1468 verborum
1599 1438 1645 1468 di·-

922 1494 1010 1516 versa
1034 1486 1166 1517 subinde
1191 1486 1448 1528 significantium,
1470 1489 1549 1519 nihil
1574 1500 1645 1520 mu-

920 1542 986 1568 tare
1000 1537 1092 1568 volui.

967 1597 1048 1628 Ibid.
1070 1604 1169 1629 υονιετ
1192 1605 1338 1629 versatur.
1378 1600 1535 1640 Cognatas
1555 1610 1645 1631 voces

921 1649 964 1679 sic
981 1649 1155 1688 sapiuscule
1177 1658 1360 1681 connectere
1381 1658 1485 1682 noster
1506 1652 1591 1688 solet,
1613 1658 1645 1682 et

922 1700 976 1730 alii
998 1701 1193 1731 vetustiores:
1218 1701 1321 1732 videas
1345 1709 1495 1733 annotata
1520 1703 1561 1733 ad
1583 1713 1644 1734 ver.

921 1754 974 1782 52.
992 1758 1023 1781 et
1041 1752 1124 1782 alibi.

967 1810 1040 1841 Ver.
1057 1814 1129 1842 277.
1151 1814 1235 1842 acuit
1240 1811 1376 1851 fhlnzen.
1400 1812 1568 1852 Impendio
1583 1813 1644 1844 ele.

921 1867 1041 1901 gauter,
1065 1861 1153 1902 quasi
1172 1864 1315 1901 procudit
1342 1868 1372 1892 et
1397 1861 1529 1902 inspicat
1553 1865 1644 1894 telum

920 1913 1073 1945 fulminis.
1121 1913 1272 1944 Conferas
1301 1914 1395 1945 velim
1418 1915 1509 1955 Virg.
1531 1926 1600 1956 geo.
1623 1916 1643 1947 i.

922 1969 994 1997 552.

963 2026 1039 2057 Ver.
1058 2029 1130 2057 278.
1145 2027 1348 2057 adcendieur:
1367 2029 1645 2057 affluendum.—

920 2087 1006 2108 cum:
1033 2082 1068 2108 Δ.
1090 2083 1153 2108 tum
1160 2092 1172 2113 ,·
1195 2077 1330 2107 editores
1354 2077 1531 2118 omnigenae
1551 2078 1644 2108 insci-

919 2129 971 2159 tiae
987 2128 1192 2166 refertissimi,
1213 2127 1251 2158 de
1266 2138 1335 2166 suo,
1356 2139 1437 2159 nam.
1470 2129 1644 2160 Lambinus

920 2180 1040 2210 volebat
1053 2187 1170 2220 suamc,-
1196 2180 1443 2219 Haveroempus,
1458 2180 1513 2211 sua*
1533 2193 1621 2222 quom
1627 2196 1639 2218 ‚-

920 2237 951 2262 et
965 2233 1024 2262 hoc
1039 2232 1118 2262 mihi
1134 2232 1277 2262 animum
1292 2232 1439 2262 subierat:
1456 2232 1512 2263 sed
1525 2233 1559 2263 in
1574 2239 1643 2264 tuto

920 2293 969 2313 res
983 2289 1040 2321 est,
1057 2289 1089 2313 et
1099 2283 1296 2323 importunos
1308 2283 1523 2314 emendatores
1538 2284 1642 2326 indig-

921 2334 1056 2364 nabitur.
1102 2334 1156 2364 Ita
1170 2334 1285 2374 passim
1299 2334 1348 2365 vel
1368 2334 1472 2365 omitti
1486 2335 1574 2373 solet,
1594 2335 1643 2366 vel

919 2385 1084 2426 interponi,
1106 2385 1283 2425 praepositio
1297 2397 1378 2424 cum,
1391 2392 1422 2417 et
1436 2385 1512 2418 aliae.

960 2445 1038 2476 Ver.
1064 2447 1134 2476 279.
1159 2446 1347 2476 Mobilitate:
1372 2445 1414 2475 V.
1442 2445 1490 2476 ed.
1517 2447 1641 2476 Nobili-

919 2502 1049 2527 Μία-ι’
1065 2496 1151 2526 deest
1165 2496 1264 2526 codici
1281 2501 1314 2526 A.

963 2550 1043 2581 Ibid.
1064 2552 1184 2582 calescit
1209 2562 1226 2581 e
1251 2551 1434 2589 contagibus.
1479 2549 1638 2586 Quemad-

918 2602 1049 2633 modum
1068 2601 1162 2632 Silius
1178 2602 1317 2640 Italicus‚
1330 2602 1361 2632 ii.
1377 2606 1427 2632 60.

1294 2683 1385 2714 iniquo
1396 2690 1409 2707 e
1419 2682 1468 2707 sole
1476 2682 1592 2707 calenses.

921 2755 986 2786 Ubi
1002 2756 1133 2795 simplex
1150 2755 1244 2786 editio
1259 2756 1352 2785 habet
1365 2766 1393 2790 a,
1409 2753 1492 2794 quod
1507 2763 1570 2783 non
1585 2753 1638 2784 de-

920 2809 1028 2839 terius:
1055 2808 1160 2839 videas
1174 2808 1263 2847 Virg.
1286 2817 1352 2848 geo.
1378 2807 1399 2836 i.
1422 2809 1494 2837 234.
1518 2806 1638 2836 Lucan.

920 2861 970 2891 vii.
986 2864 1057 2892 503.
1102 2860 1167 2896 Qui
1187 2859 1297 2890 volunt
1319 2872 1353 2890 ero
1372 2854 1580 2893 dextr-usum,
1602 2857 1641 2887 li-

920 2914 984 2946 bris
1008 2912 1105 2943 MSS.
1120 2911 1364 2950 adversantibus,
1391 2909 1548 2942 temerarii
1567 2914 1640 2940 sunt
