1926 3224
415 612 495 676 T.
562 608 1163 674 LUCRETII
1234 612 1499 678 CARI

531 856 640 909 DE
681 855 986 910 RERUM
1025 856 1378 910 NATURA

703 1086 890 1128 LIBER.
922 1086 1215 1136 QUINTUS.

831 1321 1092 1336 ”mum

363 1541 532 1611 QUIS
551 1566 658 1621 potis
679 1573 738 1607 est
758 1565 930 1622 dignum
950 1566 1118 1621 pollenti
1137 1574 1302 1621 pectore
1321 1581 1486 1609 carmen

360 1639 566 1688 Condere,
590 1653 667 1692 pro
687 1653 828 1678 rerum
847 1640 1070 1693 majestate,
1107 1639 1265 1695 hiisque
1289 1640 1482 1694 repertis?

360 1711 516 1761 Quisve
535 1710 640 1752 valet
659 1711 792 1752 verbis
812 1719 989 1763 tantum,
1021 1713 1092 1767 qui
1113 1712 1270 1768 fingere
1289 1713 1429 1755 laudes

263 1867 368 1899 VER-
390 1871 419 1898 1.
436 1869 582 1907 pollenti:
612 1868 653 1899 P.
670 1870 811 1908 palanti5
835 1869 877 1899 V.
901 1868 948 1899 ed.

214 1921 378 1960 pallentis;
402 1920 440 1949 B.
460 1919 499 1950 O.
514 1924 551 1950 Δ.
569 1926 609 1950 Π.
626 1925 661 1951 Σ.
680 1927 727 1951 Ω.
746 1923 885 1961 pallenti.

266 1971 347 2002 Ibid.
374 1972 508 2011 pollenti
530 1977 661 2010 pectore.
721 1972 772 2002 Sic
800 1971 949 2008 absolute,

222 2021 289 2052 sine
317 2032 452 2062 appenso
482 2023 619 2059 nomine,
663 2023 837 2062 Sallustius,
875 2024 950 2064 Jug-

219 2083 291 2104 xxx.
306 2076 336 2103 4.
360 2073 552 2114 “facundia
570 2073 663 2113 clara,
674 2074 928 2115 pollensque—.'’

265 2124 340 2154 Ver.
361 2127 389 2155 2.
414 2124 455 2154 In
477 2124 620 2155 hocloco
642 2124 816 2163 perdifficili
836 2125 949 2156 consti-

221 2175 349 2211 tuendo,
372 2181 497 2215 propter
514 2175 687 2206 lectionum
708 2176 952 2207 intractabilium

223 2225 520 2262 dissimilitudinem,
543 2226 624 2256 nihil
638 2226 747 2266 positis
768 2227 882 2258 melius
903 2228 951 2258 in-

223 2277 329 2315 venio;
352 2287 423 2318 quae
438 2277 556 2317 priores
582 2277 715 2308 editores
743 2288 776 2308 se
802 2283 954 2309 testantur

224 2326 258 2357 in
284 2328 434 2367 exemplis
454 2328 580 2368 >scriptis
605 2328 780 2365 offendisse,
810 2329 864 2359 sed
889 2329 955 2368 ipse

225 2377 363 2416 suspicor
377 2378 517 2418 ipsorum
532 2379 661 2419 ingenio
675 2378 789 2410 deberi.
811 2380 846 2410 P.
857 2379 954 2411 Vind.

223 2428 266 2458 V.
281 2429 328 2460 ed.
345 2430 382 2460 Β.
399 2430 439 2460 Ο.
455 2435 490 2461 Δ.
508 2437 549 2461 Π.
568 2437 615 2461 Ω.
640 2431 756 2461 habent
770 2432 952 2472 majestatis-

227 2490 285 2519 que
299 2482 442 2519 repertis:
468 2487 499 2511 et
513 2481 746 2522 aliquantulum
761 2481 956 2521 dubitabam,

227 2541 268 2560 an
298 2531 416 2570 phrasis
443 2535 570 2571 repertis
600 2544 703 2563 rerum
734 2534 958 2574 majestatisque

229 2592 284 2622 per
299 2581 485 2622 hendyaden
500 2590 601 2622 posset
623 2584 730 2624 accipi,
754 2595 812 2623 pro
833 2588 959 2625 repertis

229 2637 469 2677 magng'ficarum
497 2648 597 2668 rerum
609 2654 619 2674 ;
644 2638 697 2669 sed
719 2648 843 2670 necesse
864 2639 960 2670 habui

229 2687 290 2718 hoc
305 2687 471 2717 consilium
487 2689 658 2727 repudiare.
681 2689 718 2720 L.
739 2691 787 2721 M.
801 2696 836 2722 Σ.
852 2692 959 2732 majes-

229 2740 303 2770 tatis
319 2745 409 2778 atque
424 2741 550 2778 repertis
560 2755 570 2775 ;
592 2739 676 2771 unde
691 2741 837 2771 nonnulli
852 2742 959 2772 rescri-

231 2793 304 2822 bere
317 2797 531 2823 tentaverunt:

426 2886 475 2911 pro
487 2887 576 2905 rerum
588 2881 727 2913 majestate,
749 2884 823 2914 atque
833 2883 943 2915 repertis

233 2951 287 2982 sed
302 2952 433 2985 alteram
447 2955 530 2986 viam
544 2955 708 2987 rectiorem
723 2962 807 2996 puto.

1037 1868 1118 1899 Ibid.
1144 1870 1275 1899 Condere
1298 1878 1429 1898 carmen.
1476 1867 1526 1897 Sic
1551 1866 1715 1907 Virgilius,

993 1918 1048 1950 ecl.
1067 1929 1096 1949 x.
1113 1922 1162 1950 50.

1010 2003 1067 2033 Ibo,
1084 2007 1111 2028 et
1123 2003 1277 2028 Chalcidico
1289 2008 1351 2034 quae
1363 2007 1425 2027 sunt
1436 2002 1503 2027 mihi
1514 2003 1614 2027 condita
1624 2009 1702 2028 versu

1009 2043 1138 2074 Carmina,
1150 2043 1260 2075 pastoris
1271 2043 1350 2068 Siculi
1360 2043 1520 2068 modulabor
1529 2043 1624 2068 avena.

995 2121 1096 2160 Alibi,
1111 2121 1145 2152 in
1160 2122 1179 2152 i.
1195 2125 1245 2153 26.
1263 2133 1400 2162 pangere
1415 2132 1521 2152 versus
1534 2126 1639 2151 noster
1653 2130 1720 2151 ma-

994 2174 1068 2212 luit3
1096 2175 1115 2205 i.
1130 2185 1156 2206 e.
1184 2175 1395 2216 compingere,
1423 2180 1552 2212 struere,
1577 2173 1720 2212 condere,

996 2225 1156 2256 aedificare.
1202 2226 1397 2257 Ammianus
1412 2224 1627 2261 Marcellinus,
1642 2224 1723 2254 xxiv.

999 2280 1094 2308 7.-“
1111 2287 1343 2317 naves—quas,
1358 2276 1538 2316 profuturas
1550 2277 1725 2316 pangendis

999 2331 1021 2346 “
1033 2329 1185 2368 pontibus,
1203 2326 1355 2366 disposuit
1368 2327 1439 2357 vehi
1454 2326 1683 2366 carpentis—.”

1042 2379 1122 2409 Ibid.
1151 2390 1208 2418 pro
1236 2389 1338 2409 rernm
1366 2379 1532 2418 majestate.
1577 2378 1727 2408 Aurelius

999 2429 1118 2465 Victor,
1144 2430 1221 2460 Caes.
1237 2428 1301 2459 xlii.
1318 2432 1370 2459 23.
1387 2428 1426 2459 de
1440 2429 1463 2460 J
1465 2428 1587 2459 uliano:
1615 2432 1638 2448 “
1654 2429 1726 2458 Pla-

1002 2485 1024 2501 “
1040 2481 1136 2518 cidus,
1162 2481 1376 2521 clemensque3
1395 2492 1453 2520 pro
1473 2483 1602 2520 negotio,
1624 2480 1727 2511 litera-

1003 2536 1025 2552 “
1040 2544 1113 2563 rum
1135 2532 1175 2563 ad
1197 2532 1384 2572 elegantiam
1409 2530 1576 2570 prudens.”
1623 2531 1729 2567 Quem

1002 2585 1109 2616 locum
1123 2585 1195 2615 ideo
1210 2584 1351 2623 apposui,
1374 2582 1448 2623 quia
1463 2582 1658 2614 vitiosissime
1679 2583 1729 2614 in-

1004 2636 1152 2676 terpungi
1166 2635 1262 2665 soleat
1276 2634 1311 2664 iu
1333 2633 1430 2664 editis.

1150 2700 1169 2709 ,-

1048 2696 1120 2726 Ver.
1148 2710 1178 2726 ο.
1214 2697 1285 2735 qui:
1325 2694 1365 2724 P.
1397 2695 1649 2735 quis.—fingere:
1689 2693 1732 2724 sic

1004 2757 1121 2783 omnes,
1137 2756 1232 2777 omne
1245 2755 1354 2786 genus,
1369 2745 1440 2775 libri
1454 2750 1587 2775 veteres:
1609 2744 1733 2775 valeant

1004 2798 1102 2838 igitur
1134 2796 1306 2836 importuni
1342 2801 1528 2827 correctores
1558 2805 1631 2826 cum
1669 2795 1734 2825 suis

995 2849 1146 2891 fundere,
1171 2851 1308 2889 pingere,
1338 2854 1432 2889 atque
1462 2847 1530 2878 aliis
1559 2845 1735 2877 vanissimis

1007 2901 1202 2943 conjecturis.
1245 2902 1381 2941 Fingere
1407 2901 1523 2937 laudes,
1548 2909 1605 2939 pro
1626 2901 1649 2916 ‘⁶
1665 2898 1734 2928 lau-

1012 2959 1034 2975 “
1051 2956 1191 2988 dativum
1220 2965 1346 2987 carmen
1375 2953 1526 2996 fingere,’'
1560 2951 1662 2984 facilis
1690 2954 1737 2981 est

967 3016 997 3046 A
