1926 3224
543 221 775 272 LIBER
827 219 1186 278 QUINTUS.

1517 228 1611 266 223

275 354 466 403 Duriter3
498 361 539 395 et
557 354 664 395 duro
684 361 835 395 terram
855 353 960 408 pede
979 353 1126 408 pellere
1145 358 1336 393 matrem:

280 428 404 470 Unde
424 428 662 470 oriebantur
681 428 800 477 risus,
823 427 1040 482 dulcesque
1059 425 1291 475 cachinnei3

278 501 432 543 Omnia
450 502 561 558 quod
582 516 690 543 nova
709 510 797 541 tum
816 501 948 556 magis
967 500 1071 549 haec,
1095 508 1135 541 et
1154 501 1275 549 mira,
1297 498 1497 556 vigebant.

279 575 334 616 Et
353 575 614 632 vigilantibus
632 573 730 614 hinc
750 573 922 613 aderant
942 572 1084 613 solatia
1104 587 1264 623 somno,

141 653 246 689 1405
277 648 443 690 Ducere
461 645 714 688 multimodis
733 659 867 695 voceS,
889 652 930 686 et
947 645 1109 686 flectere
1129 655 1292 695 cantu&

277 721 333 762 Et
353 735 499 776 supera
518 719 694 761 caiamos
713 734 823 761 unco
842 734 1081 774 percurrere
1100 719 1229 761 labro:

276 793 416 844 Unde,
438 794 562 836 etiam
581 793 737 851 vigiles,
759 808 873 836 nunc
893 794 984 836 haec
1004 794 1178 849 adcepta
1197 801 1379 844 tuentur,

173 965 248 996 Ver.
275 968 368 997 1597.
394 966 596 996 consuerant:
624 971 668 997 n..
695 968 856 998 Consueve-

132 1023 212 1049 rant.

176 1075 257 1106 Ibid.
280 1077 408 1116 agrestis
422 1086 519 1106 musa.
555 1075 606 1106 Ita
619 1076 787 1117 Virgilius,
802 1077 857 1108 ecl.

131 1127 169 1157 vi.
187 1129 215 1156 8.

173 1209 302 1240 Agreeeem
312 1207 389 1233 tenui
398 1207 550 1233 meditabor
559 1208 690 1234 arundine
700 1214 809 1233 musam.

134 1276 304 1313 Caeterum,
327 1276 440 1306 similis
459 1277 636 1307 terminatio
650 1279 796 1309 cachinni
811 1276 856 1307 fe·

131 1327 184 1364 cit,
200 1333 236 1358 ut
250 1327 406 1359 omitteret
418 1327 563 1360 librarius
576 1328 643 1360 cod.
662 1336 702 1360 Π.
713 1339 767 1360 sex
777 1334 859 1360 totos

130 1388 246 1410 versus.

176 1440 252 1470 Ver.
270 1443 363 1472 1398.
384 1442 539 1471 humeros:
565 1440 619 1481 qui
637 1440 759 1471 coronis
780 1440 863 1471 scili-

136 1497 196 1529 cet,
218 1493 291 1523 collo
312 1490 568 1531 superimpositis,
589 1492 863 1523 obumbrabantur.

134 1535 269 1574 >Ovidius
285 1548 330 1573 est
345 1542 419 1573 huic
433 1542 504 1574 loco
519 1542 716 1580 commodus,
738 1542 773 1573 in
795 1542 863 1573 fast.

134 1591 166 1623 ii.
181 1597 251 1625 759.

197 1673 281 1698 Ecce!
301 1679 402 1698 nurum
413 1673 570 1706 regiS,fusis
577 1677 624 1706 per
632 1673 696 1698 colla
706 1673 812 1704 coronis,

229 1713 375 1738 Inveniunt
385 1714 473 1746 posito
484 1713 641 1746 pervigilare
652 1721 738 1740 mero.

139 1793 193 1824 Ad
209 1803 304 1834 quem
318 1793 426 1824 locum
443 1799 479 1824 tu
496 1793 578 1824 nihil
594 1800 706 1825 mutes.
749 1794 864 1826 Conci-

137 1845 186 1875 nit
198 1845 248 1875 his
262 1849 294 1875 et
308 1844 502 1883 Venusinus,
516 1850 571 1876 sat.
586 1845 621 1876 ii.
637 1849 667 1876 5.
684 1848 756 1877 256.

356 1954 359 1955 γ
565 1933 647 1962 potus
656 1934 687 1956 ut
697 1930 742 1956 ille

185 1978 290 2003 Dicitur
301 1984 334 2003 ex
344 1978 404 2003 collo
415 1976 512 2003 furtim
522 1978 648 2010 carpsisse
659 1985 771 2004 coronas.

181 2052 264 2084 lbid.
297 2054 396 2093 plexis
425 2055 552 2085 coronis.
607 2053 762 2092 Catullus,
790 2053 862 2086 lxiv.

136 2108 209 2136 284.

202 2188 256 2213 Hos
266 2188 293 2213 in
304 2187 428 2213 distinctis
438 2189 526 2221 plexos
538 2189 601 2214 tulit
613 2189 668 2221 ipse
677 2189 786 2215 corollis.-

141 2259 161 2290 i.
177 2269 205 2289 e.
228 2262 250 2278 “
267 2261 301 2290 in
316 2261 447 2298 corollis,
458 2270 536 2300 quas
549 2259 708 2290 variorum
723 2259 864 2291 colorum

143 2314 166 2329 ‘⁶
183 2309 273 2341 flores
301 2310 483 2351 pingebant,
511 2311 560 2341 vel
593 2313 821 2351 distinguebant
829 2312 864 2342 :‘’

143 2362 251 2393 confer
265 2362 449 2393 Lucretium
460 2373 561 2402 supra,
576 2373 652 2394 verr.
673 2366 763 2394 1575.
777 2366 869 2398 1575.

149 2416 239 2445 1595.
263 2419 295 2443 et
309 2419 457 2444 annotata
470 2414 569 2444 nobis.
614 2414 666 2444 Sic
688 2414 871 2445 scribendus

143 2470 201 2502 est,
217 2470 249 2494 et
262 2463 472 2503 accipiendus,
489 2464 606 2495 Catulli
620 2475 732 2496 versus

190 2523 262 2553 Ver.
280 2526 372 2554 1399.
394 2524 547 2555 monebat:
573 2524 611 2555 P.
628 2523 668 2555 V.
690 2524 738 2556 ed.
762 2524 812 2556 M.
835 2529 872 2556 Δ.

147 2579 182 2608 Σ.
199 2582 246 2606 Ω.
269 2577 410 2606 movebat.

187 2635 263 2665 Ver.
281 2638 373 2666 1400.
388 2642 471 2666 eoetra
487 2647 656 2668 numerum.
688 2636 788 2668 Prout
802 2636 874 2666 Ho-

146 2686 256 2725 ratius,
271 2686 306 2717 in
321 2687 407 2726 epist.
422 2687 442 2717 i.
461 2690 508 2717 18.
525 2690 574 2718 59.

177 2771 307 2803 Quamvis
317 2771 354 2796 nil
364 2775 438 2796 extra
450 2778 584 2796 numerum
592 2771 695 2802 fecisse,
708 2771 873 2804 modumque,

178 2812 272 2842 Curas,
282 2811 418 2836 interdum
434 2812 540 2843 nugaris
552 2818 613 2836 rure
624 2815 747 2844 patemo.

151 2885 300 2917 Similiter
325 2887 438 2918 Graeci.
483 2886 640 2926 Exemplo
662 2887 702 2918 sit
716 2886 871 2925 AElianus,

901 976 964 996 var.
979 965 1051 996 hist.
1068 965 1120 996 xii.
1136 965 1246 996 60.-—0‘
1271 964 1298 996 δε
1321 978 1492 1007 avr-mmmm
1515 978 1551 997 en
1578 968 1626 1006 εξω

900 1024 1011 1056 peaes:
1029 1028 1090 1047 non
1106 1023 1189 1047 extra
1205 1018 1336 1051 mulum,
1352 1026 1416 1046 non
1431 1017 1627 1048 inconcinne.

902 1069 946 1099 Et
967 1074 1162 1108 opportunus
1187 1074 1232 1098 est
1256 1068 1423 1108 Virgilius,
1448 1068 1487 1099 de
1509 1069 1628 1100 lusibus

901 1119 1092 1150 rusticorum
1109 1118 1251 1159 loquens,
1264 1129 1330 1159 geo.
1347 1119 1366 1149 i.
1379 1122 1452 1150 550.
1468 1120 1502 1149 in
1516 1131 1628 1151 nume·

901 1171 944 1200 ris
954 1171 999 1201 rei
1015 1176 1136 1201 naturae
1146 1170 1338 1201 declarandae
1347 1181 1496 1211 perquam
1508 1182 1629 1202 accom-

901 1222 1050 1253 modatis:

968 1299 1020 1323 Det
1031 1301 1113 1324 motus
1129 1298 1309 1331 incompositos,
1326 1302 1353 1324 et
1364 1299 1483 1324 carmina
1493 1299 1574 1324 dicat.

947 1377 1021 1409 Ver.
1052 1381 1146 1409 1401.
1177 1385 1290 1410 terram
1315 1381 1392 1420 pede
1416 1381 1537 1420 pellere.
1582 1380 1633 1411 Ita

905 1430 1047 1470 Flaccus,
1059 1430 1109 1462 od.
1125 1430 1168 1462 iii.
1187 1435 1235 1462 18.
1251 1435 1300 1463 15.

1031 1515 1140 1540 Gaudet
1152 1515 1262 1540 invisam
1271 1516 1394 1548 pepulisse
1403 1516 1487 1541 fossor

1078 1557 1136 1581 Ter
1143 1555 1206 1588 pede
1215 1559 1318 1580 terram.

1408 1597 1591 1631 Lambinus.

908 1680 974 1711 Adi
988 1681 1078 1722 Virg.
1093 1692 1160 1722 geo.
1176 1682 1214 1711 iv.
1230 1685 1301 1712 255.
1326 1682 1478 1720 Catullus,
1494 1683 1548 1715 lxi.
1564 1688 1614 1716 14.

1065 1763 1133 1788 Pelle
1143 1763 1248 1788 humum
1255 1763 1430 1795 pedibus—-

952 1836 1027 1866 Ver.
1045 1839 1137 1866 1402.
1159 1836 1334 1866 oriebantur
1348 1837 1438 1867 risus.
1472 1836 1519 1867 Ut
1533 1837 1635 1873 Maeo.

909 1888 998 1922 uides
1012 1887 1135 1918 locutus
1149 1894 1205 1924 est,
1223 1886 1261 1917 IL
1277 1893 1312 1917 A.
1329 1891 1400 1919 569.

951 1974 1080 2005 Argen-0⁵
1093 1975 1115 2002 δ’
1128 1975 1169 2012 αρ’
1181 1977 1325 2002 ΕΝΩΡΤΟ
1346 1977 1465 2003 ΓΕΔΩΣ
1488 1987 1637 2015 μακαρεση

1059 2025 1159 2052 stentem.

950 2104 1026 2135 Ver.
1043 2106 1136 2134 1405.
1160 2104 1237 2133 Izoec:
1266 2102 1306 2132 V.
1322 2102 1369 2133 ed.
1396 2105 1529 2135 hoa—et
1553 2105 1638 2136 abaet

912 2156 1153 2194 n.—vigebant.·
1180 2160 1215 2184 Δ.
1233 2159 1268 2185 Σ.
1292 2156 1420 2201 υἰςεύαι.ι

952 2215 1027 2245 Ver.
1052 2218 1142 2245 1404.
1165 2216 1249 2244 hinc:
1280 2214 1321 2244 V.
1345 2214 1392 2244 ed.
1414 2204 1497 2251 huia·
1521 2214 1640 2247 eisdem

909 2266 1237 2302 elementis.—-somno.·
1265 2265 1363 2296 Vind.
1378 2268 1476 2296 somni
1482 2281 1493 2301 ,·
1519 2268 1561 2297 ob
1574 2267 1638 2298 col-

910 2317 1017 2348 latoris
1046 2317 1281 2358 negligentiam,
1308 2318 1506 2357 propagantis
1533 2318 1640 2358 impu-

914 2370 1042 2400 dentem
1057 2376 1088 2399 et
1103 2368 1269 2399 absurdam
1296 2368 1450 2399 editorum
1472 2369 1640 2409 interpola.

913 2422 1033 2453 tionem
1065 2427 1176 2452 contra
1205 2421 1298 2452 libros
1326 2428 1443 2451 veteres
1470 2422 1641 2455 universos.

916 2477 971 2508 Ad
999 2487 1126 2507 sensum
1154 2476 1234 2506 nihil
1256 2475 1394 2514 interest,
1424 2482 1532 2509 utrum
1556 2476 1642 2509 dicas

915 2530 1024 2560 solatia
1040 2530 1150 2566 somni,
1165 2538 1207 2557 an
1221 2529 1329 2558 solatia
1344 2538 1444 2558 somno
1449 2543 1460 2564 ;
1481 2527 1542 2557 nisi
1557 2527 1642 2568 quod

914 2581 982 2610 haec
997 2579 1135 2610 formula
1161 2578 1290 2616 doctior,
1316 2584 1347 2608 et
1373 2580 1411 2609 ab
1433 2589 1494 2609 usu
1519 2579 1642 2618 plebeio

916 2631 1077 2667 remotior,
1091 2631 1240 2662 videatur.
1265 2632 1306 2661 A.
1319 2631 1558 2670 Sabinus‚epist.
1572 2631 1593 2661 i.
1607 2634 1641 2662 5.

916 2684 951 2713 in
966 2683 1098 2714 disticho
1112 2693 1208 2724 quam
1223 2682 1441 2713 menitissimo:

947 2768 1053 2800 Agnovi
1063 2775 1207 2798 caramque
1218 2775 1341 2798 manum,
1357 2773 1532 2800 gemmasque
1541 2767 1642 2793 fideles:

979 2811 1092 2836 Solamen
1104 2811 1188 2843 longis
1199 2811 1242 2836 illa
1253 2811 1328 2836 fuere
1339 2811 1422 2836 malis.

918 2887 1006 2919 Hinc
1021 2892 1105 2918 totus
1121 2885 1304 2918 assenserim
1328 2885 1428 2918 codici
1450 2885 1494 2918 sic
1508 2886 1642 2928 exquisi-
