1926 3224
288 228 388 270 314*

318 356 401 393 600

796 221 858 270 T.
895 220 1276 269 LUCRETII

491 351 687 400 Proinde,
707 350 801 390 licet
820 364 944 404 quam
964 349 1039 400 viS‚
1061 350 1211 392 coelum
1231 358 1465 407 terramque
1484 362 1652 396 reantur

435 426 689 479 Inconrupta
708 423 810 474 fore,
832 432 998 465 aeternae
1018 424 1215 466 mandata
1237 425 1384 467 Saiuti:

435 499 491 540 Et
511 507 650 539 tamen
669 496 878 538 interdum
896 512 1077 554 praesens
1097 499 1156 539 vis
1175 499 1264 554 ipsa
1282 499 1424 554 pericli

436 571 628 614 Subditat
647 571 759 613 hunc
779 571 1004 626 stimulum,
1026 573 1208 629 quadam
1227 573 1280 615 de
1298 581 1431 628 parte,
1452 573 1632 624 tim01·is;

435 645 502 687 Ne
522 645 695 701 pedibus
714 646 865 701 raptim
886 646 1000 688 tellus
1022 648 1250 689 substracta
1268 648 1423 690 feratur

320 724 403 760 605
436 719 487 761 In
507 719 764 770 barathrum,
786 735 1005 777 rerumque
1025 730 1217 778 sequatur
1236 722 1402 777 prodita
1421 735 1582 763 summa

437 792 656 844 Funditus,
678 801 718 835 et
737 793 810 835 fiat
829 795 975 836 mundj
995 795 1163 838 confusa
1182 797 1314 838 ruina.

291 947 380 977 Tecta
389 952 504 978 superne
516 946 625 976 timent,
637 950 765 971 metuunt
772 947 876 974 inferne
884 954 1021 980 cavernas,

291 986 389 1012 'serra‘i
401 993 434 1012 ne
446 986 572 1011 dissolvat
584 989 680 1012 natura
690 992 816 1019 repente:

293 1063 330 1088 ut
343 1059 474 1088 verbum
488 1059 628 1089 dissolvat
645 1058 785 1089 absolute
799 1065 943 1099 ponatur,
960 1071 1019 1091 usu

292 1108 393 1148 po'etae
407 1115 514 1140 nostro
528 1109 618 1139 valde
632 1109 787 1140 familiari.
819 1111 863 1141 Et
877 1111 950 1141 huic
962 1112 1020 1141 cri-

291 1160 319 1190 si
335 1166 459 1191 nosmet
473 1170 608 1200 prorsus,
632 1165 663 1190 et
678 1171 715 1190 ex
732 1161 848 1197 animo,
872 1162 1020 1192 standum

293 1220 360 1242 esse
379 1211 576 1242 arbitramur.
621 1211 758 1250 Interea,
782 1211 902 1252 liquido
924 1217 1020 1250 patet,

293 1262 479 1293 Lucretium
494 1264 533 1294 ob
548 1263 655 1293 oculos
670 1263 813 1293 habuisse
829 1273 933 1292 versus
950 1262 1020 1292 110-

294 1313 374 1344 meri
396 1313 582 1348 decantatos
605 1313 761 1343 Lambino
783 1312 925 1344 laudatos
945 1323 1022 1354 quo-

294 1374 366 1406 que.
382 1364 417 1394 iu
436 1364 474 1395 ΙΙ.
491 1371 528 1395 τ.
548 1368 599 1395 62.

521 1459 604 1483 aun-xp
619 1448 687 1483 nepes
700 1449 842 1475 Ποσειδαων
857 1452 947 1482 temonis

312 1498 395 1523 Toum
409 1505 551 1531 απειρεσιπν,
565 1505 631 1531 opem
642 1495 664 1521 τ’
677 1505 775 1523 metim
787 1507 932 1532 zoepmoe—.

314 1544 415 1570 mama
429 1543 451 1569 δ’
464 1543 574 1578 ιἰετενερθε,
589 1545 654 1575 mag-⁴
666 1553 749 1579 ενερων,
766 1545 897 1573 Albanius

315 1593 410 1620 Δειηις
426 1591 448 1617 δ’
461 1601 488 1618 εκ
502 1592 580 1627 &paru
594 1597 668 1623 αλτσ,
681 1603 728 1619 και
742 1602 810 1626 ιαχε,
825 1603 864 1626 μη
876 1593 897 1619 ω’
908 1593 987 1628 cmpos

315 1641 398 1666 Γαιαν
416 1640 552 1675 αναρρνξειε
564 1639 705 1666 nocebatur
716 1640 888 1675 ενοσιχθων-.

295 1717 454 1759 Virgilius
469 1717 585 1756 minus,
603 1729 699 1759 quam
711 1720 956 1759 exspectavisses,
968 1731 1025 1751 sua

295 1769 445 1800 coloravit
468 1769 508 1800 ad
530 1770 668 1800 Lucretii
691 1770 874 1809 locutiones,
898 1771 931 1800 in
949 1771 1023 1801 AEn.

297 1821 360 1851 viii.
376 1824 556 1852 240-—247.
579 1832 641 1862 quo
660 1822 808 1852 lectorem
831 1822 960 1861 proinde
976 1833 1023 1852 re-

295 1871 452 1912 legamus:
478 1881 535 1902 nec
550 1878 656 1914 tamen
672 1873 880 1904 imitationem
896 1875 1023 1907 horum-

297 1931 334 1952 ce
348 1932 504 1958 versuum,
520 1928 551 1953 et
566 1923 619 1963 qui
635 1924 878 1964 subsequuntur,
899 1935 962 1954 non
979 1926 1024 1955 fa-

296 1973 357 2004 cile
372 1973 613 2013 deprehendere,
640 1975 666 2005 si
689 1982 778 2006 caute
800 1976 951 2017 perlegas,
974 1972 1026 2007 va]-

295 2023 383 2056 lehis.

340 2076 416 2106 Ver.
442 2079 514 2107 597.
553 2078 663 2108 Terra'i
687 2087 741 2107 ne:
769 2078 804 2108 P.
838 2080 942 2110 Terrae
967 2091 1004 2110 ne
1011 2096 1023 2116 ;

297 2127 396 2158 Vind.
414 2132 448 2159 Σ.
477 2129 572 2158 Terra
590 2139 642 2165 ηε,-
668 2129 710 2159 V.
736 2129 784 2159 ed.
813 2131 958 2167 Terrave;
984 2131 1024 2162 O.

302 2180 471 2211 Terrarum
494 2191 548 2215 ne;
578 2186 622 2211 Ω.
652 2182 747 2211 Terra
770 2183 883 2224 orbern,-
908 2182 1026 2223 insigni

297 2241 374 2261 sane
389 2240 425 2261 ac
440 2230 577 2260 mirabili
600 2232 753 2262 varietate.
802 2233 863 2263 Sed
886 2233 1029 2265 librarius

297 2282 439 2322 profecto
455 2282 560 2313 versus
582 2293 765 2314 mensuram
787 2285 907 2324 volebat
929 2286 1028 2316 adim-

297 2334 597 2373 plere.—dz'ssolvac:
624 2336 662 2366 P.
679 2339 877 2375 (Ιίεεοίυαιιινς
903 2344 940 2370 Δ.
964 2341 1028 2371 dis·

298 2388 394 2418 solvit.

342 2438 416 2469 Ver.
433 2442 505 2470 598.
530 2441 621 2470 AYeu:
648 2447 694 2471 Ω.
716 2442 1026 2483 ΙῙειι.-<Ιί.ς]ιαηιίαι.·

299 2492 336 2520 Δ.
351 2495 470 2528 autem,
493 2492 665 2531 dispandit.

344 2540 421 2571 Ver.
440 2545 511 2574 599.
527 2545 676 2583 conplere:
697 2543 740 2574 sic
758 2551 801 2575 Ω.
824 2545 952 2584 diserte;
968 2556 1026 2577 cae-

300 2595 357 2625 teri
373 2605 458 2635 vero,
474 2600 628 2637 complere.

345 2646 427 2678 Ibid.
449 2650 567 2689 quue:
593 2660 718 2690 nempe,
741 2653 763 2669 “
780 2651 823 2688 id,
839 2653 924 2693 quod
938 2653 1029 2684 hiatu

300 2699 323 2715 “
339 2697 488 2730 fecerit:’'
508 2710 582 2731 nam
598 2701 636 2732 de
654 2703 784 2734 nomine
798 2706 917 2736 hiatum
929 2705 961 2736 in
977 2716 1027 2736 ca—

302 2758 340 2778 su
353 2756 438 2781 recto
453 2751 612 2783 nihildum
633 2756 806 2794 comperire
819 2756 913 2797 quivi.
936 2758 1032 2788 Lam-

302 2799 396 2831 binus
411 2805 582 2843 proposuit,
600 2807 728 2846 Imque:
745 2807 798 2838 sed
816 2809 932 2850 absque
947 2809 1031 2840 codi-

301 2851 402 2890 cibus,
425 2859 456 2883 et
477 2857 706 2889 consuetudine
722 2859 881 2900 Lucretii;
902 2871 973 2903 quae
994 2862 1029 2894 in

303 2903 450 2935 omnibus
463 2907 614 2939 servanda
628 2915 683 2939 est.

1107 951 1182 982 Ver.
1199 955 1271 983 600.
1293 953 1364 982 licet
1387 961 1479 991 quam
1502 953 1564 982 vis:
1588 950 1610 981 i.
1626 962 1652 981 e.
1677 954 1700 970 “
1718 951 1792 982 Non

1064 1006 1087 1022 ‘⁶
1103 1003 1279 1042 interpono,
1302 1013 1364 1043 quo
1379 1003 1493 1038 minus,
1524 1003 1558 1032 in
1572 1008 1727 1043 quantum
1741 1013 1793 1033 ve-

1065 1057 1086 1073 “
1103 1055 1152 1092 lis,
1176 1060 1303 1084 reantur
1326 1053 1439 1083 coelum
1461 1063 1497 1082 ac
1519 1059 1634 1083 terram
1652 1064 1718 1084 esse
1735 1055 1795 1085 im·

1064 1109 1086 1124 “
1102 1105 1276 1135 mortalia.'’
1315 1104 1459 1142 Vossius,
1485 1103 1525 1134 de
1540 1104 1663 1145 analog.
1689 1105 1741 1136 lib.
1756 1106 1796 1137 iv.

1062 1167 1092 1195 p.
1107 1161 1182 1186 240.
1205 1165 1300 1196 quem
1323 1155 1433 1185 laudat
1457 1155 1708 1195 Havercampus,
1731 1157 1797 1187 Lu.

1064 1206 1151 1236 cretii
1170 1206 1275 1236 locum
1291 1206 1421 1245 protulit
1435 1207 1468 1236 in
1478 1207 1659 1246 exemplum
1675 1207 1796 1239 formu-

1065 1257 1104 1287 1ae
1125 1258 1196 1288 licet
1217 1259 1367 1297 quamvls,-
1391 1258 1482 1298 cujus
1504 1264 1611 1289 tamen
1638 1269 1725 1290 veras
1749 1270 1798 1291 ra-

1069 1308 1170 1338 tiones
1192 1307 1281 1338 nullo
1305 1308 1399 1339 modo
1421 1315 1595 1348 perspectas
1623 1310 1732 1340 habuit
1752 1310 1799 1340 vir

1068 1359 1311 1390 literatissimum
1339 1366 1369 1390 et
1383 1359 1418 1389 in
1433 1359 1512 1390 libro
1527 1360 1567 1390 de
1583 1366 1751 1391 construet.
1766 1372 1796 1400 p.

1070 1413 1141 1441 268.
1157 1420 1194 1440 ex
1211 1410 1310 1440 Laelio
1328 1410 1497 1446 Ciceronis,
1522 1415 1544 1429 “
1566 1413 1710 1446 Quamvis
1725 1414 1797 1443 licet

1069 1464 1092 1480 “
1109 1461 1290 1492 excelleas.“
1337 1462 1488 1492 Similiter
1509 1463 1542 1492 in
1559 1469 1630 1493 sect.
1647 1467 1698 1494 26.
1714 1465 1796 1504 ejus-

1067 1513 1140 1544 dem
1164 1513 1253 1544 libri:
1279 1517 1301 1532 “
1321 1516 1513 1554 Quamquam
1537 1514 1595 1544 ista
1617 1517 1796 1554 assentatio,

1069 1569 1092 1584 ‘⁴
1109 1577 1201 1605 quam
1218 1568 1262 1597 vis
1284 1566 1458 1605 perniciosa
1479 1566 1531 1605 sit,
1556 1576 1670 1597 nocere
1692 1573 1799 1598 tamen

1069 1619 1091 1634 “
1110 1616 1229 1646 nemini
1246 1623 1357 1655 potest,
1372 1616 1431 1646 nisi
1447 1617 1486 1655 ei,
1519 1617 1572 1658 qui
1588 1628 1658 1648 eam
1680 1619 1799 1658 recipit,

1071 1670 1094 1685 ‘⁴
1110 1673 1204 1707 atque
1220 1667 1257 1697 ea
1271 1667 1474 1699 delectatur.''
1506 1669 1670 1699 Lectiones
1685 1670 1800 1709 positas

1071 1719 1214 1749 Graevius
1240 1719 1333 1750 solito
1356 1730 1427 1750 cum
1447 1720 1567 1760 judicio
1594 1727 1716 1759 tuetur3
1745 1721 1801 1752 sed

1068 1771 1168 1810 ipsam
1193 1772 1318 1810 phrasin
1345 1782 1458 1811 parum
1487 1772 1618 1802 feliciter
1649 1773 1799 1812 exposuit.

1069 1821 1152 1852 Vide
1168 1832 1253 1860 mox,
1279 1823 1319 1853 ad
1334 1833 1394 1853 ver.
1411 1827 1482 1854 620.
1503 1824 1665 1862 repetitam
1681 1825 1801 1854 formu-

1069 1873 1141 1904 lam.
1189 1874 1298 1904 Graece
1316 1874 1508 1905 locutionem
1530 1876 1590 1905 hoc
1613 1876 1708 1906 modo
1730 1876 1800 1907 red-

1070 1924 1139 1954 das:
1162 1927 1277 1964 Εξεστιν
1291 1940 1387 1960 ava-013
1406 1927 1622 1966 ὑπολαμέανειν
1636 1927 1671 1962 ὡς
1690 1941 1730 1958 τα
1740 1941 1800 1967 μα-

1071 1983 1170 2007 λιστα.

1112 2035 1188 2065 Ver.
1204 2039 1275 2066 601.
1291 2043 1413 2067 ceter-nce
1425 2038 1573 2067 mandata
1587 2038 1694 2067 Saluti.
1720 2037 1803 2066 Nos-

1068 2091 1127 2123 ter,
1158 2087 1296 2126 optimus
1321 2088 1467 2117 omnium
1497 2088 1595 2118 ferme
1629 2088 1726 2127 poeta,
1759 2099 1799 2118 an

1068 2139 1169 2178 magis
1198 2139 1365 2180 magnifice
1394 2139 1518 2170 locutus
1557 2140 1596 2170 sit
1626 2141 1683 2170 hac
1713 2150 1800 2170 occa-

1070 2189 1168 2228 sione,
1181 2190 1273 2228 plane
1289 2190 1424 2228 dubites,
1439 2201 1479 2220 an
1496 2191 1663 2231 eleganter.
1703 2190 1801 2226 Quasi

1072 2241 1189 2271 scilicet.
1203 2242 1367 2272 universus
1389 2242 1528 2272 mundus
1543 2242 1689 2283 quaedam
1706 2256 1800 2285 παρω-

1073 2296 1228 2326 καταιθηκη
1244 2293 1335 2331 foret,
1367 2304 1461 2334 quam
1481 2294 1570 2324 Salus
1585 2294 1650 2334 ipsa
1665 2294 1697 2324 in
1714 2300 1803 2324 aeter-

1073 2355 1150 2375 num
1160 2352 1366 2384 conservaret,
1377 2345 1469 2376 dente
1479 2346 1645 2386 Temporis
1655 2345 1805 2376 indeliba-

1073 2403 1146 2433 tam,
1163 2397 1319 2438 nullisque
1330 2398 1453 2438 injuriis
1468 2398 1646 2429 obnoxiam.
1681 2399 1801 2434 Quern-

1073 2449 1245 2480 admodum
1263 2450 1442 2487 Terentius,
1461 2451 1597 2489 Adelph.
1610 2451 1650 2481 iv.
1666 2453 1696 2482 7.
1711 2453 1762 2481 45.

1298 2532 1366 2562 Ipsa,
1377 2531 1397 2555 si
1409 2531 1511 2562 cupiat,
1525 2531 1601 2556 Salus

1102 2572 1212 2596 Servare
1221 2578 1326 2603 prorsus
1336 2578 1391 2596 non
1402 2576 1491 2604 potest
1504 2571 1572 2596 hanc
1584 2570 1726 2596 familiam.

1074 2641 1136 2672 Ubi
1152 2641 1245 2682 plura
1264 2642 1470 2673 Westerhovii
1485 2642 1586 2673 nitida
1602 2640 1744 2672 eruditio.

1115 2703 1191 2733 Ver.
1207 2707 1279 2734 602.
1303 2705 1346 2734 Et
1361 2709 1480 2734 tamen:
1502 2701 1594 2741 prisci
1608 2699 1730 2731 codices
1739 2699 1805 2739 Pii,

1077 2760 1108 2784 et
1124 2759 1158 2785 Σ.
1175 2756 1337 2791 Attanum,-
1361 2754 1446 2796 quod
1460 2752 1628 2785 editoribus
1642 2761 1804 2791 perperam

1076 2805 1205 2844 placuit,
1227 2812 1336 2836 contra
1351 2805 1471 2846 reliqua
1485 2802 1684 2843 exemplaria.

1118 2864 1192 2895 Ver.
1207 2869 1278 2896 605.
1302 2866 1460 2896 Subdilal:
1487 2864 1522 2894 P.
1551 2870 1596 2894 Ω..
1623 2864 1731 2895 Subdic
1756 2869 1804 2902 et,-

1073 2913 1168 2946 Vind.
1186 2915 1225 2947 V.
1240 2915 1289 2947 ed.
1307 2916 1346 2948 O.
1364 2920 1398 2947 Δ.
1427 2920 1464 2947 Σ.
1480 2916 1608 2948 Subdita
1622 2921 1649 2946 ee
1655 2930 1666 2952 ;
1690 2914 1815 2956 quibus.
