1926 3224
555 242 786 293 LIBER
832 237 1189 298 QUINTUS.

1524 239 1607 278 181

337 379 467 434 Ergo,
498 377 530 418 si
548 376 673 418 variei
693 390 830 417 sensus
850 372 1040 415 animalia
1058 375 1229 426 cogunt,

284 451 407 493 Muta
426 461 562 493 tamen
582 465 707 507 quom
728 451 822 499 sint,
854 448 985 488 varias
1005 445 1188 486 emittere
1206 455 1342 490 voces3

283 526 453 575 Quanto
471 523 674 565 mortaleis
695 522 823 577 magis
842 533 1007 574 aequum
1027 524 1087 557 est
1106 525 1194 556 tum
1215 515 1393 569 potuisse

283 598 522 642 Dissimileis
541 595 633 645 alia,
664 603 784 648 atque
803 592 896 640 alia,
928 605 991 630 res
1011 602 1110 628 voce
1129 587 1296 626 notare?

151 679 257 716 1090

345 671 450 713 Illud
469 671 512 710 in
533 669 610 709 hiis
629 668 749 708 rebus
768 666 914 707 tacitus
934 677 987 703 ne
1005 662 1110 702 forte
1130 660 1324 714 requiras,

289 745 460 787 Fulmen
480 741 623 784 detulit
642 741 685 781 in
706 749 856 782 terram
877 736 1116 780 mortalibus
1134 734 1273 791 ignem

188 918 260 948 Ver.
278 919 369 946 1082.
388 914 488 945 Hune
503 913 576 944 cari
591 913 696 943 locum
711 911 865 953 Virgilius

146 968 290 1001 delibavit
304 966 467 1004 curiosius,
480 965 520 996 ad
535 975 602 1007 geo.
617 965 638 995 i.
653 968 724 996 410.

160 1056 235 1080 Tum
246 1053 356 1084 liquidas
366 1050 440 1076 corvi
451 1056 538 1082 presso
549 1053 590 1075 ter
601 1052 712 1082 gutture
722 1056 813 1080 voces,

162 1096 216 1120 Aut
227 1097 331 1125 quater,
342 1091 584 1124 ingeminant—:

162 1135 274 1162 verum,
287 1131 332 1156 ubi
342 1132 472 1162 tempestas
483 1132 511 1154 et
521 1129 586 1154 coeli
595 1128 699 1154 mobilis
709 1129 808 1153 humor

161 1178 305 1200 Mutavere
315 1174 446 1203 vias--;

164 1217 313 1239 vertuntur
323 1213 421 1246 species
432 1213 595 1242 annnorum,
607 1213 637 1236 et
645 1214 755 1243 pectora
765 1213 855 1235 motus

165 1255 241 1278 Nunc
252 1253 325 1283 aliOS,
337 1252 399 1277 alios
410 1251 475 1276 dum
487 1250 577 1275 nubila
588 1254 683 1275 ventus
693 1251 800 1282 agebat,

164 1291 326 1323 concipiunt
338 1298 344 1314 :
362 1291 424 1315 hinc
435 1290 478 1315 ille
487 1290 577 1314 avium
586 1292 725 1319 concentus,
735 1289 762 1313 in
773 1288 840 1320 agris

164 1335 197 1359 Et
209 1334 282 1359 laetae
294 1333 420 1365 pecudeS,
429 1336 457 1358 et
470 1335 580 1357 ovantes
589 1334 700 1363 gutture
709 1330 795 1355 corvi.

150 1409 203 1440 Ita
217 1407 474 1449 distinguendum
490 1414 574 1446 puto.

192 1470 267 1499 Ver.
283 1471 374 1499 1083.
398 1468 507 1508 Vulgo
533 1472 656 1506 ponunt
678 1473 712 1497 ut
735 1471 806 1496 ante
827 1476 872 1496 se-

152 1522 216 1556 cla;
241 1526 272 1550 et
294 1519 337 1549 sic
370 1517 556 1557 conspicitur
584 1517 618 1547 in
642 1516 739 1547 Vind.
770 1517 806 1546 B.
828 1526 876 1546 se-

158 1570 299 1601 cundum
327 1569 496 1604 collatores,
533 1569 644 1609 quibus
671 1578 735 1598 nou
765 1567 870 1598 credo:

153 1624 238 1653 abest
259 1621 388 1652 omnino
413 1620 524 1651 vocula
552 1620 587 1651 P.
603 1620 639 1650 L.
656 1620 703 1650 M.
730 1629 808 1660 quos
829 1629 876 1649 se-

153 1683 244 1714 quor:
270 1672 385 1710 caeteri,
402 1678 440 1702 et.

198 1731 278 1762 Ibid.
303 1733 492 1762 Raucz'sonos
507 1737 625 1762 cantus.
661 1730 874 1766 Quemadmo-

154 1784 231 1815 dum
247 1784 454 1822 Mantuanus,
474 1783 513 1813 ad
530 1783 604 1813 AEn.
620 1782 683 1813 viii.
698 1786 727 1813 2.

380 1873 468 1890 raucos
479 1869 629 1898 crepuerunt
637 1871 738 1890 cornua
747 1868 847 1890 cantus.

161 1936 210 1967 Sic
237 1936 433 1976 probabiliter
462 1935 696 1966 emendandum
720 1934 882 1973 existimo3

157 1987 212 2018 sed
226 1987 264 2017 de
279 1988 337 2018 hoc
351 1987 427 2017 alias
449 2000 496 2018 σνν
513 1993 586 2027 Θεῳ.

202 2038 283 2068 Ibid.
299 2040 454 2070 cornicum
468 2039 545 2069 secla
561 2044 694 2069 vetusta:
712 2042 749 2068 ut
764 2037 880 2067 Hesio-

159 2088 218 2120 dus
231 2088 314 2128 apud
334 2089 438 2129 Etym.
461 2098 544 2129 mag.
559 2099 588 2128 p.
606 2091 654 2119 15.
669 2092 720 2120 37.
746 2094 777 2119 et
792 2087 877 2119 Plut.

159 2141 192 2172 ii.
207 2144 277 2172 415.
301 2141 338 2172 C.

199 2227 276 2251 Eum
287 2234 323 2251 τοι
335 2224 386 2255 {aaa
398 2233 482 2256 yzvtoeg
497 2225 625 2259 λακερυξαι
639 2225 778 2249 KOPnNH

201 2272 297 2307 Δνδρων
309 2270 426 2300 ἡέωντων
446 2277 533 2305 ελαφος
547 2273 572 2298 δε
583 2281 609 2297 τε
621 2281 803 2306 τετρακορωνος.

166 2351 250 2382 Cum
274 2349 386 2391 quibus
414 2350 581 2380 contendas
606 2354 747 2379 nostrum
773 2348 814 2379 ad
840 2348 883 2380 iii.

165 2404 237 2432 614.

208 2460 290 2492 lbid.
311 2463 466 2492 cornicum
496 2462 573 2492 secla
596 2471 707 2500 aquam
739 2462 884 2491 dicuntur

164 2519 192 2544 et
215 2513 336 2543 imbreis
359 2514 493 2543 Poscere.
537 2511 629 2542 Idem
650 2511 751 2550 poeta,
775 2520 843 2552 geo.
864 2510 884 2541 i.

166 2566 238 2593 588.

173 2635 250 2661 Tum
260 2635 351 2660 cornix
361 2635 439 2668 plena
448 2634 573 2668 pluviam
583 2637 662 2659 vocat
672 2634 784 2666 inproba
795 2641 870 2660 voce.

208 2698 284 2729 Ver.
303 2702 392 2730 1084.
419 2701 578 2730 Corvorum
597 2709 701 2738 greges
707 2714 717 2735 ;
741 2704 777 2728 ut
791 2697 886 2729 Euri-

166 2749 264 2789 pides,
294 2750 392 2789 Hipp.
423 2754 493 2781 740.
532 2762 655 2783 orta-uvat,-
694 2755 888 2782 ΑΓΕΛΑΙΣΙ.

167 2800 322 2841 Virgilius
335 2801 444 2832 altiore
459 2800 607 2839 formula,
632 2802 791 2832 Corvorum
807 2813 889 2832 ezer-

168 2855 259 2892 citus,
281 2864 350 2894 geo.
364 2854 384 2885 i.
398 2858 470 2885 582.
514 2855 559 2885 Et
576 2860 661 2894 optat
682 2855 794 2885 chorus
808 2854 891 2894 apud

170 2903 334 2946 tragicum,
356 2907 471 2938 alatam
489 2905 552 2937 fieri
568 2906 601 2937 iu
616 2908 715 2944 alniis,
734 2916 807 2938 cum
822 2906 892 2947 pul.

907 911 981 940 chro
1006 909 1150 948 phraseos
1174 911 1340 937 concentu:
1367 914 1431 935 non
1460 909 1505 934 est
1534 903 1632 944 igitur

909 959 1102 991 admittenda
1120 958 1291 999 Musgravii
1308 956 1448 996 suspicio.

954 1010 1035 1042 lbid.
1068 1021 1179 1050 aquam
1209 1015 1236 1040 et
1266 1010 1396 1038 imbreis.
1440 1005 1633 1046 chdyades

911 1068 956 1093 est
969 1072 1026 1101 pro
1043 1072 1137 1101 aquas
1155 1062 1287 1100 pluvias.
1331 1057 1442 1089 Paullo
1456 1068 1543 1088 secus
1559 1057 1630 1087 Ma-

911 1124 960 1153 ro,
974 1114 1049 1144 AEn.
1067 1123 1094 1143 v.
1110 1116 1182 1144 696.

1317 1182 1371 1206 ruit
1381 1181 1485 1206 aethere
1496 1183 1558 1205 toto

973 1227 1108 1252 Turbidus
1118 1226 1195 1250 imber
1205 1225 1346 1258 aqud—.

957 1299 1029 1330 Ver.
1046 1303 1137 1330 1086.
1160 1299 1274 1329 varici:
1301 1295 1395 1326 Vind.
1412 1295 1452 1325 V.
1475 1294 1523 1324 ed.
1546 1295 1583 1325 B.
1600 1299 1635 1325 Σ.

913 1352 1027 1386 varios;
1051 1350 1088 1379 L.
1115 1349 1162 1379 M.
1185 1350 1279 1379 variis
1285 1364 1296 1384 ,-
1323 1345 1424 1386 prima
1445 1344 1533 1376 litera
1555 1345 1638 1374 vocis

915 1400 1062 1431 adstantis
1079 1399 1319 1429 adhaerescente:
1346 1404 1386 1428 Π.
1400 1398 1493 1428 vario.

961 1450 1040 1481 Ibid.
1062 1452 1160 1481 varici
1173 1460 1284 1480 sensus.
1317 1447 1480 1488 Virgilius,
1497 1446 1572 1477 AEn.
1586 1445 1639 1476 xii.

920 1506 990 1535 914.

1248 1574 1323 1597 Tum
1334 1574 1444 1604 pectore
1453 1577 1539 1596 sensus

967 1617 1116 1641 vertuntur
1125 1615 1269 1640 varii—.

962 1687 1037 1716 Ver.
1056 1688 1146 1716 1087.
1169 1686 1261 1715 Muta
1270 1698 1280 1714 .·
1313 1683 1355 1714 sic
1378 1684 1413 1714 P.
1428 1682 1526 1713 Vind.
1547 1681 1574 1712 si
1596 1682 1643 1712 fas

919 1738 958 1767 sit
987 1736 1124 1767 credere:
1150 1736 1260 1776 reliqui
1282 1735 1428 1770 universi,
1452 1736 1572 1770 sssulta;
1604 1734 1644 1763 de

919 1788 1167 1821 constantissima
1208 1788 1399 1818 aberratione
1436 1786 1644 1817 librariorum.

923 1840 1044 1871 Pariter
1064 1844 1226 1878 peccatum
1246 1844 1322 1877 puto
1343 1838 1377 1867 in
1395 1837 1521 1867 Alcimo
1538 1837 1644 1874 Avito,

923 1891 943 1922 i.
958 1895 1008 1922 50.
1030 1891 1086 1921 ubi
1104 1890 1185 1926 libri,
1200 1890 1295 1920 multa
1307 1902 1317 1918 .-

923 1976 1044 2003 Protinus
1054 1975 1081 1999 in
1091 1975 1177 2000 varias
1183 1974 1308 1999 animalia
1317 1976 1388 1998 muta
1399 1973 1497 2005 figuras

925 2022 1053 2055 Surgunt,
1064 2026 1091 2047 et
1103 2028 1220 2047 vacuum
1230 2021 1381 2045 discurrunt
1391 2021 1470 2044 bruta
1481 2025 1527 2051 per
1543 2019 1646 2044 orbem.

969 2097 1042 2129 Ver.
1060 2100 1151 2127 1088.
1172 2107 1310 2136 aequum:
1346 2100 1381 2126 Δ.
1403 2100 1644 2134 aptum—tum:

925 2149 967 2178 V.
984 2148 1031 2178 ed.
1056 2155 1174 2183 tamem
1198 2157 1256 2177 nec
1283 2146 1411 2184 mirum,
1435 2155 1535 2185 quum
1557 2144 1648 2174 lineis

926 2200 1010 2230 haud
1024 2199 1198 2239 discrepent
1215 2197 1250 2229 ιΐι
1266 2204 1297 2228 et
1310 2200 1353 2228 ιϊι.

969 2260 1043 2289 Ver.
1077 2262 1168 2290 1091.
1198 2264 1327 2289 terram:
1364 2256 1507 2294 editores,
1544 2260 1651 2286 contra

925 2315 1028 2340 vetera
1056 2308 1256 2349 exemplaria,
1283 2315 1395 2343 terras,-
1424 2306 1517 2347 longe
1546 2306 1650 2344 impu-

926 2361 1049 2391 denter:
1080 2359 1134 2390 sed
1162 2369 1324 2390 necessum
1346 2359 1493 2388 habentes
1522 2356 1652 2387 forsitan

927 2411 1101 2452 Virgilium
1123 2411 1221 2452 sequi,
1245 2410 1286 2441 ad
1309 2410 1383 2440 AEn.
1416 2409 1458 2438 ix.
1484 2411 1532 2440 19.
1564 2407 1652 2438 haud‘

928 2462 1017 2494 aliter
1030 2468 1205 2493 canentem:

1156 2541 1219 2574 Quis
1230 2546 1258 2567 te
1269 2540 1345 2570 mihi,
1357 2539 1471 2564 nubibus
1480 2542 1582 2570 actam,

961 2581 1059 2607 Detulit
1075 2581 1101 2606 ἰη
1113 2582 1209 2606 terras?

933 2651 985 2682 De
999 2652 1057 2681 hac
1071 2656 1177 2681 autem
1196 2660 1229 2680 re
1243 2649 1286 2679 sic
1302 2647 1462 2679 Diodorus
1477 2646 1612 2683 Siculus,
1635 2646 1655 2676 i.

933 2706 982 2732 13.
1006 2708 1076 2733 Emi
1090 2701 1118 2733 δε
1133 2715 1188 2732 των
1204 2702 1287 2743 ἷερεων
1310 2708 1390 2740 φασι,
1414 2712 1521 2741 πρωτον
1534 2700 1655 2738 ‘Epam-

933 2767 981 2784 τον
1010 2757 1190 2788 βασιλευσαι,
1220 2765 1302 2794 πνρας
1328 2752 1435 2793 &psa-nv
1459 2763 1654 2790 γενομενομ,

934 2812 1064 2844 serapem
1080 2818 1137 2846 γαρ
1152 2817 1182 2835 εν
1197 2817 1253 2838 τοις
1270 2816 1335 2846 opem
1358 2804 1543 2843 κεραυνοζσλε
1558 2801 1655 2841 δενδρε,

935 2869 984 2886 και
1000 2869 1051 2890 της
1069 2863 1189 2889 othnam
1205 2855 1274 2889 ὕλης
1291 2867 1450 2894 καιομενης,
1471 2855 1656 2895 προςελθοντω

936 2921 982 2939 ’τον
997 2910 1150 2948 Ἥφαιστον
1165 2921 1248 2938 κατα
1264 2920 1315 2940 την
1338 2919 1481 2947 χειμεριαιν
1504 2905 1581 2946 ὡρῶν,
1606 2904 1656 2934 ἦν·
