1926 3224
574 249 807 299 LIBER
856 249 1160 300 SEXTUS.

1524 262 1620 302 383

274 381 424 424 Multei
443 381 674 437 praecipites
694 381 887 438 nymphis
907 382 1137 437 putealibus
1157 381 1235 424 alte

273 457 529 508 Inciderunt,
550 457 640 512 ipso
659 458 866 499 venientes
885 472 957 498 ore
975 464 1159 513 patente:

273 531 557 573 Insedabiliter
577 532 662 573 sitis
682 531 812 581 arida,
835 546 1011 586 corpora
1029 545 1226 581 mersans,

135 606 240 647 1175
272 605 486 661 AEquabat
504 604 679 646 multum
697 605 833 660 parvis
853 604 1096 645 humoribus
1116 604 1303 646 imbrem.

330 679 419 720 Nec
439 678 597 735 requies
617 686 704 719 erat
723 677 804 719 ulla
823 677 934 719 mali:
966 677 1120 719 defessa
1132 678 1325 733 jacebant

273 752 479 808 Corpora3
511 752 718 795 mussabat
739 752 864 794 tacito
886 751 1100 794 Medicina
1120 752 1283 794 timore:

127 907 270 938 scuritate
291 906 398 937 locum
424 906 632 938 liberavimus.
678 908 767 939 Ordo
789 915 846 939 est:

126 961 148 976 “
166 958 296 997 Semper
325 958 442 988 dabant
470 959 611 988 membra
642 957 682 988 ad
712 965 854 997 ventum,

126 1012 149 1028 “
165 1009 278 1049 partim
294 1009 327 1038 in
343 1008 690 1050 fluvios.”—Denique,
704 1009 800 1040 Vind.
814 1010 852 1046 Q.

125 1059 390 1101 habent,fi·igore.

169 1121 244 1152 Ver.
263 1124 354 1152 1170.
372 1122 505 1161 gelidos:
533 1120 572 1151 V.
588 1120 636 1151 ed.
651 1123 719 1152 coeli
733 1124 798 1153 dos.-
818 1128 852 1153 Δ.

126 1174 253 1204 calidos.

172 1233 253 1264 Ibid.
275 1235 418 1264 ardentia
443 1233 542 1263 morbo
572 1233 728 1263 Membra:
761 1239 796 1263 ut
822 1234 855 1264 in

127 1284 291 1324 sepulcrali
318 1284 457 1315 carmine
479 1294 544 1314 non
566 1284 744 1324 invenusto,
772 1285 856 1325 apud

130 1338 259 1368 Gruter.
277 1346 306 1376 p.
322 1340 394 1367 540.

175 1427 270 1451 Ussere
281 1425 397 1450 ardentes
408 1425 479 1450 intus
493 1431 555 1450 mea
566 1424 666 1450 viscera
676 1426 764 1456 morbi,

206 1465 320 1491 Vincere
331 1472 397 1497 quos
408 1464 524 1490 medicae
536 1471 590 1489 non
601 1469 714 1497 potuere
725 1472 830 1490 manus.

130 1539 184 1570 Sic
198 1544 306 1570 autem
320 1537 533 1578 Thucydides,
550 1537 570 1569 l.
586 1537 759 1572 0.-ἧδιστω
777 1552 808 1570 τε
824 1553 858 1570 αν

131 1604 155 1626 ες
174 1590 241 1634 ὕδωρ
256 1593 371 1633 ’ψυχρον
385 1598 460 1631 σφας
477 1603 567 1624 averes·
581 1592 698 1632 ῥιπτειν·
715 1605 766 1622 και
782 1598 857 1622 πολ-

130 1651 175 1675 λοι
192 1656 263 1675 τετυ
280 1657 334 1674 των
350 1650 531 1682 ημελημενων
547 1656 597 1673 και
610 1641 724 1685 εἲροισαν
735 1656 759 1677 ες
774 1651 857 1685 φρεα-

131 1708 183 1733 τα,
207 1707 354 1734 απαυστῳ
370 1708 407 1736 τῃ
429 1693 502 1737 διψῃ
524 1696 708 1734 ξυνεχομενοι.
754 1695 857 1725 Tene-

129 1747 264 1778 bricosas
285 1753 393 1777 autem
416 1748 477 1777 hoc
499 1756 599 1788 genus
613 1747 859 1777 constructiones

129 1797 286 1829 illustrare
300 1803 332 1829 et
354 1797 502 1828 admirari
529 1803 651 1828 nosmet
672 1798 741 1829 aliis
763 1798 858 1829 relin-

131 1849 268 1890 quimus,
289 1848 521 1880 candidioribus
536 1849 688 1880 delectati.

175 1900 250 1931 Ver.
267 1903 360 1932 1171.
374 1901 504 1931 dabant.-
524 1900 621 1931 Vind.
638 1901 678 1931 V.
694 1900 743 1931 ed.
760 1905 795 1933 Σ.
814 1907 858 1932 Ω.

129 1955 460 1995 (Ιαὸαηι.ἠ”ασίεηιεε.·
485 1961 530 1986 Ω..
541 1954 691 1995 jacentes.

176 2005 251 2036 Ver.
269 2009 363 2037 1172.
387 2008 548 2047 nymphis:
573 2007 617 2037 sic
633 2007 674 2037 V.
691 2006 739 2038 ed.
758 2007 795 2038 L.
812 2007 860 2038 M.

133 2067 211 2098 quos
225 2057 445 2088 auscultandos
460 2058 641 2089 habuimus:
664 2057 768 2099 vulgO,
780 2061 858 2100 lym-

126 2113 208 2151 phis.
238 2111 421 2142 Editoribus
435 2113 630 2143 Lucretianis
650 2112 788 2153 profecto
803 2124 861 2144 nec

133 2163 207 2196 satis
236 2163 338 2194 inerat
366 2164 546 2203 venustatis,
574 2175 632 2196 nec
657 2165 861 2206 antiquorum

134 2213 277 2253 leporum
291 2216 675 2255 veneratio.—Caeterum,
689 2217 741 2247 hic
755 2227 861 2248 versus

134 2265 330 2305 postponitur
344 2276 404 2297 ver.
423 2270 514 2298 1176.
529 2267 564 2297 in
579 2268 615 2298 P.
632 2273 667 2299 Δ.
684 2272 718 2300 Σ.
737 2275 781 2299 Ω.

178 2316 253 2347 Ver.
279 2319 369 2348 1173.
392 2319 456 2357 ipso
479 2320 629 2350 venientes
651 2329 702 2350 ore
727 2325 860 2359 patente.

136 2373 295 2409 Γραφικως,
318 2373 354 2399 ut
378 2368 458 2398 nihil
474 2379 574 2408 supra.
621 2369 752 2401 Curtius
767 2371 862 2401 etiam

135 2417 259 2449 videtur
288 2419 430 2450 aemulari
452 2420 596 2459 voluisse,
625 2420 667 2451 ad
688 2420 727 2451 iv.
755 2423 783 2451 7.
811 2425 860 2452 14.

136 2473 160 2488 ‘⁶
176 2470 240 2500 Pro
251 2481 284 2501 se
298 2471 429 2512 quisque
444 2473 585 2512 excipere
596 2482 671 2502 eum
683 2472 857 2514 (imbrem):

137 2524 160 2540 ‘⁶
175 2521 317 2562 quidam,
347 2524 387 2554 ob
410 2523 495 2554 sitim
517 2524 704 2563 impotentes
725 2526 782 2562 sui,
812 2537 862 2556 ore

139 2575 161 2590 ‘⁶
176 2583 299 2614 quoque
314 2576 419 2606 hiante
435 2581 557 2615 captare
573 2575 763 2615 coeperuntss‘

180 2625 256 2655 Ver.
274 2628 366 2657 1174.
388 2628 474 2658 sitis.-
503 2626 598 2658 Vind.
612 2628 652 2658 V.
668 2627 715 2658 ed.
737 2629 865 2659 satis.—

140 2686 290 2707 merscms:
315 2677 352 2708 L.
377 2678 424 2708 M.
449 2680 609 2715 inerrans;
634 2689 756 2719 nempe,
778 2691 808 2710 m
830 2679 864 2709 in

138 2729 172 2759 in
187 2728 284 2759 semel
299 2734 430 2766 mutato,
453 2740 491 2761 ex
507 2732 647 2762 inersans
670 2731 744 2762 fecit
768 2731 861 2762 libra-

138 2778 203 2809 rius
219 2781 370 2811 inerrans.
417 2782 499 2812 Sane
521 2782 714 2823 conjeceram
728 2795 862 2823 versans,

141 2836 172 2860 et
185 2838 258 2862 ante
272 2842 509 2872 provocaveram
521 2834 561 2864 ad
573 2835 710 2865 Bentleii
724 2842 813 2866 notas
828 2837 863 2866 in

143 2882 256 2915 Horat.
271 2885 358 2924 epist.
376 2885 408 2915 ii.
425 2889 453 2916 2.
470 2890 519 2918 90.
541 2896 637 2927 quam
651 2888 866 2928 conspexerim

141 2932 253 2966 diserte
293 2936 444 2978 scriptum
474 2945 571 2971 versat
600 2939 634 2970 in
671 2939 710 2974 O.
741 2942 867 2974 Versans

895 914 1012 945 autem,
1034 914 1186 949 torquens.
1233 908 1323 938 Nihil
1341 914 1445 940 tamen
1462 915 1623 943 mutatum

896 960 1021 991 malim:
1046 970 1120 990 nam
1136 971 1271 990 mersans
1291 966 1400 999 potens
1422 967 1468 991 est
1487 964 1621 994 vocabu-

896 1012 976 1050 lum,
1000 1018 1031 1043 et
1052 1012 1155 1052 lepide
1177 1013 1270 1043 tacito
1292 1019 1433 1053 respectu
1448 1016 1622 1055 morbosos,

896 1074 928 1093 se
953 1064 1053 1102 puteis
1083 1063 1271 1102 proluentes,
1305 1071 1479 1096 contuetur.
1524 1067 1625 1097 Faber

896 1114 1046 1145 divinavit
1060 1126 1168 1146 vexans
1179 1130 1189 1150 ;
1214 1115 1387 1146 infeliciter.
1435 1117 1551 1148 Confer
1562 1118 1623 1150 Ju-

898 1165 995 1196 venal.
1011 1175 1039 1196 x.
1056 1169 1106 1197 57.
1131 1166 1211 1196 Hor.
1228 1167 1314 1205 epist.
1331 1167 1351 1197 i.
1370 1171 1396 1198 Ι.
1414 1172 1463 1200 16.

943 1217 1023 1247 Ibid.
1053 1218 1122 1248 sitis
1148 1219 1238 1247 arida
1271 1228 1408 1257 corpora.
1453 1220 1625 1257 Arnobius

899 1268 952 1299 lib.
971 1269 1020 1299 vii.
1036 1279 1064 1308 p.
1082 1271 1152 1300 255.
1197 1273 1220 1287 “
1238 1269 1403 1310 Numquid
1418 1271 1504 1301 enim
1519 1272 1627 1303 numi-

901 1324 924 1338 “
941 1330 1020 1350 num
1035 1331 1160 1359 corpora
1175 1322 1258 1350 sitim
1276 1320 1415 1352 sentiunt
1425 1322 1592 1352 arz'dam?''

942 1371 1017 1402 Ver.
1042 1373 1134 1401 1175.
1152 1373 1272 1411 parvis.-
1299 1371 1338 1401 V.
1369 1372 1417 1403 ed.
1441 1375 1570 1413 pernix,-
1596 1378 1629 1404 et

901 1421 1043 1462 agnoscit
1064 1421 1369 1453 Pius.—Exornavit
1391 1429 1497 1455 autem
1512 1430 1628 1464 noster,

900 1479 933 1503 et
959 1472 1121 1512 pulchrius
1149 1473 1325 1512 declaravit,
1351 1474 1454 1505 Graeci
1473 1476 1630 1515 scriptoris

900 1524 1086 1554 sententiam
1094 1536 1200 1555 ε-και
1217 1538 1241 1555 εν
1257 1539 1298 1565 τῳ
1310 1526 1391 1566 ὁμωῳ
1403 1528 1583 1560 naemu-maes
1595 1541 1629 1560 ‘ro

906 1589 938 1607 τε
953 1585 1039 1606 πΛεον
1055 1589 1104 1606 και
1120 1583 1238 1607 &macor
1255 1590 1350 1608 παπ-ον.

945 1628 1022 1658 Ver.
1042 1630 1133 1658 1176.
1155 1630 1242 1659 mali:
1269 1628 1365 1660 Vind.
1383 1634 1416 1661 Σ.
1431 1632 1499 1667 ari;
1522 1630 1564 1661 V.
1580 1629 1630 1662 ed.

902 1681 1000 1717 inarz}
1025 1686 1070 1710 Ω..
1092 1681 1356 1711 mari.-—Absunt
1370 1691 1458 1712 voces
1479 1684 1557 1713 ‘male'
1576 1685 1630 1715 de-

890 1730 979 1772 fessa
1003 1733 1042 1762 ab
1066 1736 1100 1762 Δ.
1132 1731 1183 1761 cui
1205 1737 1315 1771 putem
1337 1732 1458 1763 dedisse
1487 1744 1632 1765 caussam

902 1783 1148 1822 corruptissimas
1168 1783 1282 1813 harum
1302 1783 1479 1815 dictionum
1497 1785 1532 1815 in
1548 1795 1631 1816 non-

901 1833 998 1864 nullis
1012 1833 1101 1864 codd.
1117 1835 1293 1874 scripturas,
1316 1845 1393 1876 quas
1408 1835 1551 1867 librarius
1566 1847 1632 1867 non

902 1886 1003 1925 potuit
1017 1885 1171 1925 expedire.
1196 1886 1245 1916 Sic
1261 1887 1303 1917 V.
1318 1887 1365 1918 ed.
1381 1888 1516 1928 exempli
1530 1888 1633 1930 gratia

905 1948 1029 1970 versum
1043 1939 1204 1981 integrum
1219 1939 1355 1972 exhibet:

934 2026 990 2051 Nec
1002 2026 1106 2057 requies
1116 2029 1174 2051 erat
1184 2025 1257 2051 nulla
1267 2026 1295 2052 in
1306 2026 1453 2059 an'defessa
1462 2029 1600 2060 jacebant.

903 2100 948 2131 Et
961 2110 1022 2131 ver.
1042 2103 1132 2131 1172.
1154 2101 1239 2131 hunc
1254 2101 1394 2141 sequitur
1409 2102 1443 2131 in
1459 2102 1547 2134 libris
1561 2113 1631 2135 om-

904 2152 998 2182 nibus
1025 2151 1164 2190 vetustis,
1197 2157 1233 2183 ut
1261 2152 1398 2191 videtur3
1421 2154 1477 2184 sed
1498 2156 1632 2188 omnino

903 2213 1044 2243 pesmme.

950 2263 1030 2294 Ibid.
1055 2265 1124 2295 Nec
1138 2266 1257 2304 requies
1270 2272 1338 2297 erat
1352 2268 1416 2297 ulla
1432 2269 1518 2298 mali.
1564 2269 1630 2300 Ge·

904 2314 1050 2345 neraliter
1063 2316 1130 2345 haec
1154 2317 1245 2347 verba
1267 2318 1453 2357 accepissem
1476 2319 1516 2350 de
1539 2320 1630 2352 inde-

904 2366 985 2397 fessa
1006 2367 1099 2407 pestis
1121 2378 1175 2407 per
1197 2369 1307 2399 urbem
1336 2371 1534 2411 grassatione,
1565 2383 1631 2404 non

904 2429 1012 2450 rursus
1041 2419 1081 2450 de
1110 2420 1307 2461 singulorum
1335 2425 1553 2455 morbosorum
1581 2425 1631 2456 in-

904 2470 1016 2511 quietis
1029 2471 1256 2511 vexationibus,
1272 2473 1333 2503 nisi
1347 2474 1566 2515 Thucydidem
1580 2476 1631 2507 in-

905 2529 1072 2564 terpretem
1086 2526 1413 2560 habuissemus—nm
1436 2530 1452 2560 ἦ
1475 2544 1578 2573 avi-opta.
1594 2544 1633 2564 w

906 2589 948 2617 μῆ
964 2578 1130 2619 ἦσυχαζειν,
1157 2593 1207 2610 και
1223 2580 1239 2613 ἦ
1262 2593 1418 2623 mmmmm,
1436 2595 1563 2614 επεκειτο
1586 2582 1634 2616 ἲιω

907 2642 1034 2664 oravet-03:
1060 2641 1130 2672 quae
1160 2632 1303 2663 similiter
1331 2636 1566 2674 continuantur,
1595 2646 1632 2668 ac

906 2682 1000 2712 series
1014 2683 1163 2714 orationis
1179 2685 1382 2717 Lucretianae.
1428 2687 1539 2728 Dictys
1555 2688 1633 2719 Cre-

906 2734 1012 2774 tensis,
1027 2745 1055 2766 v.
1072 2739 1121 2766 12.
1145 2740 1167 2755 “
1179 2737 1310 2768 Prorsus
1324 2741 1411 2771 nulla
1426 2743 1546 2781 requies
1555 2746 1632 2773 stra-

907 2789 931 2805 “
945 2786 1004 2828 gis,
1021 2793 1114 2829 atque
1117 2789 1302 2830 funerum.’'

952 2838 1033 2869 Ibid.
1064 2840 1177 2880 defessa
1197 2842 1346 2881 jacebant
1377 2845 1526 2884 Corpora:
1559 2845 1580 2876 i.
1605 2856 1633 2876 e.

909 2890 1053 2920 homines
1067 2891 1247 2922 moribundi
1258 2895 1542 2935 prosternebantur,
1549 2906 1634 2927 mor-

911 2941 943 2974 bi
957 2940 1117 2974 doloribus
1130 2944 1281 2976 exhausti.
1324 2945 1482 2987 Tibullus,
1497 2947 1518 2979 i.
1533 2950 1564 2980 5.
1579 2952 1611 2980 9.
