1926 3224
653 224 886 272 LIBER
926 224 1281 281 QUINTUS.
1599 232 1616 269 1

1627 231 1682 269 51

397 357 582 399 Flamma
601 357 766 413 quidem
785 371 882 398 vero
901 371 1028 413 quom
1048 371 1222 412 corpora
1240 355 1349 398 fiilva
1367 355 1531 397 leonum

229 436 311 472 900
345 431 454 473 Tam
475 432 598 474 soleat
618 439 773 472 torrere
793 439 915 486 atque
935 445 1068 480 urere,
1101 445 1223 486 quam
1243 445 1372 487 genus
1393 443 1516 471 omne

343 505 534 555 Visceris,
567 505 609 545 in
630 505 748 545 terris
767 503 1103 558 quodquomque,
1135 511 1176 544 et
1196 504 1419 560 sanguinis,
1451 509 1596 544 exstet:

343 578 429 628 Qui
450 579 537 619 fieri
557 577 705 632 potuit,
738 576 883 629 triplici
906 589 1000 616 cum
1019 590 1193 630 corpore
1213 584 1259 616 ut
1278 577 1376 626 unfi,

345 652 486 693 Prima
505 650 581 699 leo,
614 657 821 703 postrema
840 648 981 698 draco,
1013 648 1151 689 medio
1170 649 1259 704 ipsa
1278 649 1488 700 chimaera,

345 725 431 766 Ore
449 724 566 764 ferox
586 738 721 764 acrem
741 723 858 764 flaret
877 723 929 764 de
948 737 1121 778 corpore
1140 723 1372 765 flanunam?

230 804 311 841 905

209 973 341 1003 Vacante
378 976 496 1008 autem,
533 971 644 1010 amplo,
681 971 819 1010 spatioso.
880 968 926 999 At

199 1023 298 1061 enim,
324 1022 479 1062 supersint
500 1021 572 1052 licet
586 1020 694 1057 multa,
717 1020 854 1059 receptui
873 1030 923 1050 ca-

199 1075 353 1112 nendum,
369 1079 534 1114 postquam
544 1082 709 1110 monuero,
721 1073 926 1113 conjunctum

201 1136 336 1163 sensum,
365 1125 419 1166 qui
448 1127 565 1156 rabidis
588 1126 714 1155 canibus
739 1124 926 1162 continetur,

200 1177 352 1218 singulari
367 1176 496 1206 nomine
516 1175 641 1216 cognati
663 1175 822 1213 animalis;
841 1176 927 1215 lupo-

201 1238 270 1258 rum
287 1227 414 1266 scilicet,
432 1228 691 1266 comprehensum
704 1236 770 1256 esse
781 1225 930 1266 Virgilio,

203 1278 244 1308 ad
261 1278 337 1308 AEn.
351 1278 395 1308 iii.
417 1281 489 1308 428.
512 1278 567 1307 ubi
592 1277 630 1307 de
657 1277 784 1307 diversis
807 1277 930 1318 generi-

202 1331 273 1368 bus,
297 1331 424 1361 canibus
447 1335 478 1359 et
495 1330 589 1369 lupis,
615 1328 704 1358 nullo
729 1328 824 1359 modo
845 1328 930 1369 cogi-

202 1380 343 1411 tandum.
391 1380 509 1410 Confer
537 1380 649 1410 Horat.
673 1380 760 1419 epist.
784 1380 804 1410 i.
827 1384 856 1411 2.
880 1383 930 1410 26.

203 1431 294 1471 Virg.
312 1432 386 1461 AEn.
398 1430 447 1461 vii.
467 1434 514 1461 18.

245 1491 322 1521 Ver.
338 1494 410 1522 895.
433 1501 505 1521 nec:
531 1490 575 1520 ita
592 1490 630 1520 P.
649 1489 747 1520 Vind.
764 1490 806 1520 V.
828 1489 875 1520 ed.
894 1490 933 1520 O.

205 1545 241 1572 Δ.
258 1548 299 1572 Π.
316 1546 350 1573 Σ.
368 1547 412 1572 Ω.
436 1541 476 1571 ad
498 1551 619 1571 morem
641 1540 789 1576 Lucretii,
814 1541 935 1581 quoties

207 1593 316 1623 vocula
330 1598 487 1632 repetatur
501 1592 534 1622 in
550 1592 661 1622 eodem
677 1602 776 1622 versu.
814 1592 931 1632 Vulgo,

206 1655 300 1684 neque
307 1659 318 1680 ;
355 1643 422 1682 sed,
451 1644 499 1674 uti
527 1643 617 1673 valde
646 1643 796 1682 suspicor,
826 1649 934 1673 contra

207 1696 335 1736 scriptos
350 1695 454 1726 libros.

249 1759 325 1789 Ver.
351 1762 424 1791 894.
451 1759 639 1801 perficiunt:
664 1758 684 1788 i.
715 1767 741 1788 e.
772 1759 813 1788 ad
834 1758 936 1799 finem

211 1810 344 1848 ducunt,
358 1811 402 1841 ita
415 1816 451 1841 ut
466 1817 599 1851 nequeat
614 1809 776 1850 progredi3
797 1809 882 1849 quod
904 1809 939 1838 fit

206 1861 371 1892 accedente
399 1867 570 1892 senectute:
606 1861 746 1892 conferas
776 1861 808 1891 ii.
846 1864 937 1891 1115.

210 1913 261 1944 Sic
290 1919 396 1944 autem
419 1913 534 1954 legitur
557 1913 675 1953 optime
706 1913 741 1943 in
769 1912 808 1943 O.
836 1913 939 1943 caeteri

208 1974 329 2001 omnes,
354 1966 540 2007 proficiunt;
567 1965 657 2005 cujus
680 1964 749 1994 loco
774 1973 937 1994 consense-

207 2023 283 2047 runt
311 2017 345 2047 in
377 2017 596 2048 emendatione
623 2016 765 2047 Turnebi
794 2015 938 2055 editores,

205 2069 395 2109 projiciunt:
424 2068 478 2099 sed
500 2074 605 2098 nostra
626 2068 718 2098 lectio
739 2067 937 2107 probabilior.

212 2121 275 2150 Per
297 2125 328 2150 et
353 2131 411 2160 pro
444 2121 477 2149 in
508 2119 584 2149 locis
609 2118 740 2149 infinitis
764 2123 940 2157 permutata

210 2175 301 2208 sunt;
325 2176 363 2200 ut
377 2180 467 2201 voees
481 2170 608 2210 insuper
622 2170 753 2211 integrae
765 2170 804 2200 ad
819 2170 938 2200 Lucan.

211 2219 251 2250 vi.
268 2223 339 2251 455.
362 2226 394 2251 et
407 2221 475 2251 Liv.
490 2221 605 2252 xxxvii.
621 2225 650 2252 6.
667 2224 697 2252 7.
719 2220 775 2251 ubi
789 2220 940 2251 videndus

214 2270 498 2302 Drakenborchius.

258 2330 330 2361 Ver.
348 2333 418 2362 895.
449 2333 559 2362 Venere
580 2333 761 2362 ardescunt:
797 2336 834 2360 ut
859 2330 942 2370 apud

213 2383 308 2413 heroa
324 2382 540 2413 Mantuanum
555 2383 654 2421 Dido,
672 2384 746 2413 AEn.
762 2382 782 2412 i.
798 2385 869 2412 715.

246 2463 356 2496 Expleri
366 2466 488 2489 mentem
499 2464 604 2495 nequit,
620 2463 780 2495 ardescitque
790 2463 903 2493 tuendo,

244 2504 450 2529 Phoenissa—.

258 2584 335 2614 Ver.
355 2587 428 2616 896.
463 2595 575 2625 neque:
610 2584 664 2621 sic,
694 2593 767 2614 cum
797 2583 942 2614 varietate

217 2634 495 2666 Lucretianissimz‘i
509 2635 647 2676 quidem,
668 2635 706 2665 P.
721 2636 763 2665 V.
779 2635 826 2665 ed.
842 2635 878 2665 L.
896 2635 943 2666 M.

219 2686 259 2717 Ο.
286 2693 330 2718 Ω..
364 2688 475 2723 caeteri,
506 2699 578 2724 πρε,-
611 2692 647 2717 ut
669 2686 790 2727 vulgari
816 2686 946 2716 solet.—

207 2737 366 2777 jocunda:
391 2738 436 2769 ita
463 2739 501 2770 P.
519 2739 559 2769 V.
583 2738 630 2769 ed.
658 2743 693 2769 Δ.
710 2743 744 2770 Σ.
769 2737 874 2779 vulgo,
887 2738 945 2778 ju-

220 2791 332 2820 cunda.

263 2850 337 2880 Ver.
353 2853 426 2882 897.
450 2851 534 2882 Vide
549 2851 598 2882 his
620 2850 750 2883 omnino
772 2849 886 2881 similia
907 2849 948 2880 ad

208 2901 219 2930 i
233 2911 260 2931 v.
277 2904 347 2932 644.

268 2959 357 2990 Vox..
374 2960 446 2992 ΙΙΙ.

401 797 497 846 Qu&
519 812 578 849 re,
611 798 734 839 etiam
754 797 895 838 tellure
914 796 1037 848 nove,
1069 797 1253 853 coeloque
1272 797 1442 848 recenti,

1012 968 1088 998 Ver.
1105 972 1176 1000 898.
1198 971 1316 1000 lzomim'
1341 979 1411 1009 quae
1435 974 1494 999 est:
1521 967 1561 998 V.
1585 966 1634 998 ed.
1654 967 1693 998 Ο.

970 1026 1005 1053 Σ.
1022 1028 1067 1052 Ω.
1083 1023 1257 1061 hominique
1272 1028 1330 1058 est;
1357 1027 1398 1052 Π.
1413 1022 1531 1051 Ιιοπιὶηί
1545 1026 1586 1051 est
1602 1031 1679 1060 quae.

1013 1072 1088 1103 Ver.
1112 1076 1183 1104 899.
1222 1074 1386 1103 Flamma:
1429 1078 1468 1101 n.
1499 1072 1697 1100 Flamina.—

969 1135 1055 1155 vero:
1081 1123 1236 1155 exsulata
1250 1123 1289 1154 P.
1303 1123 1345 1153 V.
1361 1122 1407 1153 ed.
1427 1122 1466 1152 Ο.
1483 1127 1517 1152 Δ.
1537 1128 1577 1152 Π.
1597 1126 1631 1152 Σ.
1652 1129 1697 1152 Ω.

971 1181 1013 1213 et,
1029 1176 1151 1215 opinor,
1175 1175 1244 1206 aliis
1257 1174 1405 1205 omnibus
1419 1172 1566 1210 vetustis;
1588 1181 1698 1212 quam-

973 1227 1018 1257 vis
1032 1233 1154 1258 taceant
1176 1227 1346 1257 collatores.
1391 1226 1511 1256 Versus
1532 1224 1575 1254 sic
1596 1223 1698 1254 adim-

973 1277 1075 1317 pletur
1089 1279 1124 1308 in
1138 1278 1177 1310 P.

1069 1363 1145 1392 Ignea
1156 1360 1267 1385 flamma
1278 1359 1388 1391 quidem
1399 1364 1535 1384 cum-—z

975 1440 1013 1460 ex
1041 1430 1230 1471 conjectura,
1254 1429 1289 1460 ni
1309 1430 1411 1460 fallor.
1458 1427 1544 1459 Mihi
1561 1425 1703 1456 versiculi

976 1482 1019 1511 sic
1034 1481 1178 1512 videntur
1193 1481 1392 1519 rescribendi,
1407 1491 1496 1520 quom
1513 1484 1545 1509 et
1558 1480 1701 1518 quoniam

978 1533 1094 1563 scilicet
1109 1533 1223 1572 passim
1238 1531 1388 1563 confusis:

1006 1612 1130 1637 Flamma
1140 1613 1250 1644 quidem
1260 1611 1380 1644 quoniam
1396 1614 1447 1635 tam
1461 1616 1571 1641 corpora
1582 1609 1657 1634 fulva
1671 1609 1706 1635 le-

1100 1658 1185 1676 onum

1008 1692 1066 1714 Jam
1077 1691 1160 1715 soleat
1170 1693 1344 1715 torrere—.

980 1765 1090 1802 Porro,
1110 1765 1154 1795 V.
1170 1764 1218 1794 ed.
1241 1765 1340 1801 vulva,
1363 1773 1419 1801 pro
1429 1762 1543 1802 fulva‚·
1567 1761 1621 1801 qui
1636 1772 1707 1801 pron

981 1816 1063 1846 fecto
1087 1814 1269 1845 referendus
1293 1823 1378 1844 error
1408 1812 1448 1843 ad
1473 1817 1642 1851 cognatum
1658 1822 1706 1842 so-

982 1876 1061 1897 num
1089 1866 1264 1896 literarum:
1301 1864 1372 1895 vide
1402 1862 1709 1901 Drakenborchfflm,

982 1917 1022 1948 ad
1036 1917 1104 1948 Liv.
1119 1917 1182 1947 xxi.
1197 1920 1227 1947 2.
1242 1919 1271 1947 4.

1036 1976 1118 2007 Ibid.
1151 1986 1277 2016 corpora
1295 1975 1391 2016 fidva
1427 1976 1554 2005 leonum.
1600 1973 1711 2003 Utitur

981 2029 1119 2070 epitheto
1134 2027 1297 2069 Virgilius,
1313 2027 1354 2058 ad
1370 2027 1444 2057 AEn.
1459 2026 1497 2055 iv.
1510 2027 1581 2056 159.

1113 2111 1160 2134 aut
1169 2108 1285 2140 fulvum
1297 2107 1458 2133 descendere
1469 2109 1564 2131 monte
1574 2104 1677 2129 leonem.

985 2180 1078 2211 Idem
1108 2185 1251 2209 nostrum
1280 2183 1404 2208 secutus
1434 2181 1481 2206 est
1508 2175 1542 2205 in
1573 2183 1641 2216 geo.
1667 2173 1710 2204 iii.

983 2236 1056 2263 569.

1239 2305 1323 2332 stant,
1334 2300 1495 2326 circumfusa
1507 2298 1617 2331 pruinis,

1016 2346 1120 2376 Corpora
1131 2350 1224 2375 magna
1235 2342 1319 2367 boum.

1026 2420 1100 2450 Ver.
1117 2422 1189 2450 900.
1218 2420 1313 2449 Tam:
1344 2415 1440 2446 Vind.
1463 2415 1505 2445 V.
1531 2413 1580 2444 ed.
1606 2414 1645 2444 Β.
1674 2413 1710 2443 L.

985 2476 1021 2503 Δ.
1040 2478 1080 2502 Π.
1106 2475 1141 2502 Σ.
1170 2477 1216 2500 Ω.
1245 2471 1502 2500 Jam.—torrere.·
1530 2467 1572 2496 V.
1597 2465 1645 2495 ed.
1667 2471 1712 2496 to-

984 2534 1055 2553 nere
1062 2538 1073 2558 ;
1096 2520 1279 2561 permutatis
1294 2531 1315 2550 n
1328 2525 1359 2549 et
1373 2531 1407 2548 rr
1422 2519 1462 2548 ob
1476 2515 1713 2547 similitudinem

984 2575 1143 2614 scripturae
1168 2574 1201 2604 in
1227 2571 1413 2602 minusculis
1435 2569 1559 2611 figuris:
1585 2568 1625 2599 de
1650 2578 1714 2608 quo

986 2625 1137 2656 videndus
1173 2625 1310 2663 optimus
1340 2623 1394 2653 ille
1423 2619 1714 2657 Drakenborchius,

988 2677 1028 2707 ad
1042 2676 1110 2706 Liv.
1126 2676 1165 2706 iv.
1184 2679 1231 2706 lo.
1248 2680 1277 2706 9.

1032 2736 1107 2766 Ver.
1123 2739 1195 2767 901.
1225 2735 1353 2764 Vz'sceris
1380 2738 1410 2764 et
1436 2732 1615 2771 sanguinis:
1642 2738 1714 2769 quae

989 2788 1186 2828 potissimum
1209 2786 1325 2816 scilicet
1346 2783 1493 2815 violentia
1515 2783 1714 2813 flammarum

991 2845 1191 2871 tentarentur.

1034 2901 1110 2931 Ver.
1134 2903 1212 2932 902.
1244 2909 1383 2939 corpore:
1423 2897 1463 2927 V.
1492 2895 1541 2927 ed.
1569 2901 1698 2934 tempore
1704 2909 1716 2930 ,-

970 2962 998 2992 L
