1926 3224
325 267 416 310 248

800 263 860 314 T.
906 263 1279 312 LUCRETII

467 392 567 434 Esse
585 399 754 448 queunt,
775 406 899 447 quam
919 401 1013 434 sunt
1031 392 1198 448 lapides,
1220 407 1268 434 ac
1285 393 1419 449 tigna3
1441 408 1572 451 neque
1590 404 1727 440 autem

465 466 573 508 Tam
592 473 748 515 tenues,
770 479 894 521 quam
914 474 1009 506 sunt
1028 465 1204 516 nebulae,
1224 464 1444 522 fumeique,
1470 467 1660 512 volantes.

465 538 574 580 Nam
594 538 739 580 cadere
757 547 828 580 aut
845 539 968 580 bruto
987 539 1182 580 deberent
1200 539 1384 594 pondere
1402 555 1568 596 pressae,

357 617 432 652 105
465 612 526 653 Ut
545 612 716 667 lapides;
739 620 826 663 aut,
846 621 893 654 ut
911 612 1061 663 fumus,
1082 621 1268 654 constare
1286 615 1517 670 nequirent,

465 685 554 726 Nec
574 685 763 727 cohibere
781 686 908 728 niveis
926 686 1096 743 gelidas,
1118 694 1159 727 et
1177 687 1388 744 grandinis
1406 688 1582 730 imbreis.

521 759 638 800 Dant
657 760 779 800 etiam
798 760 974 801 sonitum
994 759 1121 814 patuli
1141 775 1262 816 super-
1281 775 1447 817 aequora
1465 762 1626 812 mundi,

322 904 364 934 ris
388 911 549 944 peccatum
573 906 759 945 provenisse,
788 912 820 937 et
841 906 1039 947 probabiliter
1081 907 1265 940 1ngentijacet
1275 915 1321 934 ore
1331 909 1429 939 Chaos,
1439 909 1727 942 quodponderesesmm

321 965 373 985 me
388 955 431 985 sic
446 955 697 987 emendaturum:

498 1035 585 1060 neque
597 1032 653 1054 tam
665 1030 799 1056 condenso
808 1038 920 1063 corpore
920 1032 1022 1063 firme.-

321 1097 376 1128 sed
390 1097 507 1128 lubrica
528 1109 577 1129 res
597 1105 652 1135 est,
675 1105 705 1129 et
729 1101 914 1132 emaculatas
938 1112 1036 1133 mem-

319 1149 431 1178 branas
444 1149 590 1188 postulat,
617 1149 663 1180 vel
679 1150 775 1182 critici
789 1151 933 1183 felicioris
947 1163 1035 1193 saga-

319 1199 459 1238 citatem;
482 1200 532 1230 cui
548 1199 636 1230 trado
650 1200 749 1231 libens
763 1201 915 1242 lampada.

361 1250 435 1280 Ver.
462 1253 532 1281 102.
552 1251 684 1290 lapides:
710 1252 806 1283 Vind.
824 1256 966 1293 popz'des;
995 1253 1033 1283 O.

319 1307 356 1334 Δ.
367 1309 408 1333 Π.
421 1307 456 1334 Σ.
471 1308 514 1333 Ω.
526 1305 667 1342 pepides:
693 1314 750 1334 nec
762 1304 870 1335 dubito
882 1305 1038 1346 equidem,

318 1353 395 1395 quin
424 1363 483 1384 vox
508 1353 561 1383 iua
589 1354 627 1384 sit
649 1355 861 1394 antiquissima
883 1357 1037 1396 quaepiam

313 1406 382 1447 jam
396 1405 503 1445 ignoto
517 1415 621 1443 sensu,
644 1412 674 1435 et
688 1406 744 1435 diu
766 1406 893 1437 desueta
908 1409 1035 1448 scripto-

317 1457 416 1494 ribus;
440 1455 524 1486 unde
539 1465 611 1486 cum
634 1456 754 1496 vulgari
777 1458 882 1488 scribae
897 1467 1035 1491 mutave-

314 1519 350 1538 re
363 1507 631 1549 germanissimam
647 1508 744 1546 po'e'tae
759 1508 936 1542 dictionem.
954 1512 1037 1544 Puto

313 1560 409 1590 fuisse
424 1558 582 1600 quandam
600 1560 733 1599 ligneam
755 1564 924 1593 materiem.-
949 1564 1038 1596 aliter

315 1611 400 1641 enim
430 1610 582 1649 posuisset
611 1617 714 1641 noster
741 1613 886 1653 generale
918 1625 1034 1647 nomen

314 1663 413 1701 ligna,
429 1662 494 1691 vice
507 1661 648 1700 specialis
662 1664 765 1702 tigna,·
781 1664 951 1704 quaelectio
959 1677 1033 1698 sane

314 1712 503 1751 conspicitur
516 1712 549 1742 in
567 1712 602 1742 P.
619 1712 660 1742 V.
675 1712 722 1743 ed
738 1713 912 1747 libris—ac
927 1720 1013 1757 tigna
1018 1734 1030 1757 ;

315 1769 351 1794 Δ.
368 1774 405 1794 ac
419 1765 527 1803 rigna;
554 1769 594 1793 Π.
610 1766 756 1803 agnigna.

357 1814 432 1844 Ver.
449 1817 520 1844 105.
541 1820 644 1845 tenues
670 1816 786 1846 nebulae
799 1816 962 1858 fumeique
983 1832 1032 1852 vo-

313 1867 421 1896 lantes.
445 1865 539 1895 Maro
553 1864 698 1896 delibavit
713 1876 846 1905 versum,
869 1868 902 1899 in
917 1880 984 1911 geo.
1001 1872 1032 1904 ii.

313 1919 386 1947 217.

312 1983 383 2015 Quae
394 1986 492 2008 tenuem
503 1984 612 2009 exhalat
624 1984 751 2015 nebulam,
753 1986 891 2019 fumosque
904 1988 1030 2015 volucris.

358 2058 433 2088 Ver.
463 2061 531 2088 104.
553 2065 608 2089 aut
633 2061 736 2090 bruto:
762 2060 798 2091 P.
824 2067 864 2091 Π.
887 2064 1030 2104 abrupto;

311 2107 396 2148 quod
411 2108 519 2138 multis
533 2109 649 2148 placuit
664 2111 776 2141 horum
788 2113 962 2144 carminum
977 2126 1031 2146 cu-

311 2160 472 2195 ratoribus,
495 2159 549 2190 sed
564 2161 735 2192 immerito:
760 2172 834 2193 nam
850 2164 985 2203 plurium
1002 2173 1034 2198 et

311 2210 502 2249 optimorum
517 2211 733 2250 exemplorum
756 2214 914 2253 scriptura,
937 2227 1031 2257 quam

312 2262 504 2299 exhibemus,
529 2262 608 2292 nihil
630 2263 742 2302 aptius,
772 2271 826 2295 aut
850 2265 1031 2306 elegantius.

311 2313 437 2342 Festus:
463 2316 485 2331 “
504 2315 636 2344 Brutum
663 2314 782 2355 antiqui
803 2327 924 2355 gravem
949 2318 1030 2349 dice-

310 2367 332 2382 “
350 2364 454 2394 bant.”
510 2365 679 2401 Amobius,
710 2366 763 2396 lib.
791 2367 828 2397 iv.
859 2379 886 2407 p.
918 2373 1032 2400 201.—

310 2420 333 2435 “
350 2417 436 2457 quod.
449 2418 482 2447 in
497 2418 685 2457 primigenio
699 2429 826 2458 corpore
840 2422 920 2453 iners
936 2422 1030 2454 fuerit

310 2471 333 2485 ‘⁴
349 2475 380 2498 et
395 2468 549 2499 brutum.“
595 2469 756 2506 Horatius,
771 2470 820 2501 od.
835 2471 854 2501 i.
869 2475 918 2502 54.
933 2477 960 2504 9.
976 2475 1029 2504 ha-

310 2519 373 2556 bet,
396 2521 485 2550 bruta
508 2522 613 2551 tellus:
642 2521 662 2551 i.
689 2531 714 2552 e.
739 2525 761 2540 ‘⁶
780 2522 872 2553 inerti
894 2524 1030 2563 pondere

309 2573 332 2588 ‘⁸
348 2571 460 2611 gravis,
483 2577 514 2601 et
537 2571 885 2613 immobilis’'-—Porr0‚
916 2576 950 2606 P.
977 2577 1029 2607 dat

301 2623 412 2660 pressi,
428 2621 467 2652 ad
477 2623 594 2662 lapides
602 2624 812 2663 referendum,
829 2626 1025 2666 vicepressae:

308 2681 360 2701 cui
375 2682 440 2702 non
456 2683 645 2705 assenserim.

352 2721 435 2753 Ibid.
468 2726 601 2762 pondere
623 2736 743 2765 pressoe.
779 2727 878 2768 Lego,
894 2731 1029 2769 pondere

296 2770 401 2810 sessoe.
417 2773 561 2805 Profecto
572 2785 635 2806 non
649 2783 834 2815 premuntur
844 2780 943 2810 alieno
952 2790 1030 2819 pon-

307 2821 394 2860 dere,
421 2824 476 2854 sed
496 2825 668 2866 fatigantur
681 2839 747 2863 sim,-
774 2835 805 2859 et
825 2830 954 2869 proinde
975 2830 1028 2861 de·

307 2871 462 2905 labuntur.
503 2876 555 2907 Ad
580 2887 646 2909 rem
670 2880 816 2912 Valerius
840 2881 981 2921 Flaccus,
1004 2882 1025 2913 i-

309 2926 380 2956 851.

1040 2996 1065 3022 53

1080 948 1229 978 Materiem,
1238 949 1394 981 labsumque
1401 954 1482 981 queat
1491 956 1648 975 consumere
1654 950 1798 975 mundum.

1573 991 1622 1022 Βε
1628 1001 1650 1021 Ν
1656 1002 1678 1021 τ
1683 1002 1701 1021 1.
1707 1002 1724 1021 E
1729 1002 1740 1022 1
1746 1002 1765 1021 u
1772 1002 1799 1023 s.

1082 1073 1160 1103 Viro
1173 1084 1297 1104 summo
1313 1084 1377 1104 non
1399 1073 1480 1104 male
1502 1084 1682 1113 responsum
1704 1075 1798 1106 dede-

1080 1125 1120 1154 rit
1134 1135 1216 1155 unus
1233 1124 1374 1160 Ovidius,
1390 1134 1427 1154 ex
1439 1130 1511 1155 met.
1527 1125 1547 1155 i.
1559 1128 1611 1156 50.
1627 1124 1797 1157 hisverbis:

1108 1213 1219 1237 Densior
1229 1213 1269 1236 his
1280 1213 1358 1238 tellus
1369 1213 1558 1245 elementaque
1567 1213 1676 1246 grandia
1687 1214 1783 1245 traxit,

1108 1252 1141 1276 Et
1149 1255 1235 1283 pressu
1246 1255 1280 1276 est
1287 1251 1421 1284 gravitate
1431 1252 1542 1277 sui—.

1122 1325 1198 1356 Ver.
1218 1329 1287 1357 106.
1305 1328 1441 1366 gelidas.-
1459 1327 1502 1357 V.
1515 1327 1563 1358 ed.
1578 1328 1616 1358 Β.
1627 1329 1798 1368 gelidos.—

1079 1384 1106 1408 ει
1118 1391 1128 1408 .·
1156 1377 1197 1408 Ο.
1208 1384 1274 1408 aut.

1123 1427 1202 1458 Ibid.
1221 1430 1339 1468 gelidas
1353 1431 1456 1460 niveis.
1479 1430 1610 1469 Accius,
1625 1430 1659 1460 in
1676 1430 1741 1462 Cic.
1756 1430 1795 1462 T.

1080 1478 1121 1514 Q.
1133 1477 1153 1508 i.
1167 1481 1220 1508 28.

1485 1568 1599 1594 horrifer

1107 1606 1244 1638 Aquilonis
1254 1607 1350 1632 stridor
1355 1608 1454 1640 gelidas
1464 1609 1576 1634 molitur
1586 1608 1686 1634 niveir.

1118 1689 1191 1720 Ver.
1208 1693 1278 1720 107.
1303 1691 1379 1721 Una
1398 1690 1492 1730 opera
1513 1701 1634 1722 morem
1653 1691 1796 1723 fulminis

1074 1745 1176 1770 noster
1197 1739 1342 1776 declarat,
1364 1746 1396 1770 et
1418 1742 1521 1772 nubes
1534 1751 1598 1772 non
1619 1752 1685 1773 esse
1705 1744 1793 1775 tenui

1075 1800 1198 1830 prorsus
1211 1797 1304 1831 atque
1317 1791 1405 1821 molli
1419 1792 1549 1823 textura.

1118 1849 1199 1880 Ibid.
1221 1861 1343 1890 oequora
1359 1853 1475 1884 mundi.
1514 1852 1662 1884 Similiter
1677 1853 1795 1885 Accius

1074 1902 1108 1932 in
1123 1902 1230 1940 Atreo,
1247 1901 1331 1941 apud
1346 1902 1489 1934 Nonium
1504 1904 1702 1942 Marcellum,
1717 1914 1747 1937 x.
1762 1908 1792 1937 4.

1168 1991 1219 2016 sed
1230 1991 1304 2022 quid,
1317 1991 1419 2016 tonitru
1430 1991 1535 2016 turbida
1544 1995 1623 2017 torvo

1166 2031 1310 2061 Concussa,
1320 2035 1431 2063 repente
1441 2038 1542 2064 equora
1553 2032 1608 2056 coeli

1166 2070 1298 2095 Sensimus
1307 2072 1416 2095 sonere?

1118 2157 1192 2188 Ver.
1209 2160 1279 2188 108.
1300 2159 1443 2188 theatris:
1469 2157 1596 2198 quidam
1621 2158 1708 2190 codd.
1732 2159 1795 2198 Pii,

1078 2210 1237 2244 trachelis;
1260 2208 1298 2238 de
1321 2208 1433 2248 quibus
1445 2208 1550 2238 videas
1573 2209 1712 2240 Macrob.
1731 2211 1794 2242 Sat.

1074 2270 1101 2290 ν.
1117 2263 1169 2290 21.
1186 2260 1253 2290 init.
1291 2260 1331 2289 In
1353 2260 1433 2290 hauc
1448 2259 1592 2300 equidem
1608 2261 1791 2301 scripturam

1074 2312 1264 2352 propendeo:
1287 2312 1429 2352 quamvis
1448 2312 1532 2342 enim
1555 2314 1676 2350 obstare
1687 2313 1792 2358 videa,-

1073 2370 1124 2394 τω·
1138 2364 1202 2403 ipse
1219 2363 1390 2399 Lucretius,
1413 2363 1453 2394 ad
1476 2364 1514 2394 iv.
1539 2367 1588 2395 74.
1611 2365 1792 2403 parallelum

1073 2416 1105 2445 in
1121 2415 1229 2454 primis
1243 2415 1358 2452 locum,
1385 2421 1416 2444 et
1437 2415 1502 2453 ipse
1528 2414 1700 2446 locutiones
1722 2425 1794 2446 suas

1073 2467 1218 2497 varietate
1234 2465 1456 2496 studiosissimis
1478 2466 1664 2496 concinnare
1685 2465 1792 2505 soleat,

1073 2525 1164 2559 atque
1193 2528 1251 2548 vox
1280 2518 1422 2548 trachelis
1452 2526 1489 2546 ea
1518 2516 1565 2552 sit,
1593 2527 1663 2556 quae
1692 2527 1792 2559 neque

1072 2575 1179 2609 sponte
1193 2568 1326 2599 librariis
1347 2567 1379 2598 in
1395 2568 1556 2598 cerebrum
1573 2567 1714 2605 venisset,
1735 2576 1791 2597 ne-

1071 2631 1143 2662 que,
1165 2620 1238 2650 siin
1253 2619 1409 2650 codicibus
1431 2624 1631 2658 compareret,
1656 2627 1721 2647 non
1741 2627 1789 2648 es·

1073 2678 1118 2702 set
1133 2681 1242 2702 eorum
1257 2670 1483 2710 importunitati
1497 2669 1634 2699 maxime
1643 2667 1776 2698 obnoxia
1784 2679 1794 2706 ;

1072 2721 1152 2752 nihil
1162 2728 1279 2759 tamen,
1290 2721 1409 2752 caeteris
1421 2720 1507 2750 libris
1519 2717 1792 2755 consentientibus,

1073 2783 1129 2804 nos
1144 2773 1301 2803 voluimus
1313 2773 1347 2802 in
1362 2782 1396 2802 re
1409 2769 1612 2802 incertissima
1626 2778 1748 2800 novare.

1115 2833 1190 2862 Ver.
1207 2835 1277 2864 109.
1299 2832 1410 2862 malos:
1435 2829 1478 2860 sic
1493 2829 1530 2860 L.
1546 2828 1595 2859 M.
1614 2834 1655 2858 11.
1677 2833 1708 2858 et
1722 2828 1792 2868 qui·

1071 2883 1146 2913 dam
1161 2882 1210 2913 Pii
1225 2881 1360 2919 codicem
1382 2881 1418 2912 P.
1432 2880 1474 2910 V.
1496 2879 1543 2910 ed.
1565 2888 1621 2918 pro
1643 2888 1703 2909 var.
1718 2878 1792 2911 leet.

1070 2945 1188 2971 πων-οη
1211 2933 1307 2965 Vind.
1322 2933 1363 2964 V.
1379 2931 1425 2964 ed.
1441 2931 1479 2964 B.
1494 2936 1530 2964 Δ.
1548 2937 1592 2964 Ω..
1614 2937 1726 2967 naalon
1750 2930 1793 2968 9.
