1926 3224
271 234 377 275 2843·

744 230 806 276 T.
850 228 1228 276 LUCRETII

410 357 647 406 Insinuarit‚
669 364 709 397 et
727 356 825 396 hinc
844 356 1078 397 dominatus
1097 364 1144 397 ut
1163 355 1354 398 extulerit
1373 362 1450 406 se3'

301 435 382 472 385
415 431 583 480 Quidve.
596 444 745 470 nocere
765 437 886 484 queat
905 429 958 470 de
977 429 1080 471 coelo
1099 429 1277 471 fulminis
1296 430 1412 471 ictus.

468 501 609 552 Quod,
632 503 663 542 si
683 502 859 557 Jupiter,
881 511 1002 557 atque
1022 502 1111 543 aliei
1131 502 1326 559 fulgentia
1345 502 1452 543 divei

413 575 615 617 Terrifico
635 576 823 631 quatiunt
843 577 979 617 sonitu
995 576 1170 617 coelestia
1190 576 1354 630 templa,

413 650 469 691 Et
482 650 640 705 jaciunt
660 650 815 707 ignem,
837 650 914 706 qua
936 651 1113 706 quoique
1134 658 1194 691 est
1213 664 1418 705 quomque
1433 648 1637 699 voluntas;

414 723 551 773 Quur,
573 724 719 779 quibus
739 724 950 764 incautum
969 723 1094 764 scelus
1114 722 1336 764 aversabile
1355 737 1560 778 quomque
1579 730 1654 772 est,

297 800 378 838 390
410 796 508 837 Non
528 795 697 845 faciunt,
718 796 810 837 ictei
830 796 1013 837 flammas
1032 804 1078 837 ut
1097 795 1267 852 fulguris
1286 795 1427 837 halent

415 869 587 910 Pectore
606 869 783 924 perfixo,
811 869 1013 911 documen
1035 869 1273 910 mortalibus
1293 868 1417 910 acre?

278 1049 283 1053 ·
297 1051 390 1061 -ι-
398 1041 455 1066 sine
465 1042 557 1071 mente,
570 1047 640 1072 reor,
650 1041 706 1067 sine
716 1042 837 1074 nurnine,
848 1041 983 1069 divam—.-

308 1120 384 1152 Ver.
400 1124 472 1151 582.
495 1127 596 1152 utram
618 1133 666 1153 se.-
696 1122 790 1154 Vind.
818 1123 854 1154 V.
880 1123 927 1154 ed.
950 1135 986 1154 u-

264 1177 376 1209 trame;
401 1176 436 1203 Σ.
459 1178 604 1203 utrumve.

307 1229 381 1260 Ver.
395 1233 467 1260 585.
480 1233 616 1270 partim:
635 1230 678 1261 ita
692 1231 864 1262 luculenter
879 1233 920 1262 V.
937 1232 985 1262 ed.

263 1280 302 1311 L.
318 1280 366 1312 M.
382 1281 488 1312 redeas
503 1281 542 1312 ad
557 1288 663 1312 notam
678 1283 712 1312 in
723 1293 785 1312 ver.
797 1285 848 1314 87.
869 1282 985 1323 Vulgo,

258 1338 390 1372 partem.

293 1388 380 1422 ‘Ven
395 1395 465 1422 584.
490 1394 680 1423 dominatus.-
706 1392 747 1422 V.
773 1391 822 1422 ed.
848 1394 986 1423 domina-

263 1448 401 1473 turn—ut
418 1444 556 1473 extulerit
573 1454 619 1473 se:
638 1442 735 1472 Vind.
748 1442 933 1483 utsatulerit
945 1454 986 1480 δε,-

263 1493 305 1524 V.
321 1493 368 1524 ed.
384 1493 589 1534 utsaculerist
601 1509 612 1530 ‚·
637 1499 671 1523 Δ.
687 1500 721 1524 ut
735 1495 873 1524 attulerit
887 1505 916 1525 se
922 1510 932 1530 ,·
952 1500 985 1526 Σ.

261 1551 294 1575 ut
316 1544 419 1585 facile
447 1546 505 1574 erit
528 1554 566 1574 se.
614 1543 694 1579 Quae
723 1544 989 1576 dissimilitudines

261 1595 467 1634 suspicionem
478 1594 567 1624 nobis
576 1596 753 1632 obmovent‚
763 1594 988 1634 lepidissimum

260 1645 410 1676 artificem
427 1646 579 1676 variatum
592 1646 727 1677 voluisse
740 1646 863 1677 dicendi
877 1658 988 1688 genus,

261 1702 292 1727 et
307 1697 476 1737 scripsisse:

422 1774 449 1796 et
461 1770 522 1795 hinc
535 1770 688 1795 dominatus
699 1774 729 1795 ut
741 1771 870 1796 abitulerr't
878 1778 915 1796 se.

302 1840 380 1870 Ver.
393 1844 464 1872 586.
480 1842 602 1880 Jupiter
613 1847 702 1881 atque
713 1843 788 1872 aliei
799 1844 880 1872 divei
887 1855 898 1872 .·
915 1841 984 1872 vide

262 1891 416 1929 Servium,
435 1891 474 1921 ad
490 1892 580 1932 Virg.
607 1892 682 1922 AEn.
707 1892 726 1922 i.
742 1896 793 1922 42.
816 1893 898 1923 Plin.
922 1899 984 1924 nat.

259 1941 329 1971 hist.
344 1941 374 1971 ii.
391 1945 440 1972 53.
466 1943 582 1972 Arnob.
606 1942 656 1972 lib.
676 1942 719 1972 iii.
743 1953 771 1981 p.
789 1946 860 1974 122.
891 1945 983 1975 Duos

258 1992 441 2032 posteriores
457 1992 631 2023 Lambinus
645 1993 811 2024 advocavit.

303 2044 378 2073 Ver.
393 2046 465 2074 587.
487 2046 631 2083 quatiunt
647 2047 746 2075 sonitu
762 2048 881 2085 templa.
907 2046 982 2077 Pul-

259 2095 330 2127 chre
336 2106 346 2132 ς
368 2105 465 2135 quum
477 2096 614 2134 pulsibus
630 2098 721 2134 ηὲνίε,
749 2097 852 2126 sonitu
867 2097 981 2128 excita-

259 2146 308 2182 tis,
331 2148 547 2177 concutiantur
563 2157 618 2177 res.
666 2147 752 2177 Hinc
768 2147 861 2188 longe
876 2148 982 2190 longe-

259 2208 319 2237 que
332 2197 546 2228 venustissima
557 2197 712 2239 Virgilius
720 2199 859 2237 audacia,
871 2200 904 2237 iu
915 2211 982 2241 geo.

261 2248 305 2278 iii.
326 2251 393 2280 150.

592 2329 658 2354 furit
668 2330 803 2362 mugitibus
815 2330 903 2356 aether

304 2370 449 2399 Consanus,
459 2369 609 2401 sylvaeque,
619 2373 647 2395 et
657 2370 720 2395 sicci
730 2370 787 2402 ripa
798 2371 927 2403 Tanagri.

261 2445 328 2475 Nec
338 2445 420 2476 cedit
434 2446 588 2488 elegantia
601 2447 807 2486 Claudianus,
823 2448 923 2479 xxxiv.
935 2451 985 2479 55.

290 2529 333 2554 Te
346 2535 444 2560 neque,
455 2529 573 2555 Dictaeas
582 2530 697 2562 quatiens
709 2530 844 2562 mugitibus
856 2531 939 2562 urbes,

335 2567 452 2598 Taurus,
464 2575 513 2594 nec
525 2569 609 2601 Stygii
620 2570 717 2594 terruit
727 2569 765 2594 ira
776 2570 857 2595 canis.

261 2638 321 2669 Sed
337 2639 431 2674 enim,
449 2640 606 2679 perpensis
619 2640 776 2677 omnibus,
795 2646 827 2670 et
840 2641 982 2672 animad-

258 2699 344 2720 verso
353 2691 515 2730 po'e'tarum
524 2701 621 2731 more,
632 2693 675 2723 sic
688 2692 740 2723 ille
747 2692 875 2724 fortasse
887 2692 981 2733 scrip-

260 2740 346 2770 serit:
738 2745 743 2752 ‘

483 2822 532 2841 nec
543 2817 642 2850 Stygia!
652 2817 747 2843 terruit
757 2825 797 2842 ore
809 2818 893 2843 canis:

259 2891 334 2911 nam
349 2883 510 2914 sententiae
525 2885 568 2914 sic
592 2886 827 2917 convenientius
854 2896 979 2926 respon-

258 2931 344 2965 dent.
372 2933 452 2965 Satis
467 2934 505 2965 sit
520 2941 550 2965 te
564 2935 683 2968 misisse
698 2937 738 2968 ad
748 2937 839 2978 Virg.
855 2937 930 2969 AEn.
942 2937 983 2969 vi.

1029 1047 1102 1075 401.
1117 1046 1190 1076 417.
1212 1053 1275 1074 non
1286 1040 1374 1073 aliter
1388 1041 1473 1071 enim
1487 1041 1526 1071 de
1540 1040 1673 1072 Cerbero
1682 1051 1751 1081 pas-

1029 1096 1088 1125 sim
1103 1094 1223 1134 reliqui.

1074 1145 1152 1175 Ibid.
1184 1146 1312 1175 coelestia
1344 1145 1470 1182 templa,·
1504 1155 1614 1183 τεμενος
1644 1145 1753 1186 αιθερος.

1028 1196 1075 1226 uti
1090 1196 1234 1234 princeps
1246 1194 1414 1234 AEschylus
1427 1194 1609 1230 nominavit,
1622 1194 1655 1224 in
1668 1195 1761 1225 Pers:

1028 1249 1100 1277 365.
1146 1246 1252 1276 Multa
1266 1245 1404 1275 diximus
1419 1245 1460 1275 ad
1474 1254 1500 1275 v.
1517 1248 1588 1276 522.
1603 1251 1635 1275 et
1649 1245 1732 1276 alibi.

1075 1296 1147 1327 Ver.
1163 1299 1234 1326 588.
1258 1298 1367 1336 ignem.
1415 1296 1569 1326 Revocavi
1588 1295 1753 1326 lectionem

1030 1347 1174 1378 omnium
1189 1347 1339 1377 librorum
1351 1352 1504 1384 veterum;
1528 1357 1602 1376 nam
1621 1346 1754 1377 editorae

1031 1399 1175 1429 audaculi
1187 1408 1223 1428 ex
1240 1399 1368 1439 ingenio
1382 1397 1586 1439 vulgaverunt
1603 1400 1709 1437 igneis,
1718 1398 1753 1428 in

1031 1459 1164 1480 numero
1189 1449 1508 1488 multitudinis—quo
1534 1450 1674 1488 quoique,
1703 1447 1753 1478 vel

1030 1502 1150 1540 cuique,
1166 1506 1226 1530 est:
1253 1499 1297 1529 ita
1319 1499 1434 1540 legitur
1448 1499 1480 1529 in
1499 1499 1538 1529 O.
1555 1505 1600 1530 Ω.
1622 1498 1686 1537 sed,
1709 1508 1757 1528 an*

1030 1552 1080 1582 hic
1095 1551 1248 1582 scribendi
1264 1551 1376 1581 modus
1391 1550 1574 1590 probabilior
1585 1550 1625 1581 sit
1640 1550 1677 1582 P.
1689 1550 1751 1581 lec·

1031 1603 1175 1638 tionibus,
1194 1614 1251 1642 quo
1266 1604 1388 1632 inducit
1403 1602 1521 1641 utique,
1537 1601 1622 1631 haud
1637 1608 1753 1632 temere

1030 1654 1242 1691 affirmaveris;
1265 1654 1289 1683 si
1321 1653 1486 1693 diligenter
1511 1653 1652 1683 attendas
1672 1654 1753 1693 opti-*-

1030 1717 1154 1738 morum
1170 1707 1257 1738 codd.
1277 1708 1451 1746 scripturas,
1479 1712 1509 1737 et
1524 1707 1752 1738 elementorum

1031 1759 1144 1789 ductus
1159 1757 1289 1788 morosis
1304 1757 1402 1788 oculis
1417 1758 1641 1797 contempleris.
1659 1758 1753 1789 Vind.

1027 1820 1084 1850 quo
1100 1811 1132 1839 in
1149 1820 1217 1849 quae
1231 1815 1289 1846 est‚·
1309 1809 1348 1839 V.
1365 1808 1412 1840 ed.
1426 1821 1484 1849 quo
1496 1811 1602 1849 inquio
1618 1809 1652 1851 (i.
1663 1819 1689 1840 e.
1702 1812 1752 1840 in-

1027 1859 1108 1900 quit)
1123 1871 1166 1895 ες
1188 1860 1224 1889 L.
1242 1860 1289 1890 Μ.
1302 1865 1336 1890 Δ.
1354 1865 1387 1890 Σ.
1410 1871 1467 1900 quo
1484 1862 1576 1900 inque
1592 1866 1645 1891 est.
1693 1859 1749 1890 Li-

1028 1916 1092 1940 tem
1120 1910 1269 1941 dirimant
1284 1910 1407 1941 eruditi.
1452 1911 1621 1941 postremis
1644 1920 1750 1941 exem-

1026 1962 1161 2001 plaribus
1175 1962 1200 1992 si
1215 1962 1330 1992 inseras
1351 1973 1378 1999 c,
1402 1962 1494 1992 lectio
1507 1962 1659 2001 ipsissima
1678 1972 1749 1992 nas-

1027 2013 1119 2050 citur,
1148 2022 1242 2052 quam
1271 2012 1675 2043 exhibuimus.—-voluntas.·
1705 2012 1750 2042 sic

1026 2064 1062 2094 P.
1079 2063 1176 2094 Vind.
1194 2063 1231 2094 V.
1252 2063 1298 2094 ed.
1315 2064 1350 2094 L.
1369 2063 1407 2094 O.
1425 2069 1458 2094 Δ.
1477 2069 1512 2094 Σ.
1532 2070 1575 2094 Ω..
1599 2063 1750 2104 Evulgari

1025 2115 1113 2154 solet,
1128 2117 1279 2155 voluptas;
1296 2121 1402 2145 contra
1413 2115 1507 2145 libros
1522 2115 1651 2155 scriptos
1665 2115 1750 2145 haud

1027 2167 1128 2197 dubie.

1069 2218 1146 2248 Ver.
1161 2222 1233 2250 589.
1255 2220 1436 2249 αυονεαὸίῐε;
1463 2218 1499 2248 P.
1516 2218 1556 2248 V.
1579 2217 1626 2248 ed.
1650 2221 1685 2250 Σ.
1705 2223 1753 2249 Ω.

1029 2271 1221 2301 adversabile.

1072 2321 1152 2351 Ibid.
1176 2321 1238 2350 His
1252 2320 1428 2351 committas
1446 2319 1629 2359 parallelum
1648 2319 1753 2350 locum
1809 2357 1820 2364 .

1761 2398 1822 2428 rpe-

1733 2450 1822 2472 ..mem

1754 2500 1822 2519 “FSU

1028 2373 1061 2402 in
1079 2373 1108 2403 ii.
1128 2376 1343 2405 1099-1104.
1365 2378 1396 2404 et
1409 2382 1483 2403 mox
1501 2371 1666 2409 venientia,
1691 2379 1752 2402 ver.

1029 2427 1204 2454 416-422.

1073 2475 1152 2506 Ibid.
1176 2479 1335 2507 incautum
1351 2477 1456 2512 scelus,
1471 2482 1643 2514 αφυλαιτον
1652 2473 1714 2514 put*

1029 2526 1113 2566 quod
1128 2527 1224 2557 homo
1241 2536 1304 2557 non
1319 2526 1392 2556 satis
1406 2525 1572 2566 diligenter
1588 2523 1710 2555 caverit.

1069 2579 1143 2609 Ver.
1158 2581 1230 2610 590.
1246 2580 1335 2609 iccei:
1354 2578 1394 2608 V.
1411 2577 1459 2608 ed.
1475 2582 1510 2608 Δ.
1527 2583 1572 2608 n..
1588 2578 1651 2607 ictu
1657 2589 1669 2610 ‚-
1687 2583 1751 2605 non

1024 2630 1117 2668 male,
1148 2630 1202 2660 sed
1228 2630 1312 2660 infra
1332 2629 1532 2670 vulgatorum
1553 2625 1751 2667 elegantiam,

1025 2687 1150 2720 propter
1165 2681 1273 2711 minus
1287 2680 1463 2720 expeditam
1480 2676 1751 2710 constructionem.

1027 2734 1196 2763 -lzalente
1222 2732 1263 2762 V.
1279 2731 1326 2762 ed.
1346 2737 1390 2762 Ω.
1407 2732 1534 2764 habenh-
1552 2733 1587 2760 Σ.
1603 2729 1694 2758 alent.

1066 2783 1147 2814 Ibid.
1158 2785 1309 2824 flammas
1326 2789 1360 2813 ut
1374 2784 1478 2813 halent
1493 2785 1614 2820 pectore
1631 2779 1750 2820 per-fixo

1022 2836 1207 2866 —Turbz'ne
1236 2840 1402 2875 conreptus.
1464 2832 1659 2863 Mantuanus
1683 2830 1759 2870 haec·

1023 2885 1194 2927 defloravit,
1218 2886 1262 2919 ad.
1282 2887 1356 2918 AEn.
1375 2885 1394 2916 i.
1413 2887 1462 2916 44.
1484 2882 1572 2924 haud
1596 2880 1752 2923 pudenter

1025 2936 1111 2968 satis:
1652 2934 1657 2937 ”
1735 2945 1737 2947 ·
