1926 3224
790 266 849 312 T.
886 261 1265 311 LUCRETII

432 394 561 444 Quod
579 393 711 434 facere
729 390 965 439 intendunt,
987 403 1122 444 neque
1141 388 1275 430 adhuc
1294 395 1442 430 conata
1458 396 1685 444 patrantur:

432 467 616 508 Tantum
636 463 897 518 subpeditant
917 476 1071 511 amneS,
1102 461 1290 518 ultroque
1309 462 1519 503 minantur

433 538 587 580 Omnia
606 536 802 578 diluviare
822 550 874 576 ex
895 535 976 576 alto
995 535 1159 591 gurgite
1177 535 1296 590 ponti
1303 553 1316 585 3

433 610 742 667 Nequidquam:
771 608 982 664 quoniam,
1003 614 1208 648 verrentes
1227 623 1409 663 aequora,
1431 610 1562 650 ventei

291 777 327 797 co
342 772 444 797 noster
469 766 507 796 de
525 765 607 796 recta
620 770 782 796 structurae
797 764 846 795 vizi
861 766 1012 800 turbatus,

290 818 455 857 periodum
471 818 579 847 ordine
601 817 805 856 grammatico
826 826 891 846 non
913 815 1012 846 absol-

290 868 348 898 vit:
375 874 495 906 partem
509 867 639 897 alteram
654 866 810 905 excipiens
824 865 1013 907 argumenti,

293 926 445 960 quatenus
460 930 529 949 eam
545 929 619 949 sane
634 924 795 950 exsecutus
810 925 862 954 est,
885 929 958 948 mox
974 919 1014 949 ad

292 979 351 999 ver.
368 972 439 998 412.
455 978 527 998 cum
543 968 604 998 alia
626 969 720 1010 longe
742 969 878 1000 formula
895 980 1010 1000 sermo-

296 1029 354 1049 ms.

338 1069 418 1100 Ibid.
439 1071 483 1100 sol
497 1077 525 1101 et
540 1080 633 1110 vapor
648 1073 830 1102 humoribus.
864 1071 952 1101 Hinc
968 1071 1012 1101 al-

292 1119 409 1161 legoria
425 1121 601 1157 Maeonidis,
618 1122 763 1164 adquam
779 1123 952 1153 Lambinus
970 1122 1014 1152 al-

294 1170 385 1209 ludit,
410 1171 449 1201 11.
466 1177 502 1202 T.
520 1175 570 1203 67.

337 1243 360 1267 Η
388 1252 424 1268 τοι
450 1252 495 1276 μεν
520 1254 572 1278 ’γαρ
596 1246 638 1270 ΕΝ
665 1245 766 1270 AN'I‘A
792 1245 1016 1270 ΠΟΣΕῙΔΑΩΝῙ

458 1291 597 1315 ANAKTI

333 1337 432 1364 'lavas-¹
446 1340 565 1366 Axonam
579 1338 756 1368 Omen—5

293 1409 313 1440 i.
330 1421 355 1440 e.
377 1424 509 1443 eison-aro
523 1427 609 1444 αντα·
627 1416 844 1444 adversabatur
861 1416 1019 1453 Neptuno,

295 1471 331 1491 ea·
348 1464 480 1501 opposito
496 1469 588 1493 stans.
634 1464 685 1493 Sic
709 1464 761 1494 ille
784 1464 954 1494 versiculus
977 1464 1020 1493 le-

295 1511 417 1552 gendus
447 1520 502 1549 est,
532 1514 585 1554 qui
617 1514 763 1544 Dawesio
793 1525 915 1545 crucem
944 1514 1017 1545 fixit.

297 1561 422 1592 Ibidem
437 1563 626 1594 scholiastes:
649 1572 796 1596 Ατολλων
810 1579 860 1604 μεν
877 1579 933 1607 γαρ
949 1579 1021 1596 svav-

296 1624 394 1643 των-αι
411 1615 568 1646 noesthan·
593 1630 626 1646 το
647 1629 755 1658 utputo!
778 1623 861 1648 n‘rP
877 1631 918 1657 τῳ
934 1629 1021 1647 vaiet

293 1664 426 1712 ‘TrPslb
471 1667 514 1697 Et
529 1665 568 1696 de
589 1668 647 1697 hac
672 1677 705 1697 re
731 1667 915 1698 Heraclides
938 1668 1021 1698 Pon·

297 1728 387 1764 tiens,
410 1737 439 1765 p.
461 1730 532 1756 418.
555 1726 601 1756 ed.
629 1727 723 1756 Gale:
748 1729 832 1762 Ὅθεν,
857 1741 946 1767 oium,
972 1739 1021 1756 xm

297 1791 322 1808 ει
350 1791 387 1819 τῃ
417 1779 573 1817 θεομαχιᾳ
608 1782 867 1808 notk-,mitam
901 1779 1022 1809 ἵσταται

298 1829 432 1868 (morsm)
448 1828 685 1867 διαμιλλωμενος·
710 1842 761 1859 am
777 1843 835 1871 γαρ
849 1835 1020 1861 ΑΣΠΕῙΣ·

300 1884 373 1909 ΤΟΣ
391 1881 479 1920 εχθρα
496 1891 558 1920 erupi
574 1893 623 1909 και
640 1879 733 1917 ὕδατι,
758 1894 812 1911 των
835 1880 880 1911 δυο
895 1894 1021 1922 craxat-

298 1944 334 1959 ων
350 1942 475 1959 §vaurms
492 1943 555 1971 προς
573 1937 701 1963 annam
717 1938 796 1971 φυσιν
815 1940 1021 1974 αποκεκληρω·

298 1994 395 2020 μενων·
413 1988 484 2011 κτλ.
530 1981 580 2010 Ita
602 1982 730 2021 scriptor
751 1983 952 2014 suavissimus
974 1985 1021 2014 ni-

300 2033 358 2062 tori
376 2043 433 2062 suo
448 2033 656 2063 restituendus
671 2040 725 2064 est⁴
771 2035 857 2066 Editi
867 2036 1022 2072 exhibent,

302 2083 470 2118 Ποσειδαων,
497 2084 601 2124 (cujus
628 2084 753 2114 finalem
779 2085 901 2116 literam
924 2087 1023 2125 prima

301 2134 441 2165 vocabuli
456 2135 612 2174 sequentis
627 2134 763 2175 eliserat)
781 2142 811 2166 et
826 2149 958 2172 oza-nerag.

344 2185 420 2214 Ver.
434 2189 506 2216 585.
521 2186 712 2216 humoribus.-
733 2189 931 2224 1‘1.lzumoris;
949 2188 1021 2218 scri-

301 2235 441 2265 bendum
470 2235 598 2266 sortasse
623 2235 738 2274 volens,
771 2237 824 2267 sed
849 2248 1021 2278 perperam,

306 2286 390 2328 quod
405 2287 558 2328 sequitur:

559 2367 612 2397 vel,
623 2374 705 2397 quom
717 2369 754 2393 sol
767 2372 794 2394 et
806 2376 889 2401 vapor
899 2369 996 2400 omnis,

335 2405 464 2430 Omnibus
474 2406 569 2437 epotis,
584 2407 696 2431 humores
706 2410 900 2440 exsuperarint.

305 2474 464 2504 Librarius
486 2485 600 2514 nempe
623 2486 687 2506 non
710 2477 882 2508 attenderat
903 2478 1024 2509 absolu-

305 2530 372 2554 tum
388 2535 479 2555 usum
494 2527 578 2556 verbi
592 2531 810 2567 exsuperarine,
834 2539 889 2567 pro
903 2541 1023 2560 reman-

305 2577 412 2613 serint,
421 2577 628 2618 superfuerint
634 2592 644 2613 ;
665 2578 810 2610 Lucretio
823 2579 1006 2611 familiarem
1015 2594 1020 2611 :

305 2626 410 2657 videas
424 2627 443 2657 i.
460 2631 532 2659 631.
549 2632 621 2660 675.
636 2636 666 2660 et
675 2630 757 2661 alibi.
781 2631 945 2672 Virgilius,
957 2643 1024 2673 geo.

308 2677 337 2706 ii.
353 2681 425 2708 514.

400 2744 497 2769 Infelix
507 2750 608 2778 superat
618 2747 686 2771 foliis
697 2748 808 2774 oleaster
818 2751 924 2774 amaris.

309 2799 390 2829 Vide
407 2801 557 2832 Servium.
582 2804 673 2834 Idem
688 2811 780 2842 vates,
797 2807 871 2837 AEn.
888 2807 919 2837 ii.
940 2811 1010 2839 759.

425 2872 579 2900 exsuperant
582 2870 707 2899 stammae:
727 2873 792 2898 furit
803 2877 884 2899 aestus
895 2875 929 2899 ad
940 2881 1024 2900 auras:

310 2922 444 2953 Lucretii
460 2924 589 2956 forsitan
604 2928 777 2959 etiamnum
792 2940 919 2961 memor.

1097 764 1173 796 Ver.
1190 770 1262 798 586.
1289 767 1489 807 Quodfacere
1505 767 1692 795 intendunt:
1711 764 1730 794 i.
1747 775 1773 794 e.

1057 819 1079 834 “
1095 817 1178 858 quod
1195 825 1230 848 ut
1245 818 1373 856 faciant,
1395 828 1424 848 se
1447 816 1647 852 extendunt?
1671 815 1718 846 vel
1741 826 1773 846 e·

1056 868 1218 899 nixissimo
1232 869 1334 900 studio
1345 880 1378 899 se
1392 873 1542 899 exercent.
1560 868 1609 898 Sic
1621 867 1777 908 intelligas

1056 919 1240 960 Virgilium,
1264 921 1337 950 AEn.
1353 918 1383 950 ii.
1403 923 1428 949 1.

1085 978 1245 1003 Conticuere
1255 984 1358 1007 omneS‚
1376 976 1519 1006 intentique
1530 982 1575 1000 ora
1585 975 1729 1000 tenebant:

1059 1035 1077 1065 i.
1103 1045 1129 1065 e.
1151 1046 1180 1065 se
1206 1036 1401 1065 intendentes.
1439 1033 1520 1062 Nos:
1558 1036 1579 1050 “
1598 1032 1672 1062 And
1696 1042 1779 1062 were

1059 1091 1081 1106 “
1097 1088 1249 1128 directing
1272 1088 1351 1118 their
1376 1087 1459 1116 faces
1483 1086 1616 1116 towards
1638 1086 1717 1123 him,
1739 1097 1779 1117 on

1060 1143 1084 1158 “
1098 1142 1146 1170 the
1168 1141 1276 1170 strete-h
1301 1139 1338 1168 of
1354 1138 1535 1168 attention.”
1587 1137 1636 1167 Sic
1662 1137 1726 1175 ille,
1749 1143 1781 1167 et

1060 1191 1124 1228 alii,
1144 1191 1271 1230 passim:
1298 1190 1350 1220 sed
1375 1190 1556 1228 interpretes
1577 1189 1666 1219 nullo
1686 1189 1782 1220 modo

1063 1252 1128 1272 rem
1144 1247 1285 1272 accurate
1300 1241 1458 1281 cognitam
1474 1242 1657 1270 habuerunt.
1689 1240 1782 1270 simi.

1063 1293 1133 1323 liter
1148 1293 1180 1322 in
1195 1292 1294 1322 activa
1315 1301 1388 1321 voce
1405 1290 1554 1331 Vegetius
1569 1290 1714 1325 absolute,
1741 1290 1781 1320 de

1063 1354 1096 1374 re
1105 1343 1193 1373 milit.
1211 1343 1230 1372 i.
1243 1347 1271 1374 6.
1286 1342 1354 1373 init.
1366 1341 1507 1380 exemplo
1523 1341 1649 1371 rariore:
1671 1344 1693 1359 “
1707 1340 1779 1377 Sed,

1065 1401 1088 1416 ‘⁸
1104 1395 1158 1435 qui
1182 1394 1337 1424 delectum
1359 1399 1484 1423 acturus
1510 1399 1562 1427 est,
1584 1393 1782 1422 vehementer

1065 1451 1087 1466 ‘⁵
1104 1448 1255 1482 intendat,
1285 1451 1321 1474 ut
1349 1454 1385 1474 ex
1415 1444 1516 1481 vultu,
1549 1454 1586 1473 ex
1613 1443 1721 1479 oculis,
1744 1453 1781 1474 ex

1065 1501 1087 1516 ‘⁴
1104 1496 1192 1527 omni
1215 1493 1463 1526 conformatione
1485 1495 1706 1530 membrorum,
1730 1504 1784 1524 eos

1067 1552 1088 1567 “
1106 1547 1211 1588 eligat,
1233 1546 1287 1586 qui
1309 1544 1439 1583 implere
1460 1544 1582 1574 valeant
1602 1545 1704 1574 officia
1717 1543 1783 1575 bel-

1065 1603 1087 1617 “
1103 1597 1267 1628 latorum.”
1292 1596 1404 1636 Neque
1418 1595 1507 1625 aliter
1521 1601 1625 1626 tamen
1641 1595 1782 1626 Pruden-

1065 1650 1139 1687 tius,
1155 1650 1287 1679 catbem.
1304 1647 1336 1677 ii.
1353 1650 1401 1678 57.

1220 1727 1322 1750 Intende
1334 1727 1428 1751 nostris
1437 1727 1562 1756 sensibus,

1218 1765 1362 1796 Vitamque
1372 1769 1489 1790 nostram
1500 1765 1603 1797 despice.

1069 1830 1119 1861 Sic
1145 1830 1247 1868 plures
1272 1828 1353 1865 libri,
1376 1835 1413 1858 ut
1439 1827 1573 1865 videtur;
1601 1834 1643 1865 et,
1665 1829 1783 1867 opinor,

1066 1892 1148 1911 vere:
1167 1890 1224 1910 nos
1235 1879 1337 1909 videas
1347 1879 1386 1908 ad
1398 1879 1429 1908 ii.
1444 1882 1514 1909 741.
1530 1878 1648 1919 Vulgo,
1661 1881 1784 1919 dispice.

1068 1932 1239 1968 Nimirum,
1263 1933 1449 1972 παρακνψον·
1476 1932 1574 1970 capite
1593 1933 1727 1966 demisso,
1750 1937 1787 1961 ut

1066 1983 1191 2022 propius
1212 1988 1242 2012 et
1265 1984 1410 2012 intentius
1430 1981 1594 2011 intuearis:
1619 1982 1652 2011 in
1668 1981 1730 2022 quai
1751 1992 1786 2012 re

1066 2032 1314 2073 elegantissimus
1328 2039 1375 2062 est
1390 2032 1419 2062 S.
1435 2032 1457 2063 J
1459 2032 1545 2062 acobi
1560 2032 1658 2070 locus,
1680 2042 1747 2072 cap.
1763 2033 1784 2063 i.

1066 2094 1145 2115 corn.
1163 2087 1211 2115 25.
1227 2083 1331 2113 lectori
1347 2082 1562 2113 consulendus.

1109 2135 1185 2164 Ver.
1202 2137 1274 2164 387.
1298 2136 1449 2174 ullroque:
1470 2133 1504 2163 P.
1523 2133 1564 2163 Ο.
1580 2139 1614 2164 Δ.
1631 2140 1670 2164 Π.
1687 2136 1785 2166 ultra.

1065 2197 1138 2226 que;
1171 2196 1340 2225 perperam.
1384 2185 1428 2215 Et
1457 2195 1562 2215 versus
1591 2191 1674 2216 totus
1700 2186 1787 2218 deest

1067 2237 1107 2267 V.
1122 2237 1171 2267 ed.

1110 2288 1190 2318 Ibid.
1222 2290 1353 2319 Tantum
1369 2289 1567 2328 subpeditanc.
1610 2288 1670 2319 Vel
1684 2289 1787 2330 accipe

1068 2353 1260 2381 ενεργητικως,
1284 2345 1306 2359 “
1324 2340 1465 2370 Tantum
1486 2341 1621 2371 humoris
1643 2341 1787 2381 suppedi—

1069 2395 1092 2412 “
1107 2393 1208 2422 tant:‘'
1235 2392 1282 2422 vel
1298 2391 1448 2426 absolute,
1465 2394 1487 2408 ‘⁴
1501 2391 1609 2431 Usque
1624 2391 1702 2422 adeo
1715 2403 1787 2432 sup.

1069 2443 1208 2482 petunt,''
1223 2455 1331 2484 apuam.
1354 2441 1536 2477 Lambinus,
1550 2441 1679 2472 docteet
1689 2449 1787 2474 acute.

1069 2493 1225 2524 Posterior
1253 2493 1332 2523 ratio
1360 2498 1522 2522 structurae
1551 2498 1583 2523 et
1610 2493 1788 2534 exquisitior

1073 2553 1129 2584 est,
1153 2554 1183 2577 et
1197 2547 1298 2588 magis
1313 2547 1507 2577 Lucretiana.

1114 2599 1193 2629 Ibid.
1215 2601 1375 2629 minantur
1394 2599 1503 2629 omnia
1517 2599 1674 2628 diluviare.
1698 2597 1788 2630 Hinc

1069 2656 1154 2680 extra
1169 2650 1231 2680 litis
1246 2649 1341 2680 finem
1355 2649 1588 2689 poniturlectio,
1603 2658 1697 2688 quam
1709 2659 1787 2688 prae-

1069 2701 1141 2730 tulit
1158 2700 1292 2730 Bentleii
1303 2699 1471 2740 judicium,
1487 2697 1526 2728 ad
1539 2698 1720 2735 Horatium,
1737 2699 1788 2731 od.

1070 2753 1108 2782 iv.
1127 2756 1175 2783 14.
1185 2756 1236 2783 28.
1255 2751 1340 2782 haud
1348 2749 1441 2781 dubie
1449 2758 1621 2779 memorem
1631 2749 1783 2781 Lucretii:

1162 2825 1202 2849 Sic
1214 2823 1375 2849 tauriformis
1384 2821 1502 2846 volvitur
1512 2821 1634 2852 Aufidus,

1163 2866 1216 2897 Qui
1226 2871 1305 2896 regna
1317 2863 1404 2888 Dauni
1412 2861 1530 2894 praefluit
1544 2863 1634 2895 Apuli,

1195 2906 1264 2928 Cum
1277 2902 1353 2927 saevit
1362 2910 1370 2931 ;
1388 2901 1603 2932 horrendamque
1618 2901 1696 2926 cultis

1223 2940 1360 2967 Diluviem
1369 2940 1503 2965 minitatur
1513 2940 1593 2972 agris.
