1926 3224
251 219 310 266 14

743 218 804 266 T.
853 218 1227 267 LUCRETII

393 347 503 397 Quae
522 359 644 402 supra
662 353 785 400 caput
803 346 981 386 aetheriis
1000 346 1286 395 cernuntur-in
1305 346 1407 394 oris;

394 422 552 462 Rursus
571 420 614 459 in
634 418 820 473 antiquas
837 417 1068 459 referuntur
1086 417 1316 474 religiones,

392 494 449 535 Et
467 492 655 534 dominos
675 492 801 533 aereis
819 492 1063 542 adsciscunt,
1085 491 1224 532 omnia
1242 505 1359 545 posse

394 567 510 615 Quos
530 565 687 608 miserei
707 565 897 615 credunt3
929 565 1100 622 ignarei,
1121 564 1219 620 quid
1239 571 1360 619 queat
1379 577 1479 613 esse,

310 645 364 681 90
395 639 509 688 Quid
528 647 720 694 nequeat3
753 639 870 681 finita
888 647 1064 694 potestas
1083 639 1259 694 denique
1279 637 1456 693 quoique

396 712 491 761 Qua
511 726 608 752 nam
628 712 680 753 sit
698 713 872 760 ratione,
893 720 1015 767 atque
1033 711 1113 752 alte
1131 712 1330 752 terminus
1348 710 1522 751 haerens.

451 786 578 835 Quod
597 798 718 839 super
737 792 811 832 est,
833 798 886 823 ne
904 792 945 822 te
964 785 1007 822 in
1026 785 1235 836 promissis
1253 785 1371 837 plura
1389 797 1614 832 moremur3

396 860 620 913 Principio,
643 857 786 906 maria,
807 871 856 897 ac
875 863 1018 906 terras,
1040 855 1281 911 coelumque,
1303 864 1431 897 tuere:

396 933 587 981 Quorum
606 938 796 972 naturam
816 929 1031 984 triplicem,
1053 929 1131 970 tria
1151 943 1339 983 corpora,
1363 929 1556 970 Memmi!

308 1011 361 1047 95
393 1005 513 1046 Treis
532 1004 684 1059 species
702 1011 787 1045 tam
806 1002 1046 1054 dissimileis‚
1067 1003 1146 1043 tria
1164 1002 1261 1043 talia
1276 1010 1404 1053 texta,

253 1165 386 1198 Hor-unu
403 1171 478 1192 nam
489 1169 563 1191 cave
573 1159 679 1190 credas
693 1158 891 1190 collatoribus
905 1159 972 1189 vul-

253 1225 359 1256 garem
370 1213 536 1244 lectionem
554 1211 643 1242 codd.
663 1210 758 1241 Vind.
773 1217 803 1240 et
819 1211 856 1241 Β.
873 1210 972 1251 negli-

254 1272 363 1307 genter
377 1263 611 1303 imputantibus.

299 1316 377 1347 lbid.
393 1322 539 1347 natura-m
554 1315 715 1353 triplicem.
740 1313 880 1349 Ovidius,
895 1313 971 1343 trist.

254 1368 286 1399 ii.
308 1370 380 1398 425.

301 1449 425 1480 Explicat
435 1450 467 1472 ut
477 1453 578 1472 caussas
589 1446 673 1477 rapidi
683 1446 824 1470 Lucretius
837 1445 914 1476 ignis,

332 1490 518 1517 casurumque
527 1485 620 1517 triplex
631 1485 791 1509 vaticinatur
801 1489 871 1515 opus.

253 1561 298 1590 Et
313 1559 402 1590 Pedo
419 1557 645 1593 Albinovanus,
662 1565 720 1585 ver.
738 1558 811 1586 361.

255 1640 337 1666 Ecce!
352 1645 447 1664 necem
459 1637 585 1662 intentant
593 1637 675 1666 coelo,
686 1640 830 1667 terraeque,
842 1635 976 1666 fretoqu05

284 1680 469 1708 casurumque
479 1676 581 1708 triplex
593 1675 776 1700 vaticinantur
786 1682 860 1706 opus.

256 1754 307 1785 Sic
322 1751 523 1792 corrigendus
537 1755 595 1781 est:
625 1750 678 1780 ubi
701 1749 795 1789 vulgo
817 1751 974 1780 intentam.

255 1805 398 1844 Utroque
414 1803 483 1833 loco
504 1802 571 1833 Jos.
589 1801 723 1841 Scaliger
744 1800 866 1839 reponit
887 1810 975 1830 caus-

254 1866 375 1891 sarum;
410 1859 440 1884 et
464 1852 611 1892 intelligit
637 1863 709 1891 opus
729 1852 878 1889 LucretiI,
912 1861 975 1880 non

255 1908 326 1945 hoc,
348 1905 403 1936 sed
417 1904 503 1935 aliud
517 1910 666 1934 vetustate
681 1903 841 1933 abolitum.
867 1902 973 1943 Euge!

256 1958 345 1999 euge!
712 1956 935 1986 Beuunms.

298 2009 380 2040 Ibid.
405 2010 466 2040 tria
493 2019 640 2048 corpora:
677 2017 798 2046 nempe,
834 2008 977 2042 marium,

257 2069 421 2097 tet-rarum,
445 2071 480 2091 ac
496 2062 577 2096 coeli,·
602 2059 640 2090 de
655 2059 778 2100 quibus,
801 2059 862 2089 huc
884 2058 978 2098 respi-

255 2114 351 2151 ciens,
376 2112 540 2154 Virgilius,
564 2112 639 2142 AEn.
659 2111 697 2141 vi.
714 2114 786 2142 727.

494 2201 646 2229 totamque,
659 2198 749 2222 infusa
758 2204 805 2230 per
813 2200 896 2227 artus,

272 2241 347 2264 Mens
357 2238 441 2270 agitat
452 2238 566 2267 molem,
577 2241 606 2262 et
617 2244 716 2269 magno
727 2244 754 2263 se
762 2241 860 2270 corpore
871 2237 976 2262 miscet:

256 2323 332 2344 nam
346 2312 488 2343 conferas
501 2312 602 2347 velim,
625 2323 695 2354 quae
716 2313 847 2344 dixerim
862 2313 902 2344 ad
915 2323 976 2344 ver.

256 2367 307 2395 70.
325 2370 355 2394 et
370 2363 486 2394 ibidem
499 2363 630 2403 hujusce
643 2364 702 2394 loci
711 2364 846 2403 priorem
861 2364 974 2403 portio-

257 2425 339 2446 nem.
386 2414 518 2445 Ovidius
533 2414 668 2453 accedet,
691 2415 759 2445 fast.
774 2416 794 2445 i.
814 2419 885 2447 105.

274 2495 390 2520 Lucidus
401 2495 470 2520 hicc’
479 2496 534 2526 a’e’r,
545 2499 583 2526 et,
595 2501 656 2527 quae
667 2496 719 2520 tria
729 2500 831 2528 corpora
843 2500 954 2526 restant,

304 2534 385 2565 ignis,
395 2540 486 2565 aquae,
496 2535 585 2565 tellus,
596 2541 664 2560 unus
674 2541 784 2561 acervus
794 2539 861 2560 erat.

299 2613 375 2644 Ver.
392 2619 441 2646 96.
465 2615 572 2654 Stoici,
590 2626 656 2646 non
669 2616 775 2647 minus
789 2627 883 2658 quam
899 2617 976 2656 Epi-

259 2665 326 2695 curi
340 2676 426 2706 grex,
448 2666 592 2697 futurum
615 2667 745 2698 exitium
759 2667 870 2698 mundi
885 2667 976 2699 doce-

259 2716 350 2753 bant;
373 2717 427 2747 sed
449 2727 504 2757 per
524 2720 633 2758 ignem.
677 2718 849 2757 Amobius,
875 2718 926 2750 lib.
947 2719 978 2750 ii.

1018 1158 1069 1189 Sic
1094 1157 1261 1189 Christiani
1291 1157 1420 1195 scilicet;
1450 1162 1487 1188 ut
1515 1167 1580 1188 non
1605 1157 1736 1198 ignobili

1016 1209 1153 1240 carmine
1167 1209 1191 1240 J
1192 1218 1331 1239 uvencus
1352 1208 1471 1244 cecinit,
1493 1208 1527 1238 in
1543 1219 1650 1250 evang.
1665 1209 1734 1239 hist.

1016 1260 1158 1302 prologo:

1017 1355 1174 1380 Immortale
1184 1355 1248 1379 nihil
1259 1355 1357 1379 mundi
1369 1361 1500 1386 compage
1510 1357 1629 1385 tenetur,

1018 1397 1076 1420 Non
1085 1395 1164 1424 orbis,
1175 1401 1229 1419 non
1237 1401 1320 1426 regna
1327 1395 1480 1425 hominum,
1491 1401 1545 1419 non
1553 1402 1633 1420 aurea
1641 1396 1739 1424 Roma,

1019 1436 1077 1458 Non
1089 1441 1173 1463 mare,
1184 1440 1238 1458 non
1250 1433 1338 1462 tellus,
1353 1439 1407 1458 non
1419 1434 1496 1465 ignea
1507 1434 1591 1458 sidera
1601 1433 1674 1458 coeli.

1019 1474 1087 1496 Nam
1098 1472 1191 1496 statuit
1202 1471 1308 1503 genitor
1319 1478 1409 1496 rerum
1421 1472 1592 1496 irrevocabile
1604 1475 1722 1503 tempus,

1020 1512 1080 1542 Quo
1090 1514 1222 1535 cunctum
1232 1514 1336 1535 torrens
1346 1511 1431 1542 rapiat
1439 1510 1549 1536 flamma
1555 1511 1653 1537 ultima
1660 1518 1739 1537 muu-

1112 1550 1189 1574 dum.

1020 1624 1218 1660 Plutarchus,
1233 1623 1311 1663 plac.
1322 1624 1397 1663 phil.
1408 1624 1440 1655 ii.
1450 1628 1478 1655 4.
1496 1630 1633 1668 Eaemepos
1644 1628 1738 1670 φθαρ-

1018 1688 1063 1705 τον
1081 1676 1144 1715 (τον
1159 1674 1289 1714 nont-or),
1313 1675 1355 1705 ὅτι
1378 1688 1428 1705 nou
1451 1688 1576 1714 ’γενηται-
1600 1677 1635 1711 ὁς
1659 1678 1738 1716 ζωον,

1215 1727 1367 1758 Consulas
1388 1728 1570 1767 interpretes
1588 1729 1629 1759 ad
1646 1730 1738 1760 Ovid.

1018 1785 1090 1810 met.
1107 1779 1126 1810 i.
1143 1782 1214 1810 258.
1254 1779 1372 1810 Seneca
1394 1779 1543 1817 similiter,
1565 1780 1599 1811 in
1620 1781 1739 1820 perele-

1019 1839 1114 1870 gante
1127 1831 1299 1870 po'e'matio:

1017 1728 1050 1761 ὣς
1069 1735 1165 1767 φατον.

1021 1912 1091 1943 Quid
1103 1916 1160 1936 tam
1172 1919 1253 1944 parva
1263 1912 1375 1944 loquor?
1392 1913 1477 1938 moles
1487 1913 1667 1945 pulcherrima
1677 1915 1742 1940 coeli

1053 1953 1164 1977 Ardebit
1175 1952 1291 1977 flammis
1302 1956 1360 1977 tota
1371 1955 1483 1984 repente
1492 1953 1554 1977 suis.

1066 2027 1138 2057 Ver.
1152 2030 1200 2059 97.
1216 2029 1305 2058 moles
1316 2034 1344 2057 et
1360 2028 1503 2058 machina
1518 2030 1635 2058 mundi.
1660 2028 1741 2060 Haec

1021 2088 1076 2117 per
1090 2077 1275 2118 hendyaden
1290 2077 1372 2108 dicta
1386 2083 1470 2115 sunt,
1492 2087 1549 2117 pro
1570 2080 1659 2109 moles
1674 2091 1739 2110 πια-

1021 2131 1120 2161 chinae
1134 2131 1310 2160 mundanae.
1339 2129 1560 2160 Lucretianam
1575 2135 1680 2160 tamen
1694 2130 1740 2162 lo-

1020 2181 1186 2216 cutionem,
1209 2181 1289 2211 sicut
1303 2187 1377 2217 erat,
1400 2191 1456 2220 pro
1479 2191 1566 2211 more
1582 2182 1742 2213 Arnobius

1021 2232 1164 2271 arripuit,
1179 2231 1231 2262 lib.
1247 2232 1265 2261 i.
1282 2242 1312 2270 p.
1328 2235 1356 2262 2.
1373 2235 1395 2250 ‘⁶
1412 2231 1576 2272 Numquid
1590 2234 1743 2264 mackinae

1022 2287 1044 2302 “
1058 2283 1153 2324 hujus
1165 2289 1195 2313 et
1209 2285 1306 2320 molis,
1329 2282 1391 2323 qua
1405 2283 1540 2313 universi
1556 2283 1693 2324 tegimur
1707 2289 1739 2314 et

1020 2338 1043 2353 “
1058 2334 1255 2365 continemur
1270 2333 1392 2369 inclusi,
1418 2340 1503 2373 parte
1526 2339 1571 2364 aet
1585 2334 1617 2364 in
1634 2333 1739 2376 aliqua

1020 2389 1042 2404 “
1058 2385 1195 2416 relaxata
1215 2390 1270 2416 aut
1294 2384 1445 2415 dissoluta
1466 2384 1743 2417 constructio?”-

1020 2437 1064 2468 Et
1077 2447 1147 2468 vere
1169 2436 1348 2475 scripsimus
1370 2438 1572 2471 Substeneata,
1594 2446 1651 2476 pro
1672 2435 1742 2467 vul-

1020 2490 1085 2529 gari
1123 2492 1306 2520 Sustentata.
1364 2488 1464 2519 Vetus
1499 2489 1737 2520 onomasticum:

1022 2545 1044 2559 “
1061 2543 1226 2579 substenta,
1251 2540 1476 2579 BaoefiacroeZmJ’

1063 2603 1137 2633 Ver.
1155 2607 1206 2635 99.
1232 2604 1378 2634 Adcidz't:
1403 2603 1446 2634 sic
1468 2603 1503 2634 P.
1521 2601 1614 2633 Vind.
1630 2601 1670 2632 V.
1693 2601 1740 2633 ed.

1023 2653 1062 2684 O.
1080 2660 1119 2684 n.
1137 2659 1173 2685 Σ.
1192 2661 1236 2685 Ω,
1251 2653 1346 2695 vulgo
1360 2653 1484 2694 legitur,
1507 2653 1648 2684 Accidat.

1066 2713 1139 2743 Ver.
1159 2717 1226 2745 100.
1243 2716 1435 2754 pervincere.-
1461 2712 1497 2743 P.
1514 2711 1553 2742 V.
1569 2711 1616 2742 ed.
1639 2712 1676 2742 B.
1701 2717 1742 2743 Π.

260 2776 294 2805 p.
309 2769 358 2797 48.
382 2771 404 2785 “
423 2768 487 2804 Qui
511 2771 611 2809 ignem
634 2773 772 2801 minatur
794 2772 916 2806 mundo,
939 2770 978 2807 'et'
1016 2766 1192 2804 permittere
1198 2779 1209 2800 ;
1237 2769 1271 2796 Σ.
1282 2766 1446 2805 pervicere.

261 2821 283 2836 “
299 2818 417 2849 venerit
427 2829 501 2850 cum
516 2826 652 2860 tempus,
667 2832 821 2861 arsurum,
837 2832 901 2853 non
916 2822 978 2853 Pa-

261 2863 285 2888 “
299 2869 405 2909 naefio,
438 2871 622 2912 Chrysippo,
647 2873 777 2910 Zenoni,
811 2873 975 2915 (credit)?’‘

1067 2823 1138 2854 Ver.
1156 2828 1225 2856 101.
1240 2826 1310 2856 ubi.-
1328 2825 1371 2855 V.
1387 2823 1436 2854 ed.
1450 2827 1485 2856 Σ.
1498 2824 1571 2860 tibi,·
1595 2823 1632 2854 L.
1647 2823 1745 2854 ibi.-

1023 2877 1196 2907 insole'tam:
1216 2877 1256 2907 V.
1271 2875 1318 2907 ed.
1335 2880 1370 2907 Δ.
1389 2881 1423 2908 Σ.
1439 2876 1603 2907 insolitum.
1631 2874 1742 2912 Porro,
