1926 3224
530 236 763 284 LIBER
824 236 1127 286 SEXTUS.

1482 245 1588 290 3390

230 367 366 410 Multa
384 366 478 410 cibo
497 382 591 424 quae
611 376 706 410 sunt
724 368 880 418 vitalia3
914 369 1122 425 multaque
1141 369 1310 412 morbos

228 443 418 484 Incutere
437 450 479 484 et
497 451 672 484 mortem
692 457 785 498 quae
803 443 960 497 possint
980 443 1226 486 adcelerare:

227 516 283 558 Et
303 517 433 574 magis
453 531 538 558 esse
556 516 643 558 aliis
663 516 759 557 alias
779 516 1056 557 animantibus
1075 524 1191 572 aptas

226 591 309 632 Res
329 591 381 632 ad
401 591 501 632 vitai·
518 589 734 638 rationem,
759 588 1041 630 obstendirnus
1060 598 1172 641 ante,

111 666 190 704 77·

167 681 190 704 ο
224 664 399 719 Propter
419 662 653 704 dissimilem
673 669 879 711 naturam,
901 661 1209 720 dissimileisque

223 738 427 778 Texturas
447 736 555 777 inter
575 750 674 785 sese,
696 735 931 791 primasque
951 735 1121 793 figuras:

223 810 362 852 Multa
381 818 520 851 meant
539 810 707 850 inimica
726 824 800 865 per
819 810 967 861 aureis,
989 811 1117 853 multa
1138 826 1213 867 per
1232 813 1339 869 ipsas

220 884 436 925 Insinuant
455 885 604 935 nareis,
625 884 785 934 infesta,
808 893 930 940 atque
949 900 1091 940 aspera
1115 895 1242 929 tactu:

217 957 307 999 Nec
327 966 421 999 sunt
440 957 568 1000 multa
586 973 734 1013 parum
754 966 866 999 tactu
887 958 1068 1009 vitanda,
1092 975 1225 1016 neque
1246 970 1384 1004 autem

75 1116 157 1147 Haec
182 1114 308 1145 cuilibet
330 1113 426 1144 variis
442 1113 544 1144 modis
558 1119 677 1144 tentare
692 1113 799 1152 liceat;

73 1166 128 1198 sed
150 1165 334 1206 conjecturis
356 1164 463 1195 ludere
492 1174 556 1195 non
577 1171 666 1195 vacat
694 1165 798 1196 nobis·

73 1217 220 1257 metipsis,
244 1216 284 1247 ad
306 1216 406 1256 operis
419 1215 507 1256 longi
523 1215 618 1246 finem
632 1227 798 1256 properan-

71 1271 163 1301 tibus.

117 1321 189 1352 Ver.
206 1323 277 1352 770.
300 1321 342 1351 In
359 1319 457 1350 terrei:
484 1320 525 1350 V.
542 1320 589 1351 ed.
608 1321 646 1352 O.
666 1323 799 1354 Interea.

115 1383 190 1413 Ver.
223 1385 293 1414 771.
325 1383 407 1412 cibo:
433 1381 470 1412 P.
493 1381 533 1412 V.
557 1381 603 1412 ed.
635 1383 671 1413 B.
701 1384 795 1420 cibos;

72 1434 168 1465 Vind.
186 1435 224 1470 Q.
241 1433 281 1475 (si
296 1443 405 1464 verum
419 1433 518 1474 egerit
532 1433 674 1474 collator)
693 1439 726 1466 Σ.
742 1437 795 1466 lao-

70 1490 159 1519 mini.
203 1489 309 1526 Forte,
334 1489 548 1528 cibt's.—-quae.·
572 1488 609 1518 L.
632 1489 679 1519 M.
701 1489 740 1520 O.
761 1495 795 1521 Δ.

72 1545 118 1571 Ω.
143 1551 236 1580 aeque.
281 1539 442 1570 Nimirum
465 1539 551 1570 dedit
579 1546 694 1580 noster,
725 1551 794 1572 cur-

68 1597 156 1622 rente
171 1591 413 1622 constructione:

101 1665 187 1689 Multa
198 1665 258 1689 cibo
268 1667 291 1688 et
302 1670 364 1696 quae
375 1668 438 1688 sunt
449 1664 549 1694 vitalia,
559 1666 741 1697 multaque—.

66 1736 111 1767 Et
124 1735 201 1767 ordo
214 1743 267 1772 est,
279 1735 328 1767 vel
342 1737 445 1768 ,Μαλέα
460 1738 524 1768 cibo
530 1751 541 1772 ;
566 1737 586 1767 i.
598 1748 623 1768 e.
640 1748 697 1777 pro
711 1739 789 1769 cibo:

66 1788 116 1819 vel
131 1791 226 1819 multa
242 1799 310 1829 quoe
324 1795 395 1820 sunt
419 1790 500 1820 cibo:
525 1789 641 1820 utrivis
666 1791 791 1832 elegan-

66 1846 126 1879 ter,
145 1841 209 1870 sive
235 1854 269 1872 »ro
291 1842 355 1872 cibo
377 1841 528 1872 referatur
543 1841 582 1872 ad
596 1844 706 1881 multa,
730 1843 792 1873 sive

65 1891 106 1922 ad
120 1897 200 1922 sunt.

110 1941 191 1972 Ibid.
212 1943 326 1973 morbos
336 1943 492 1979 Incntere;
509 1943 598 1984 quasi
613 1954 686 1975 cum
694 1944 792 1985 plagii

64 1993 205 2024 veniant:
230 1993 315 2024 unde
340 1994 443 2025 Graeci
466 1994 506 2025 de
533 1996 592 2026 hac
620 2006 655 2026 re
684 2007 792 2028 vocem

64 2052 186 2085 πληγην
212 2045 362 2076 adhibent
389 2046 584 2078 familiarius.
636 2047 790 2084 Valerius

64 2098 184 2138 Argon.
199 2097 238 2128 iv.
254 2100 327 2129 592.

254 2178 325 2204 lecto
335 2179 472 2205 comitum
483 2181 518 2206 de
527 2181 623 2206 robore
634 2181 656 2205 si
665 2187 747 2212 quem

95 2216 231 2241 Percuterit
241 2217 330 2242 vicina
339 2217 401 2243 lues.

104 2288 180 2318 Ver.
204 2290 274 2318 772.
296 2294 342 2319 et:
370 2289 409 2319 Ο.
435 2295 469 2321 Δ.
486 2290 671 2329 πίε-[πίοι
692 2290 786 2321 etiam

56 2345 182 2379 possunt
188 2354 199 2374 ;
225 2349 288 2368 non
304 2338 395 2369 male.

105 2390 182 2420 Ver.
201 2393 274 2421 774.
299 2393 395 2421 vitai:
420 2391 516 2422 Vind.
543 2391 583 2423 V.
608 2391 654 2423 ed.
681 2397 716 2425 Σ.
741 2399 785 2424 Ω.

59 2444 145 2478 vitoe,·
172 2442 210 2478 Q.
226 2448 343 2479 autem,
360 2445 433 2474 vita.

102 2500 186 2531 Ibid.
203 2508 293 2533 ante.-
316 2501 356 2532 ad
377 2501 416 2533 iv.
432 2505 503 2534 657.
526 2512 554 2533 v,
569 2506 640 2535 896.
684 2503 781 2536 Lam-

59 2551 160 2583 binus.

102 2604 177 2635 Ver.
202 2608 272 2636 777.
296 2612 414 2637 nteant:
442 2605 538 2636 Vind.
565 2610 601 2638 Σ.
626 2608 785 2638 ineant.—

59 2656 200 2687 z'nimica:
227 2657 269 2687 V.
285 2657 332 2687 ed.
355 2659 652 2690 immam—aureis.-
679 2658 718 2689 V.
737 2659 784 2691 ed.

58 2707 96 2737 L.
111 2707 160 2738 M.
177 2707 217 2738 Ο.
240 2712 276 2739 Δ.
293 2714 340 2740 Ω.
357 2720 468 2746 auras,·
492 2709 689 2741 odiosis-simo
710 2721 784 2742 con-

58 2769 160 2791 sensu.

100 2810 176 2842 Ver.
192 2813 263 2843 778.
286 2812 416 2854 infista:
449 2818 483 2845 Σ.
512 2814 782 2856 &fixam—tactu.-

57 2860 242 2902 Lambinus,
264 2864 415 2896 scelerum
438 2865 672 2904 audacissimus,
695 2867 782 2899 libris

57 2914 204 2947 omnibus
231 2915 351 2959 invitis,
375 2920 480 2958 odore5
510 2929 604 2962 quern
629 2920 782 2961 patienter

841 1113 939 1144 secuti
954 1119 1027 1144 sunt
1036 1120 1104 1154 post
1115 1116 1273 1147 venientes
1283 1117 1424 1150 editores.
1448 1120 1570 1154 Omnia

841 1164 948 1195 lectori
973 1165 1184 1204 clarabuntur,
1211 1168 1387 1199 consulenti
1412 1181 1482 1211 quae
1503 1172 1568 1209 sint

843 1221 990 1246 annotata
1012 1217 1114 1255 nobis,
1138 1224 1168 1248 et
1191 1218 1332 1250 laudatos
1356 1220 1451 1260 locos,
1472 1222 1512 1253 ad
1534 1223 1568 1256 ii.

844 1271 915 1298 408.
939 1271 1012 1298 454.
1045 1269 1130 1299 unde
1150 1278 1272 1310 recepta
1294 1272 1384 1303 lectio
1407 1275 1571 1308 cumulate

842 1319 1045 1349 roborabitur.
1103 1320 1177 1350 Non
1193 1331 1315 1352 necesse
1329 1324 1438 1354 habuit
1452 1326 1579 1358 Lucre.-

840 1370 913 1409 tius‚
936 1377 1004 1410 post
1019 1377 1065 1401 tot
1079 1372 1112 1401 in
1134 1373 1378 1412 praecedentibus
1400 1386 1567 1409 occurren-

840 1422 893 1456 tia,
918 1423 1091 1454 locutiones
1115 1435 1186 1455 suas
1214 1426 1423 1466 scrupulosius
1448 1429 1569 1468 ponde-

839 1483 917 1509 rare,
941 1473 981 1504 ad
1004 1474 1185 1513 politiorum
1211 1478 1410 1517 quorundam
1437 1480 1567 1520 scripto-

839 1537 914 1557 rum
939 1528 1161 1560 morositatem.
1198 1530 1347 1562 Conferas
1373 1533 1463 1575 Virg.
1490 1536 1567 1570 AEn.

838 1577 890 1607 vii.
907 1581 978 1608 480.
995 1578 1078 1609 Plin.
1094 1586 1156 1610 nat.
1172 1581 1241 1611 hist.
1257 1583 1331 1613 xvii.
1345 1587 1395 1615 57.
1411 1584 1466 1616 fin.

879 1629 953 1659 Ver.
971 1632 1041 1661 779.
1065 1642 1177 1671 neque:
1204 1637 1240 1663 Σ.
1266 1645 1337 1670 nec;
1361 1641 1396 1665 ut
1419 1636 1567 1677 vulgares

836 1679 922 1715 editi,
945 1687 1053 1711 contra
1067 1689 1184 1713 veteres
1200 1682 1303 1722 libros,
1326 1695 1362 1716 ac
1376 1687 1476 1726 po'etae
1488 1698 1564 1720 con-

836 1730 1046 1762 suetudinem.

881 1783 963 1813 lbid.
986 1790 1089 1814 tactu:
1114 1785 1154 1815 ad
1177 1796 1303 1817 sensum
1325 1797 1440 1827 nempe
1460 1791 1563 1822 maxi-

835 1844 887 1864 me
901 1835 1065 1874 proprium
1076 1842 1170 1876 atque
1185 1838 1336 1868 usitatum
1350 1850 1437 1870 nunc
1452 1851 1565 1873 vocem

836 1893 941 1917 noster
966 1887 1075 1925 refert;
1100 1894 1135 1918 ut
1155 1889 1251 1919 modo
1271 1891 1449 1930 generalius
1471 1892 1562 1924 adhi-

835 1939 912 1970 buit.
1238 1980 1254 1986 ,

879 1990 952 2021 Ver.
970 1994 1039 2023 780.
1062 1995 1182 2024 tristia:
1209 1993 1305 2025 Vind.
1323 1995 1363 2030 Q.
1380 1997 1518 2029 tristicia.

879 2043 961 2074 Ibid.
983 2054 1089 2084 sapore
1113 2048 1215 2076 tristia
1224 2059 1234 2076 .·
1269 2046 1289 2076 i.
1315 2057 1341 2077 e.
1363 2058 1491 2084 amara;
1523 2054 1562 2080 ut

835 2094 949 2132 saepius
963 2101 1067 2124 noster
1081 2102 1112 2125 et
1124 2095 1286 2136 Virgilius.
1334 2097 1384 2128 Sic
1401 2098 1559 2140 Catullus,

833 2144 910 2174 καί.
928 2147 977 2175 14.

862 2217 902 2240 Ut
914 2217 953 2241 mi
964 2224 1002 2242 ex
1011 2218 1143 2242 ambrosii
1154 2223 1294 2244 mutatum
1302 2221 1358 2251 jam
1370 2221 1442 2248 foret
1451 2222 1519 2248 illud

893 2256 1058 2286 Suariofflm,
1070 2257 1137 2282 tristi
1148 2257 1246 2283 tristius
1256 2259 1383 2285 helleboro.

830 2323 919 2355 Hinc
933 2326 1013 2355 mihi
1027 2325 1133 2357 videor
1153 2333 1237 2358 recte
1251 2329 1466 2370 Virgilianum
1488 2342 1558 2363 ver-

829 2385 901 2405 sum
915 2377 1147 2414 emendaturus,
1171 2379 1225 2419 qui
1247 2379 1430 2420 depravatus
1452 2383 1556 2414 omni-

829 2437 886 2457 um
914 2438 1068 2459 consensu
1095 2430 1323 2468 circumfertur,
1354 2432 1395 2463 ad
1425 2444 1495 2475 ge0.
1523 2434 1558 2468 ii.

832 2481 901 2510 126.

857 2552 946 2577 Media
955 2552 1009 2578 fert
1021 2553 1102 2578 tristes
1111 2561 1192 2585 sucos,
1202 2559 1360 2589 asprumque
1370 2560 1495 2590 saporem,

858 2593 950 2618 Felicis
960 2594 1094 2620 mali—.

829 2663 938 2704 Vulgo
962 2665 1117 2704 scribitur,
1139 2669 1281 2704 tardum;
1304 2667 1387 2709 quod
1409 2669 1495 2700 venit
1515 2679 1555 2702 ex

827 2715 912 2746 oculi
926 2716 960 2746 in
975 2717 1202 2756 praecedentem
1214 2728 1338 2749 versum
1347 2720 1556 2752 aber-rationes

827 2772 860 2798 et
880 2768 980 2798 rarius
999 2769 1186 2799 vocabulum
1207 2769 1324 2800 inscitis
1346 2770 1556 2802 emendatoria

827 2819 886 2849 bus
899 2818 1000 2859 magis
1014 2819 1110 2849 fuerit
1124 2820 1305 2852 obnoxium.
1341 2821 1460 2853 Videas
1476 2823 1554 2853 AEn.

824 2870 858 2901 ii.
873 2874 948 2902 379.
988 2871 1090 2902 Modo
1115 2878 1230 2911 noster,
1257 2884 1365 2914 aspera
1392 2880 1494 2906 tam:
1520 2880 1555 2905 et

817 2921 933 2954 ‘omnia
949 2921 1140 2955 Lucretiana
1156 2924 1354 2958 Mantuanus
1367 2924 1421 2957 ille
1435 2924 1553 2958 deliba-
