1926 3224
294 257 355 295 48

787 248 846 295 T.
905 245 1283 294 LUCRETII

325 383 409 420 310
440 379 528 421 Nec
548 383 732 418 sanctum
751 388 905 415 numen
925 373 996 413 fati
1015 373 1232 427 protollere
1251 372 1367 413 fineis

439 452 578 499 Posse,
602 463 734 503 neque
754 447 948 488 advorsus
968 453 1127 487 naturae
1146 444 1301 486 foedera
1318 444 1417 485 niti?

495 523 702 578 Denique,
725 536 811 562 non
831 521 1087 562 monimenta
1105 518 1238 559 virfim
1256 518 1410 559 dilabsa
1428 517 1633 561 videmus?

434 598 648 647 Quaerere,
670 609 888 651 proporro,
910 594 986 636 sibi
1007 607 1214 650 quomque
1234 606 1438 634 senescere
1459 591 1612 633 credas.

287 780 408 811 gressu,
429 775 441 800 t
467 769 500 799 in
523 780 539 800 c
557 774 688 807 mutato,
713 778 807 809 quem
822 767 953 798 indicavi
969 766 1009 797 ad

287 831 348 852 ver.
377 824 448 851 502.
487 821 652 851 Proeollere
681 825 798 856 autem,
822 829 914 848 sensu
936 818 1009 847 satis

287 872 390 910 obvio,
416 881 472 910 pro
495 872 596 901 tollere
615 881 717 909 porro,
744 869 792 899 vel
816 879 1006 908 promovere,

286 922 459 952 extendere.
506 920 665 958 Similiter,
690 920 783 950 etiam
807 921 874 950 sine
895 920 1007 960 figura,

287 972 430 1009 Plautus,
447 970 560 1001 Pseud.
576 971 620 1000 iii.
637 974 665 1000 2.
682 973 731 1001 71.
746 981 842 1011 quam
857 970 1004 1010 apposite:

312 1040 426 1062 Manum
437 1038 458 1062 si
467 1037 590 1070 protollet‚
601 1037 700 1069 pariter
708 1038 817 1070 proferto
829 1045 951 1062 manum.

284 1104 374 1135 Hinc
395 1109 502 1135 autem
523 1104 558 1133 in
579 1104 707 1143 proclivi
724 1104 808 1144 jacet
829 1105 1006 1135 emendatio

286 1154 400 1185 Avieni
423 1155 456 1184 in
478 1154 613 1185 maxime
636 1155 826 1193 indubitatis,
850 1155 890 1185 ad
917 1156 1004 1186 Arat.

283 1209 356 1237 567.

344 1279 465 1304 Ple'iadas
477 1279 586 1305 femoris
596 1279 695 1311 pariter
705 1281 753 1305 sub
765 1280 818 1305 fine
830 1279 925 1305 sinistri

343 1321 449 1344 Perseus
456 1319 607 1351 protollit—:

281 1382 300 1412 i.
315 1392 342 1412 e.
366 1383 410 1412 ita
425 1392 520 1422 prope
534 1382 652 1413 accedit
666 1383 721 1413 has
736 1382 846 1418 stellas
861 1389 898 1413 ut
912 1383 999 1423 quasi

274 1435 453 1473 propellere,
468 1440 500 1463 et
514 1433 701 1472 protrudere,
717 1433 865 1463 videatur.
912 1432 1001 1462 Nihil

278 1485 398 1516 certius.
443 1485 563 1524 Vulgo,
587 1486 746 1520 Ple'z'ades‚·
770 1484 854 1523 quod
878 1484 931 1524 qui
953 1483 1001 1513 vel

278 1535 411 1574 explicet
425 1535 472 1564 vel
489 1534 654 1574 intelligat,
670 1545 719 1564 nae
735 1534 787 1564 ille
803 1534 843 1563 sit
855 1533 1000 1573 OEdipus,

277 1592 332 1615 aut
348 1585 467 1624 OEdipo
482 1585 630 1626 sagacior,
646 1585 704 1615 nisi
719 1584 866 1621 fallimur,
878 1595 1002 1616 necesse

278 1643 332 1668 est.

321 1688 402 1719 Ibid.
425 1695 564 1720 sanctum
589 1700 720 1720 numen:
758 1697 884 1728 nempe,
909 1691 930 1707 “
946 1687 1000 1718 de-

278 1742 300 1758 “
317 1739 414 1770 lubris
428 1741 493 1770 suis
508 1746 600 1780 atque
615 1740 806 1780 imaginibus
828 1741 867 1769 ab
888 1739 1002 1779 injuria

277 1796 301 1811 “
316 1799 493 1832 temporum
509 1793 757 1824 conservandis.”
802 1794 855 1824 Ad
876 1794 999 1834 ingeni-

276 1854 332 1875 um
347 1844 486 1882 profecto
501 1849 605 1874 noster
619 1843 714 1881 redit3
740 1850 771 1874 et
786 1844 900 1875 invisos
915 1845 998 1883 deos,

276 1894 325 1925 vel
336 1895 479 1925 homines
490 1895 716 1934 superstitiosos
727 1895 836 1934 potius
847 1901 883 1925 ut
891 1905 999 1925 verum

275 1945 388 1982 dicam,
411 1946 444 1975 in
462 1946 592 1976 transitu
614 1946 691 1985 quin
713 1945 883 1986 sugillaret,
907 1952 998 1985 atque

274 1996 411 2027 mordaci
435 1996 497 2027 sale
523 1996 709 2036 perfricaret,
733 2006 752 2026 a
773 2006 804 2026 se
820 2006 883 2026 non
898 1997 998 2037 quivit

272 2047 419 2078 obtinere.

317 2098 391 2129 Ver.
420 2102 494 2129 511.
533 2101 677 2130 advorsus
713 2101 782 2130 niti.
826 2099 993 2140 Virgilius,

273 2151 348 2181 AEn.
364 2150 428 2180 viii.
447 2153 518 2181 257.

333 2221 448 2249 Dexter,
459 2219 485 2243 in
497 2218 638 2243 adversum
649 2219 741 2249 nitens,
751 2219 924 2244 concussit—.

313 2285 390 2315 Ver.
407 2289 480 2316 512.
502 2289 702 2318 monimenta:
729 2288 795 2317 haec
820 2294 866 2318 est
891 2288 995 2318 ortho-

272 2337 401 2377 graphia
418 2337 567 2368 librorum
585 2339 621 2368 P.
640 2338 733 2369 Vind.
745 2339 786 2369 V.
799 2339 845 2370 ed.
858 2339 897 2369 Ο.
910 2345 944 2369 Δ.
957 2344 993 2370 Σ.

274 2394 319 2418 Ω.
343 2388 448 2429 vulgo,
464 2396 676 2420 monumenta:
703 2389 757 2420 sed
771 2390 877 2420 minus
902 2400 993 2420 accu-

271 2446 347 2478 rate,
371 2440 396 2470 si
418 2440 513 2471 modo
530 2441 747 2471 Romanorum
770 2441 861 2480 primi
886 2452 994 2472 verum

272 2498 399 2532 etymon
435 2494 601 2524 tenuerint.
657 2494 857 2534 Frugiferum
889 2494 994 2524 locum

269 2543 421 2573 Varronis
445 2544 612 2583 proferam,
635 2544 674 2574 de
695 2544 770 2585 ling.
794 2545 862 2575 Lat.
879 2555 905 2575 ν.
922 2550 994 2576 6.-

269 2597 291 2612 “
308 2595 352 2624 sic
366 2598 562 2634 monimenta,
585 2607 655 2636 quae
677 2596 711 2626 in
733 2596 907 2635 sepulcreis.
951 2597 995 2627 Et

269 2647 291 2663 “
308 2644 378 2675 ideo
395 2646 568 2676 secundum
584 2647 678 2685 viam,
688 2657 750 2687 quo
762 2648 991 2686 praetereunteis

269 2698 292 2713 “
308 2698 504 2734 admoneant,
529 2703 559 2727 et
581 2707 613 2727 se
637 2697 744 2736 fuisse,
771 2704 802 2728 et
825 2698 896 2728 illos
917 2709 990 2734 esse,

269 2747 291 2762 “
308 2747 470 2776 mortaleis.
516 2748 568 2778 Ab
590 2758 628 2778 eo
651 2755 770 2785 caetera,
796 2759 866 2789 quae
880 2750 991 2788 scripta

269 2798 290 2812 ‘⁴
307 2805 343 2824 ac
366 2796 445 2826 sacta
467 2799 628 2827 memoriae
658 2799 776 2835 caussa,
807 2802 988 2831 monimenta

269 2849 291 2863 “
307 2845 420 2876 dicta.''
468 2848 599 2887 Nempe,
616 2853 830 2882 monimentum
847 2861 866 2881 a
877 2861 991 2881 moneo

268 2899 408 2932 monitus.
454 2898 517 2928 His
538 2901 692 2931 consentit
716 2902 826 2932 Festus
849 2902 882 2933 in
906 2912 990 2941 voce,

1052 771 1082 796 et
1098 765 1146 796 Μ.
1162 765 1287 796 Tullius
1302 765 1336 795 in
1351 764 1469 802 Nonio,
1485 764 1504 795 i.
1523 767 1592 796 136.
1616 765 1671 806 qui
1696 774 1773 796 con-

1051 816 1199 847 sulendus
1213 822 1276 854 est;
1291 827 1365 847 cum
1379 816 1485 846 Servio
1497 816 1537 847 ad
1553 817 1627 847 AEn.
1645 817 1688 848 iii.
1701 821 1773 848 486.

1051 867 1091 898 vi.
1109 871 1180 898 512.
1203 868 1253 898 xii.
1276 870 1347 899 945.
1394 868 1479 907 Apte
1500 867 1650 908 glossator
1673 873 1773 907 vetus,

1051 918 1105 958 qui
1119 923 1283 958 utramque
1294 916 1478 957 scripturam
1490 919 1642 959 agnoscit:
1662 923 1685 938 “
1699 919 1773 949 Μο-

1052 971 1075 986 “
1090 974 1252 1004 numenta,
1284 973 1446 1000 ΜΝΗΜοΣ
1453 970 1567 999 τΝΑ-”
1593 976 1635 1009 et,
1659 973 1682 989 ‘⁶
1698 970 1772 1001 Mo-

1051 1021 1073 1037 “
1090 1025 1293 1057 numentum,
1310 1018 1544 1050 MNHMEION.''

1092 1069 1173 1100 Ibid.
1209 1073 1395 1101 monimenta
1425 1069 1533 1101 viram.
1582 1071 1657 1102 Non
1686 1077 1773 1103 vacat

1049 1131 1165 1152 nomen
1186 1121 1298 1157 virfim,
1328 1131 1428 1162 quum
1449 1121 1512 1151 sint
1533 1122 1629 1152 etiam
1649 1125 1773 1154 deorum

1048 1172 1249 1203 monimenta.
1295 1172 1398 1202 Testis
1419 1177 1464 1202 est
1479 1171 1618 1212 locuples
1634 1173 1772 1212 Nonius,

1047 1230 1078 1254 et
1101 1224 1206 1254 Nonio
1222 1222 1415 1263 locupletior,
1431 1222 1515 1262 apud
1529 1223 1772 1264 grammaticum

1051 1274 1149 1310 illum,
1164 1275 1203 1305 vi.
1220 1277 1270 1306 79.
1293 1277 1316 1292 “
1331 1275 1525 1304 Monimema
1541 1279 1572 1304 et
1585 1276 1696 1314 templa
1711 1273 1772 1305 dici

1050 1328 1072 1343 “
1087 1335 1180 1364 posse,
1206 1325 1254 1355 Μ.
1279 1323 1405 1354 Tullius
1426 1329 1535 1354 auctor
1556 1330 1602 1354 est
1622 1324 1657 1354 in
1680 1325 1770 1355 Verr.

1045 1380 1067 1395 “
1084 1383 1154 1406 actt.
1177 1376 1366 1407 ii.—ausum
1386 1386 1455 1406 esse
1477 1376 1511 1406 in
1533 1378 1598 1407 aede
1624 1376 1771 1413 Castoris,

1045 1430 1068 1445 “
1084 1426 1284 1457 celeberrimo
1305 1426 1540 1466 clarissimoque
1550 1426 1772 1458 .m0nimento.”

1046 1477 1168 1517 Neque,
1184 1484 1221 1507 ut
1237 1477 1270 1506 id
1287 1477 1387 1507 obiter
1402 1487 1561 1515 moneam,
1577 1477 1661 1508 cadit
1674 1477 1772 1509 oratio

1044 1528 1244 1564 Lucretiana,
1260 1538 1279 1558 a
1289 1529 1422 1559 delubris
1435 1527 1524 1559 desim
1537 1528 1577 1560 ad
1588 1531 1772 1561 monimenta

1044 1578 1143 1609 vir-iim
1159 1578 1371 1619 progrediens:
1390 1589 1490 1620 quum
1506 1580 1636 1620 hujusce
1650 1580 1772 1620 generis

1045 1629 1208 1665 nonnulla,
1228 1640 1358 1669 operum
1374 1630 1593 1671 magnitudine
1607 1636 1770 1670 sumptuo-

1044 1680 1090 1718 sa,
1106 1687 1141 1710 ut
1156 1681 1335 1720 sepulcrum
1351 1681 1498 1717 Mausoli,
1511 1687 1542 1712 et
1554 1682 1770 1722 Memphiticae

1043 1732 1227 1771 pyramides,
1255 1732 1303 1762 vel
1322 1732 1523 1763 nobilissimis
1537 1733 1670 1764 deorum
1688 1740 1768 1764 tem-

1044 1783 1101 1822 plis
1116 1784 1293 1822 praeluxisse
1308 1784 1481 1815 videantur.

1086 1835 1167 1865 Ibid.
1189 1837 1327 1866 dilabsa:
1351 1836 1372 1866 i.
1390 1847 1416 1866 e.
1441 1842 1511 1876 post
1531 1836 1770 1868 dissolutionem

1042 1888 1075 1916 in
1097 1889 1230 1917 diversas
1252 1893 1358 1926 partes
1383 1888 1543 1923 cocleatim
1565 1887 1609 1916 ita
1632 1892 1669 1917 ut
1693 1890 1769 1922 λιθας

1043 1949 1088 1968 em
1104 1940 1176 1968 λιθον
1193 1951 1210 1969 ³
1222 1952 1265 1977 μη
1289 1940 1386 1980 αφεέῃ,
1415 1944 1451 1968 ut
1475 1937 1504 1968 S.
1529 1938 1700 1969 Matthaeus
1721 1938 1768 1969 lo-

1041 1988 1159 2028 quitur,
1176 1989 1254 2018 xxiV.
1272 1992 1299 2018 2.

1083 2039 1157 2069 Ver.
1173 2043 1244 2069 513.
1271 2039 1448 2079 Argutulus
1463 2045 1508 2069 est
1529 2039 1620 2078 po'elta
1639 2039 1766 2078 scilicet,

1038 2088 1115 2118 dum
1131 2090 1240 2119 inanes
1254 2089 1352 2119 fastus
1367 2095 1398 2119 et
1419 2089 1565 2119 frivolam
1585 2089 1766 2120 mortalium

1038 2139 1199 2179 fragilium
1213 2140 1423 2180 arrogantiam
1433 2139 1552 2178 irridet,
1564 2140 1764 2181 castigatque.

1041 2190 1138 2226 Quasi
1155 2190 1289 2221 dixerat:
1317 2194 1339 2209 “
1357 2191 1473 2221 Nonne
1487 2191 1601 2230 passim
1615 2191 1767 2230 videmus,

1040 2244 1062 2260 “
1077 2241 1155 2271 dum
1171 2241 1254 2271 viam
1268 2241 1412 2280 facimus,
1442 2241 1580 2272 tumulos
1601 2241 1765 2273 defuncto-

1041 2295 1063 2310 “
1080 2301 1151 2322 rum
1167 2291 1312 2331 dilapsos,
1339 2298 1526 2328 corruentes,
1551 2301 1586 2322 ac
1600 2292 1764 2325 ruinosos?

1040 2345 1062 2360 “
1082 2342 1197 2373 Credas
1211 2342 1439 2382 propemodum
1455 2353 1507 2373 eos
1517 2342 1591 2372 dato
1599 2343 1687 2383 quasi
1698 2349 1765 2374 stu-

1039 2396 1061 2411 “
1077 2393 1131 2423 dio
1146 2393 1185 2424 ad
1201 2399 1393 2424 senectutem
1414 2400 1614 2432 properanter
1636 2399 1764 2424 eonten-

1039 2449 1062 2464 “
1076 2445 1160 2482 dere,
1175 2457 1362 2487 quocunque
1377 2446 1506 2476 tandem
1520 2445 1632 2483 modo3
1646 2451 1683 2476 ut
1690 2456 1763 2476 ean-

1038 2500 1061 2515 “
1077 2497 1149 2527 dem
1180 2498 1402 2528 mortalitatem
1439 2496 1653 2536 homunculis,
1685 2507 1763 2537 quos

1039 2551 1061 2565 ‘⁶
1077 2554 1260 2589 contegunt,
1279 2549 1429 2589 ocyssime
1443 2548 1705 2589 consequantur.”
1721 2547 1763 2577 In

1038 2598 1085 2628 his
1097 2606 1202 2630 autem
1217 2600 1296 2630 nihil
1313 2600 1459 2641 equidem
1474 2599 1646 2630 discernere
1661 2597 1761 2636 valeo,

1033 2649 1072 2680 ad
1095 2651 1177 2691 quod
1193 2651 1292 2682 editor
1306 2651 1444 2691 prudens
1459 2650 1567 2681 debeat
1589 2647 1759 2688 offendere,

1033 2707 1087 2731 aut
1103 2703 1192 2742 cujus
1205 2703 1326 2743 lepidus
1342 2703 1469 2742 scriptor
1483 2699 1639 2740 poenitere.
1682 2700 1759 2731 Jam

1034 2761 1105 2782 vero
1120 2754 1226 2793 scripsi
1241 2764 1374 2789 versum,
1389 2757 1482 2792 prout
1496 2750 1654 2781 invenitur
1663 2749 1697 2779 in
1706 2761 1759 2780 ve-

1034 2804 1212 2835 tustissimis
1225 2802 1560 2842 incorruptissimisque
1575 2800 1760 2840 exemplari-

1034 2855 1101 2890 bus,
1116 2856 1151 2886 L.
1170 2857 1216 2886 M.
1236 2855 1275 2886 0.
1292 2860 1327 2887 Σ.
1347 2861 1391 2885 Ω.
1413 2853 1492 2884 adeo
1508 2859 1545 2883 ut
1559 2852 1597 2883 de
1613 2862 1716 2890 sensu,
1732 2853 1759 2882 si

1035 2905 1142 2936 miuus
1157 2907 1272 2945 probus
1297 2905 1336 2936 sit
1359 2911 1390 2936 et
1411 2903 1680 2942 commendaliliS,
1704 2913 1758 2933 ne-
