<?xml version="1.0" encoding="UTF-8"?>
<!DOCTYPE html PUBLIC "-//W3C//DTD XHTML 1.0 Transitional//EN"
    "http://www.w3.org/TR/xhtml1/DTD/xhtml1-transitional.dtd">
<html xmlns="http://www.w3.org/1999/xhtml" xml:lang="en" lang="en">
 <head>
  <title>
</title>
<meta http-equiv="Content-Type" content="text/html;charset=utf-8" />
  <meta name='ocr-system' content='tesseract 3.04.00' />
  <meta name='ocr-capabilities' content='ocr_page ocr_carea ocr_par ocr_line ocrx_word'/>
</head>
<body>
  <div class='ocr_page' id='page_1' title='image "./tlucretiicarider03lucruoft_0077.png"; bbox 0 0 1926 3224; ppageno 0'>
   <div class='ocr_carea' id='block_1_1' title="bbox 581 248 1629 309">
    <p class='ocr_par' dir='ltr' id='par_1_1' title="bbox 581 248 1629 309">
     <span class='ocr_line' id='line_1_1' title="bbox 581 248 1629 309; baseline 0.003 -12"><span class='ocrx_word' id='word_1_1' title='bbox 581 248 814 298; x_wconf 86' lang='lat' dir='ltr'><strong>LIBER</strong></span> <span class='ocrx_word' id='word_1_2' title='bbox 867 252 1223 309; x_wconf 83' lang='lat' dir='ltr'><strong>QUINTUS.</strong></span> <span class='ocrx_word' id='word_1_3' title='bbox 1571 258 1629 300; x_wconf 86' lang='lat'>57</span> 
     </span>
    </p>
   </div>
   <div class='ocr_carea' id='block_1_2' title="bbox 179 381 1457 510">
    <p class='ocr_par' dir='ltr' id='par_1_2' title="bbox 179 381 1457 510">
     <span class='ocr_line' id='line_1_2' title="bbox 179 381 1403 438; baseline 0.002 -18"><span class='ocrx_word' id='word_1_4' title='bbox 179 384 259 420; x_wconf 79' lang='lat'>365</span> <span class='ocrx_word' id='word_1_5' title='bbox 292 381 350 422; x_wconf 89' lang='lat' dir='ltr'>At</span> <span class='ocrx_word' id='word_1_6' title='bbox 369 395 516 437; x_wconf 87' lang='lat' dir='ltr'>neque,</span> <span class='ocrx_word' id='word_1_7' title='bbox 538 382 620 422; x_wconf 88' lang='lat' dir='ltr'>utei</span> <span class='ocrx_word' id='word_1_8' title='bbox 640 381 779 433; x_wconf 89' lang='lat' dir='ltr'>docui,</span> <span class='ocrx_word' id='word_1_9' title='bbox 805 382 933 424; x_wconf 91' lang='lat' dir='ltr'>solido</span> <span class='ocrx_word' id='word_1_10' title='bbox 953 398 1048 425; x_wconf 92' lang='lat' dir='ltr'>cum</span> <span class='ocrx_word' id='word_1_11' title='bbox 1067 398 1240 438; x_wconf 90' lang='lat' dir='ltr'>corpore</span> <span class='ocrx_word' id='word_1_12' title='bbox 1259 383 1403 424; x_wconf 90' lang='lat' dir='ltr'>mundi</span> 
     </span>
     <span class='ocr_line' id='line_1_3' title="bbox 293 454 1457 510; baseline 0.001 -15"><span class='ocrx_word' id='word_1_13' title='bbox 293 454 453 495; x_wconf 85' lang='lat' dir='ltr'>Natura</span> <span class='ocrx_word' id='word_1_14' title='bbox 472 463 546 505; x_wconf 87' lang='lat' dir='ltr'>est,</span> <span class='ocrx_word' id='word_1_15' title='bbox 572 457 767 510; x_wconf 86' lang='lat' dir='ltr'>quoniam</span> <span class='ocrx_word' id='word_1_16' title='bbox 786 456 1016 497; x_wconf 78' lang='lat' dir='ltr'>admixtum</span> <span class='ocrx_word' id='word_1_17' title='bbox 1037 466 1097 498; x_wconf 89' lang='lat' dir='ltr'>est</span> <span class='ocrx_word' id='word_1_18' title='bbox 1114 458 1158 497; x_wconf 90' lang='lat' dir='ltr'>in</span> <span class='ocrx_word' id='word_1_19' title='bbox 1179 457 1298 498; x_wconf 89' lang='lat' dir='ltr'>rebus</span> <span class='ocrx_word' id='word_1_20' title='bbox 1319 457 1457 505; x_wconf 87' lang='lat' dir='ltr'>inane;</span> 
     </span>
    </p>
   </div>
   <div class='ocr_carea' id='block_1_3' title="bbox 175 528 1536 1023">
    <p class='ocr_par' dir='ltr' id='par_1_3' title="bbox 175 528 1536 1023">
     <span class='ocr_line' id='line_1_4' title="bbox 293 528 1536 584; baseline 0.002 -16"><span class='ocrx_word' id='word_1_21' title='bbox 293 528 382 569; x_wconf 93' lang='lat' dir='ltr'>Nec</span> <span class='ocrx_word' id='word_1_22' title='bbox 402 538 537 569; x_wconf 83' lang='lat' dir='ltr'>tamen</span> <span class='ocrx_word' id='word_1_23' title='bbox 558 537 617 568; x_wconf 90' lang='lat' dir='ltr'>est</span> <span class='ocrx_word' id='word_1_24' title='bbox 636 537 682 569; x_wconf 91' lang='lat' dir='ltr'>ut</span> <span class='ocrx_word' id='word_1_25' title='bbox 701 530 840 577; x_wconf 79' lang='lat' dir='ltr'>inane3</span> <span class='ocrx_word' id='word_1_26' title='bbox 872 543 1005 583; x_wconf 89' lang='lat' dir='ltr'>neque</span> <span class='ocrx_word' id='word_1_27' title='bbox 1025 538 1162 571; x_wconf 85' lang='lat' dir='ltr'>autem</span> <span class='ocrx_word' id='word_1_28' title='bbox 1183 545 1354 584; x_wconf 86' lang='lat' dir='ltr'>corpora</span> <span class='ocrx_word' id='word_1_29' title='bbox 1375 530 1536 578; x_wconf 83' lang='lat' dir='ltr'>desunt,</span> 
     </span>
     <span class='ocr_line' id='line_1_5' title="bbox 293 600 1122 655; baseline -0.001 -13"><span class='ocrx_word' id='word_1_30' title='bbox 293 601 360 642; x_wconf 87' lang='lat' dir='ltr'>Ex</span> <span class='ocrx_word' id='word_1_31' title='bbox 379 601 541 642; x_wconf 89' lang='lat' dir='ltr'>infinito</span> <span class='ocrx_word' id='word_1_32' title='bbox 561 615 654 655; x_wconf 82' lang='lat' dir='ltr'>quae</span> <span class='ocrx_word' id='word_1_33' title='bbox 675 601 832 654; x_wconf 83' lang='lat' dir='ltr'>possint</span> <span class='ocrx_word' id='word_1_34' title='bbox 856 600 962 641; x_wconf 85' lang='lat' dir='ltr'>forte</span> <span class='ocrx_word' id='word_1_35' title='bbox 981 609 1122 641; x_wconf 87' lang='lat' dir='ltr'>coorta</span> 
     </span>
     <span class='ocr_line' id='line_1_6' title="bbox 293 673 1400 725; baseline 0.002 -11"><span class='ocrx_word' id='word_1_36' title='bbox 293 675 502 715; x_wconf 87' lang='lat' dir='ltr'>Conruere</span> <span class='ocrx_word' id='word_1_37' title='bbox 521 673 628 713; x_wconf 89' lang='lat' dir='ltr'>hanc</span> <span class='ocrx_word' id='word_1_38' title='bbox 645 687 783 713; x_wconf 88' lang='lat' dir='ltr'>rerum</span> <span class='ocrx_word' id='word_1_39' title='bbox 803 673 980 714; x_wconf 88' lang='lat' dir='ltr'>violento</span> <span class='ocrx_word' id='word_1_40' title='bbox 1000 674 1164 715; x_wconf 87' lang='lat' dir='ltr'><strong>turbine</strong></span> <span class='ocrx_word' id='word_1_41' title='bbox 1184 689 1400 725; x_wconf 89' lang='lat' dir='ltr'>summam,</span> 
     </span>
     <span class='ocr_line' id='line_1_7' title="bbox 175 746 1323 803; baseline -0.001 -14"><span class='ocrx_word' id='word_1_42' title='bbox 175 751 256 789; x_wconf 79' lang='lat'>370</span> <span class='ocrx_word' id='word_1_43' title='bbox 286 747 373 788; x_wconf 91' lang='lat' dir='ltr'>Aut</span> <span class='ocrx_word' id='word_1_44' title='bbox 392 746 512 786; x_wconf 87' lang='lat' dir='ltr'>aliam</span> <span class='ocrx_word' id='word_1_45' title='bbox 532 761 654 801; x_wconf 90' lang='lat' dir='ltr'>quam</span> <span class='ocrx_word' id='word_1_46' title='bbox 674 747 733 787; x_wconf 90' lang='lat' dir='ltr'>vis</span> <span class='ocrx_word' id='word_1_47' title='bbox 754 746 911 788; x_wconf 84' lang='lat' dir='ltr'>cladem</span> <span class='ocrx_word' id='word_1_48' title='bbox 930 748 1141 802; x_wconf 86' lang='lat' dir='ltr'>inportare</span> <span class='ocrx_word' id='word_1_49' title='bbox 1167 748 1323 803; x_wconf 86' lang='lat' dir='ltr'>pericli:</span> 
     </span>
     <span class='ocr_line' id='line_1_8' title="bbox 289 820 1308 877; baseline 0.003 -17"><span class='ocrx_word' id='word_1_50' title='bbox 289 820 377 861; x_wconf 92' lang='lat' dir='ltr'>Nec</span> <span class='ocrx_word' id='word_1_51' title='bbox 396 834 521 874; x_wconf 87' lang='lat' dir='ltr'>porro</span> <span class='ocrx_word' id='word_1_52' title='bbox 541 829 688 861; x_wconf 80' lang='lat' dir='ltr'>natura</span> <span class='ocrx_word' id='word_1_53' title='bbox 706 820 800 871; x_wconf 89' lang='lat' dir='ltr'>loci,</span> <span class='ocrx_word' id='word_1_54' title='bbox 823 821 1080 877; x_wconf 88' lang='lat' dir='ltr'>spatiumque</span> <span class='ocrx_word' id='word_1_55' title='bbox 1098 821 1308 876; x_wconf 88' lang='lat' dir='ltr'>profundi,</span> 
     </span>
     <span class='ocr_line' id='line_1_9' title="bbox 286 893 1301 950; baseline 0.001 -15"><span class='ocrx_word' id='word_1_56' title='bbox 286 893 456 944; x_wconf 89' lang='lat' dir='ltr'><strong>Deficit,</strong></span> <span class='ocrx_word' id='word_1_57' title='bbox 479 895 668 950; x_wconf 86' lang='lat' dir='ltr'>exspargi</span> <span class='ocrx_word' id='word_1_58' title='bbox 688 909 770 950; x_wconf 92' lang='lat' dir='ltr'>quo</span> <span class='ocrx_word' id='word_1_59' title='bbox 788 895 945 950; x_wconf 81' lang='lat' dir='ltr'>possint</span> <span class='ocrx_word' id='word_1_60' title='bbox 965 896 1118 939; x_wconf 86' lang='lat' dir='ltr'>moenia</span> <span class='ocrx_word' id='word_1_61' title='bbox 1137 895 1301 945; x_wconf 90' lang='lat' dir='ltr'>mundi;</span> 
     </span>
     <span class='ocr_line' id='line_1_10' title="bbox 289 967 1198 1023; baseline 0.002 -16"><span class='ocrx_word' id='word_1_62' title='bbox 289 967 376 1008; x_wconf 84' lang='lat' dir='ltr'>Aut</span> <span class='ocrx_word' id='word_1_63' title='bbox 395 967 471 1008; x_wconf 71' lang='lat' dir='ltr'>alia</span> <span class='ocrx_word' id='word_1_64' title='bbox 491 967 570 1023; x_wconf 68' lang='lat' dir='ltr'>qua</span> <span class='ocrx_word' id='word_1_65' title='bbox 591 969 650 1009; x_wconf 89' lang='lat' dir='ltr'>vis</span> <span class='ocrx_word' id='word_1_66' title='bbox 668 977 839 1023; x_wconf 89' lang='lat' dir='ltr'>possunt</span> <span class='ocrx_word' id='word_1_67' title='bbox 859 969 898 1008; x_wconf 90' lang='lat' dir='ltr'>vi</span> <span class='ocrx_word' id='word_1_68' title='bbox 918 968 1033 1023; x_wconf 89' lang='lat' dir='ltr'>pulsa</span> <span class='ocrx_word' id='word_1_69' title='bbox 1051 969 1198 1023; x_wconf 90' lang='lat' dir='ltr'>perire.</span> 
     </span>
    </p>
   </div>
   <div class='ocr_carea' id='block_1_4' title="bbox 177 1040 1344 1172">
    <p class='ocr_par' dir='ltr' id='par_1_4' title="bbox 177 1040 1344 1172">
     <span class='ocr_line' id='line_1_11' title="bbox 289 1040 1232 1097; baseline 0 -16"><span class='ocrx_word' id='word_1_70' title='bbox 289 1040 420 1082; x_wconf 89' lang='lat' dir='ltr'>Haud</span> <span class='ocrx_word' id='word_1_71' title='bbox 441 1041 565 1097; x_wconf 88' lang='lat' dir='ltr'>igitur</span> <span class='ocrx_word' id='word_1_72' title='bbox 583 1041 652 1082; x_wconf 91' lang='lat' dir='ltr'>leti</span> <span class='ocrx_word' id='word_1_73' title='bbox 671 1042 869 1096; x_wconf 86' lang='lat' dir='ltr'>praeclusa</span> <span class='ocrx_word' id='word_1_74' title='bbox 889 1049 948 1082; x_wconf 88' lang='lat' dir='ltr'>est</span> <span class='ocrx_word' id='word_1_75' title='bbox 965 1041 1093 1096; x_wconf 86' lang='lat' dir='ltr'>janua</span> <span class='ocrx_word' id='word_1_76' title='bbox 1113 1041 1232 1090; x_wconf 86' lang='lat' dir='ltr'>coelo,</span> 
     </span>
     <span class='ocr_line' id='line_1_12' title="bbox 177 1113 1344 1172; baseline 0.001 -18"><span class='ocrx_word' id='word_1_77' title='bbox 177 1116 258 1155; x_wconf 77' lang='lat'>375</span> <span class='ocrx_word' id='word_1_78' title='bbox 289 1114 378 1155; x_wconf 90' lang='lat' dir='ltr'>Nec</span> <span class='ocrx_word' id='word_1_79' title='bbox 399 1114 486 1165; x_wconf 87' lang='lat' dir='ltr'>soli,</span> <span class='ocrx_word' id='word_1_80' title='bbox 508 1123 723 1171; x_wconf 69' lang='lat' dir='ltr'>terraeque,</span> <span class='ocrx_word' id='word_1_81' title='bbox 749 1130 881 1172; x_wconf 88' lang='lat' dir='ltr'>neque</span> <span class='ocrx_word' id='word_1_82' title='bbox 902 1115 990 1157; x_wconf 88' lang='lat' dir='ltr'>altis</span> <span class='ocrx_word' id='word_1_83' title='bbox 1010 1115 1186 1170; x_wconf 86' lang='lat' dir='ltr'>aequoris</span> <span class='ocrx_word' id='word_1_84' title='bbox 1207 1113 1326 1156; x_wconf 88' lang='lat' dir='ltr'>undis</span> <span class='ocrx_word' id='word_1_85' title='bbox 1333 1132 1344 1163; x_wconf 93' lang='lat'>;</span> 
     </span>
    </p>
   </div>
   <div class='ocr_carea' id='block_1_5' title="bbox 146 1288 865 1380">
    <p class='ocr_par' dir='ltr' id='par_1_5' title="bbox 146 1288 865 1380">
     <span class='ocr_line' id='line_1_13' title="bbox 146 1288 865 1330; baseline 0.006 -11"><span class='ocrx_word' id='word_1_86' title='bbox 146 1288 290 1327; x_wconf 80' lang='lat' dir='ltr'>Plautus,</span> <span class='ocrx_word' id='word_1_87' title='bbox 309 1289 392 1319; x_wconf 91' lang='lat' dir='ltr'>Rud.</span> <span class='ocrx_word' id='word_1_88' title='bbox 407 1289 437 1319; x_wconf 89' lang='lat' dir='ltr'>ii.</span> <span class='ocrx_word' id='word_1_89' title='bbox 453 1293 483 1320; x_wconf 91' lang='lat'>6.</span> <span class='ocrx_word' id='word_1_90' title='bbox 499 1293 549 1321; x_wconf 91' lang='lat'>58.</span> <span class='ocrx_word' id='word_1_91' title='bbox 564 1301 620 1330; x_wconf 88' lang='lat' dir='ltr'>pro</span> <span class='ocrx_word' id='word_1_92' title='bbox 633 1293 796 1322; x_wconf 73' lang='lat' dir='ltr'>acervatim</span> <span class='ocrx_word' id='word_1_93' title='bbox 812 1302 865 1322; x_wconf 85' lang='lat' dir='ltr'>cu-</span> 
     </span>
     <span class='ocr_line' id='line_1_14' title="bbox 146 1338 671 1380; baseline 0.004 -10"><span class='ocrx_word' id='word_1_94' title='bbox 146 1341 262 1370; x_wconf 81' lang='lat' dir='ltr'>mulare</span> <span class='ocrx_word' id='word_1_95' title='bbox 277 1338 419 1369; x_wconf 76' lang='lat' dir='ltr'>similiter</span> <span class='ocrx_word' id='word_1_96' title='bbox 434 1350 540 1370; x_wconf 88' lang='lat' dir='ltr'>vocem</span> <span class='ocrx_word' id='word_1_97' title='bbox 554 1341 671 1380; x_wconf 81' lang='lat' dir='ltr'><strong>posuit:</strong></span> 
     </span>
    </p>
   </div>
   <div class='ocr_carea' id='block_1_6' title="bbox 238 1423 774 1455">
    <p class='ocr_par' dir='ltr' id='par_1_6' title="bbox 238 1423 774 1455">
     <span class='ocr_line' id='line_1_15' title="bbox 238 1423 774 1455; baseline 0.006 -7"><span class='ocrx_word' id='word_1_98' title='bbox 238 1423 278 1448; x_wconf 83' lang='lat' dir='ltr'>Ibi</span> <span class='ocrx_word' id='word_1_99' title='bbox 288 1431 333 1449; x_wconf 87' lang='lat' dir='ltr'>me</span> <span class='ocrx_word' id='word_1_100' title='bbox 343 1431 460 1449; x_wconf 82' lang='lat' dir='ltr'>conruere</span> <span class='ocrx_word' id='word_1_101' title='bbox 474 1432 550 1455; x_wconf 84' lang='lat' dir='ltr'>posse</span> <span class='ocrx_word' id='word_1_102' title='bbox 559 1426 644 1451; x_wconf 84' lang='lat' dir='ltr'>aiebas</span> <span class='ocrx_word' id='word_1_103' title='bbox 654 1426 774 1451; x_wconf 72' lang='lat' dir='ltr'>divitias.</span> 
     </span>
    </p>
   </div>
   <div class='ocr_carea' id='block_1_7' title="bbox 144 1498 870 1786">
    <p class='ocr_par' dir='ltr' id='par_1_7' title="bbox 144 1498 870 1786">
     <span class='ocr_line' id='line_1_16' title="bbox 147 1498 868 1540; baseline 0.001 -11"><span class='ocrx_word' id='word_1_104' title='bbox 147 1498 212 1529; x_wconf 86' lang='lat' dir='ltr'>Ubi</span> <span class='ocrx_word' id='word_1_105' title='bbox 226 1498 311 1539; x_wconf 90' lang='lat' dir='ltr'>legas</span> <span class='ocrx_word' id='word_1_106' title='bbox 327 1498 536 1539; x_wconf 83' lang='lat' dir='ltr'>Scaligerum3</span> <span class='ocrx_word' id='word_1_107' title='bbox 558 1500 613 1540; x_wconf 91' lang='lat' dir='ltr'>qui</span> <span class='ocrx_word' id='word_1_108' title='bbox 628 1500 748 1530; x_wconf 89' lang='lat' dir='ltr'>videtur</span> <span class='ocrx_word' id='word_1_109' title='bbox 762 1506 868 1530; x_wconf 88' lang='lat' dir='ltr'>tamen</span> 
     </span>
     <span class='ocr_line' id='line_1_17' title="bbox 145 1551 868 1590; baseline 0.003 -10"><span class='ocrx_word' id='word_1_110' title='bbox 145 1551 251 1581; x_wconf 88' lang='lat' dir='ltr'>minus</span> <span class='ocrx_word' id='word_1_111' title='bbox 263 1555 404 1580; x_wconf 85' lang='lat' dir='ltr'>accurate</span> <span class='ocrx_word' id='word_1_112' title='bbox 419 1551 575 1590; x_wconf 85' lang='lat' dir='ltr'>scripsisse</span> <span class='ocrx_word' id='word_1_113' title='bbox 590 1552 741 1582; x_wconf 88' lang='lat' dir='ltr'>Varronis</span> <span class='ocrx_word' id='word_1_114' title='bbox 755 1551 868 1588; x_wconf 79' lang='lat' dir='ltr'>locum,</span> 
     </span>
     <span class='ocr_line' id='line_1_18' title="bbox 144 1601 870 1632; baseline 0 -1"><span class='ocrx_word' id='word_1_115' title='bbox 144 1602 179 1631; x_wconf 87' lang='lat' dir='ltr'>in</span> <span class='ocrx_word' id='word_1_116' title='bbox 194 1612 227 1631; x_wconf 91' lang='lat' dir='ltr'>re</span> <span class='ocrx_word' id='word_1_117' title='bbox 241 1607 316 1631; x_wconf 77' lang='lat' dir='ltr'>rust.</span> <span class='ocrx_word' id='word_1_118' title='bbox 333 1601 352 1631; x_wconf 91' lang='lat' dir='ltr'>i.</span> <span class='ocrx_word' id='word_1_119' title='bbox 370 1604 419 1632; x_wconf 89' lang='lat'>50.</span> <span class='ocrx_word' id='word_1_120' title='bbox 437 1605 465 1631; x_wconf 94' lang='lat' dir='ltr'>l.</span> <span class='ocrx_word' id='word_1_121' title='bbox 487 1601 576 1631; x_wconf 84' lang='lat' dir='ltr'>aliter</span> <span class='ocrx_word' id='word_1_122' title='bbox 597 1612 630 1632; x_wconf 90' lang='lat' dir='ltr'>se</span> <span class='ocrx_word' id='word_1_123' title='bbox 651 1603 817 1632; x_wconf 86' lang='lat' dir='ltr'>habentem</span> <span class='ocrx_word' id='word_1_124' title='bbox 837 1603 870 1631; x_wconf 92' lang='lat' dir='ltr'>in</span> 
     </span>
     <span class='ocr_line' id='line_1_19' title="bbox 144 1651 868 1690; baseline 0 -8"><span class='ocrx_word' id='word_1_125' title='bbox 144 1652 224 1682; x_wconf 90' lang='lat' dir='ltr'>meis</span> <span class='ocrx_word' id='word_1_126' title='bbox 237 1651 346 1682; x_wconf 91' lang='lat' dir='ltr'>saltem</span> <span class='ocrx_word' id='word_1_127' title='bbox 361 1651 596 1690; x_wconf 83' lang='lat' dir='ltr'>exemplaribus.</span> <span class='ocrx_word' id='word_1_128' title='bbox 630 1652 748 1682; x_wconf 86' lang='lat' dir='ltr'>Videas</span> <span class='ocrx_word' id='word_1_129' title='bbox 762 1653 868 1690; x_wconf 87' lang='lat' dir='ltr'>etiam,</span> 
     </span>
     <span class='ocr_line' id='line_1_20' title="bbox 144 1702 868 1743; baseline 0 -10"><span class='ocrx_word' id='word_1_130' title='bbox 144 1703 171 1734; x_wconf 87' lang='lat' dir='ltr'>si</span> <span class='ocrx_word' id='word_1_131' title='bbox 186 1702 281 1734; x_wconf 87' lang='lat' dir='ltr'>modo</span> <span class='ocrx_word' id='word_1_132' title='bbox 294 1708 392 1740; x_wconf 87' lang='lat' dir='ltr'>vacet,</span> <span class='ocrx_word' id='word_1_133' title='bbox 408 1703 560 1743; x_wconf 58' lang='lat' dir='ltr'>Doliring,</span> <span class='ocrx_word' id='word_1_134' title='bbox 587 1703 628 1733; x_wconf 91' lang='lat' dir='ltr'>ad</span> <span class='ocrx_word' id='word_1_135' title='bbox 644 1703 757 1734; x_wconf 77' lang='lat' dir='ltr'>Catuli.</span> <span class='ocrx_word' id='word_1_136' title='bbox 774 1703 868 1734; x_wconf 77' lang='lat' dir='ltr'>lxviii.</span> 
     </span>
     <span class='ocr_line' id='line_1_21' title="bbox 146 1758 196 1786; baseline 0 0"><span class='ocrx_word' id='word_1_137' title='bbox 146 1758 196 1786; x_wconf 83' lang='lat'>52.</span> 
     </span>
    </p>
   </div>
   <div class='ocr_carea' id='block_1_8' title="bbox 145 1815 871 2760">
    <p class='ocr_par' dir='ltr' id='par_1_8' title="bbox 145 1815 870 2010">
     <span class='ocr_line' id='line_1_22' title="bbox 186 1815 870 1856; baseline 0.001 -11"><span class='ocrx_word' id='word_1_138' title='bbox 186 1815 262 1845; x_wconf 81' lang='lat' dir='ltr'>Ver.</span> <span class='ocrx_word' id='word_1_139' title='bbox 276 1818 349 1846; x_wconf 79' lang='lat'>570.</span> <span class='ocrx_word' id='word_1_140' title='bbox 371 1816 486 1846; x_wconf 81' lang='lat' dir='ltr'>cladem</span> <span class='ocrx_word' id='word_1_141' title='bbox 496 1817 617 1856; x_wconf 83' lang='lat' dir='ltr'>pericli.</span> <span class='ocrx_word' id='word_1_142' title='bbox 661 1816 735 1847; x_wconf 90' lang='lat' dir='ltr'>Hoc</span> <span class='ocrx_word' id='word_1_143' title='bbox 749 1816 870 1847; x_wconf 88' lang='lat' dir='ltr'>dictum</span> 
     </span>
     <span class='ocr_line' id='line_1_23' title="bbox 145 1867 869 1909; baseline 0.004 -12"><span class='ocrx_word' id='word_1_144' title='bbox 145 1874 193 1898; x_wconf 83' lang='lat' dir='ltr'>est</span> <span class='ocrx_word' id='word_1_145' title='bbox 207 1878 262 1907; x_wconf 82' lang='lat' dir='ltr'>pro</span> <span class='ocrx_word' id='word_1_146' title='bbox 284 1871 307 1886; x_wconf 86' lang='lat'><strong>“</strong></span> <span class='ocrx_word' id='word_1_147' title='bbox 322 1867 474 1907; x_wconf 87' lang='lat' dir='ltr'>periclum</span> <span class='ocrx_word' id='word_1_148' title='bbox 493 1868 696 1908; x_wconf 83' lang='lat' dir='ltr'>perniciale;”</span> <span class='ocrx_word' id='word_1_149' title='bbox 719 1869 767 1899; x_wconf 84' lang='lat' dir='ltr'>vel</span> <span class='ocrx_word' id='word_1_150' title='bbox 784 1872 869 1909; x_wconf 73' lang='lat' dir='ltr'>peri-</span> 
     </span>
     <span class='ocr_line' id='line_1_24' title="bbox 145 1918 869 1960; baseline 0.003 -10"><span class='ocrx_word' id='word_1_151' title='bbox 145 1921 238 1957; x_wconf 84' lang='lat' dir='ltr'>clum,</span> <span class='ocrx_word' id='word_1_152' title='bbox 261 1918 345 1960; x_wconf 89' lang='lat' dir='ltr'>quod</span> <span class='ocrx_word' id='word_1_153' title='bbox 359 1921 474 1950; x_wconf 83' lang='lat' dir='ltr'>cladem</span> <span class='ocrx_word' id='word_1_154' title='bbox 489 1918 743 1960; x_wconf 83' lang='lat' dir='ltr'>affert.—Porro,</span> <span class='ocrx_word' id='word_1_155' title='bbox 765 1920 807 1951; x_wconf 91' lang='lat' dir='ltr'>V.</span> <span class='ocrx_word' id='word_1_156' title='bbox 822 1921 869 1952; x_wconf 91' lang='lat' dir='ltr'>ed.</span> 
     </span>
     <span class='ocr_line' id='line_1_25' title="bbox 146 1971 430 2010; baseline 0 -9"><span class='ocrx_word' id='word_1_157' title='bbox 146 1971 200 2001; x_wconf 85' lang='lat' dir='ltr'>dat</span> <span class='ocrx_word' id='word_1_158' title='bbox 215 1972 269 2007; x_wconf 79' lang='lat' dir='ltr'>Et,</span> <span class='ocrx_word' id='word_1_159' title='bbox 284 1981 340 2010; x_wconf 89' lang='lat' dir='ltr'>pro</span> <span class='ocrx_word' id='word_1_160' title='bbox 355 1972 430 2002; x_wconf 80' lang='lat' dir='ltr'>Aut.</span> 
     </span>
    </p>

    <p class='ocr_par' dir='ltr' id='par_1_9' title="bbox 145 2031 871 2327">
     <span class='ocr_line' id='line_1_26' title="bbox 189 2031 870 2073; baseline 0.006 -13"><span class='ocrx_word' id='word_1_161' title='bbox 189 2031 263 2061; x_wconf 90' lang='lat' dir='ltr'>Ver.</span> <span class='ocrx_word' id='word_1_162' title='bbox 278 2034 353 2062; x_wconf 82' lang='lat'>572.</span> <span class='ocrx_word' id='word_1_163' title='bbox 375 2034 533 2072; x_wconf 70' lang='lat' dir='ltr'>exspargi:</span> <span class='ocrx_word' id='word_1_164' title='bbox 560 2032 598 2063; x_wconf 94' lang='lat' dir='ltr'>P.</span> <span class='ocrx_word' id='word_1_165' title='bbox 612 2035 748 2073; x_wconf 48' lang='lat' dir='ltr'>ezpergz}</span> <span class='ocrx_word' id='word_1_166' title='bbox 773 2034 870 2065; x_wconf 87' lang='lat' dir='ltr'>Vind.</span> 
     </span>
     <span class='ocr_line' id='line_1_27' title="bbox 146 2081 870 2124; baseline 0.004 -12"><span class='ocrx_word' id='word_1_167' title='bbox 146 2081 200 2113; x_wconf 82' lang='lat' dir='ltr'>dat</span> <span class='ocrx_word' id='word_1_168' title='bbox 213 2084 362 2122; x_wconf 64' lang='lat' dir='ltr'>aspergi,-</span> <span class='ocrx_word' id='word_1_169' title='bbox 385 2093 520 2123; x_wconf 86' lang='lat' dir='ltr'>quorum</span> <span class='ocrx_word' id='word_1_170' title='bbox 537 2083 619 2122; x_wconf 86' lang='lat' dir='ltr'>prior</span> <span class='ocrx_word' id='word_1_171' title='bbox 641 2084 751 2124; x_wconf 81' lang='lat' dir='ltr'>procul</span> <span class='ocrx_word' id='word_1_172' title='bbox 774 2085 870 2115; x_wconf 92' lang='lat' dir='ltr'>dubio</span> 
     </span>
     <span class='ocr_line' id='line_1_28' title="bbox 146 2133 871 2176; baseline 0.004 -13"><span class='ocrx_word' id='word_1_173' title='bbox 146 2133 282 2172; x_wconf 87' lang='lat' dir='ltr'>corrupit</span> <span class='ocrx_word' id='word_1_174' title='bbox 295 2133 428 2172; x_wconf 71' lang='grc' dir='ltr'><strong>ωᾱίεθε,</strong></span> <span class='ocrx_word' id='word_1_175' title='bbox 450 2135 599 2173; x_wconf 84' lang='lat' dir='ltr'>posterior</span> <span class='ocrx_word' id='word_1_176' title='bbox 613 2135 871 2176; x_wconf 64' lang='lat' dir='ltr'>neglexit—pos..</span> 
     </span>
     <span class='ocr_line' id='line_1_29' title="bbox 145 2184 868 2225; baseline 0.004 -11"><span class='ocrx_word' id='word_1_177' title='bbox 145 2186 224 2215; x_wconf 81' lang='lat' dir='ltr'>sint.-</span> <span class='ocrx_word' id='word_1_178' title='bbox 249 2185 290 2215; x_wconf 89' lang='lat' dir='ltr'>V.</span> <span class='ocrx_word' id='word_1_179' title='bbox 305 2184 352 2215; x_wconf 86' lang='lat' dir='ltr'>ed.</span> <span class='ocrx_word' id='word_1_180' title='bbox 369 2191 496 2225; x_wconf 79' lang='lat' dir='ltr'>possunt</span> <span class='ocrx_word' id='word_1_181' title='bbox 502 2201 514 2221; x_wconf 88' lang='lat'><em>;</em></span> <span class='ocrx_word' id='word_1_182' title='bbox 537 2195 592 2224; x_wconf 87' lang='lat' dir='ltr'>per</span> <span class='ocrx_word' id='word_1_183' title='bbox 613 2196 749 2216; x_wconf 86' lang='lat' dir='ltr'>errorem</span> <span class='ocrx_word' id='word_1_184' title='bbox 771 2193 868 2217; x_wconf 85' lang='lat' dir='ltr'>trans-</span> 
     </span>
     <span class='ocr_line' id='line_1_30' title="bbox 147 2235 869 2278; baseline 0.007 -14"><span class='ocrx_word' id='word_1_185' title='bbox 147 2235 386 2273; x_wconf 71' lang='lat' dir='ltr'>positionisxhic</span> <span class='ocrx_word' id='word_1_186' title='bbox 397 2246 510 2276; x_wconf 87' lang='lat' dir='ltr'>nempe</span> <span class='ocrx_word' id='word_1_187' title='bbox 524 2237 615 2267; x_wconf 88' lang='lat' dir='ltr'>scribi</span> <span class='ocrx_word' id='word_1_188' title='bbox 628 2237 734 2268; x_wconf 87' lang='lat' dir='ltr'>volens</span> <span class='ocrx_word' id='word_1_189' title='bbox 742 2241 869 2278; x_wconf 76' lang='lat' dir='ltr'>possint,</span> 
     </span>
     <span class='ocr_line' id='line_1_31' title="bbox 145 2285 657 2327; baseline 0.01 -13"><span class='ocrx_word' id='word_1_190' title='bbox 145 2291 187 2321; x_wconf 87' lang='lat' dir='ltr'>et,</span> <span class='ocrx_word' id='word_1_191' title='bbox 203 2285 237 2314; x_wconf 92' lang='lat' dir='ltr'>in</span> <span class='ocrx_word' id='word_1_192' title='bbox 251 2292 396 2326; x_wconf 83' lang='lat' dir='ltr'>sequente</span> <span class='ocrx_word' id='word_1_193' title='bbox 411 2297 512 2326; x_wconf 87' lang='lat' dir='ltr'>versu,</span> <span class='ocrx_word' id='word_1_194' title='bbox 522 2295 657 2327; x_wconf 84' lang='lat' dir='ltr'>possunt.</span> 
     </span>
    </p>

    <p class='ocr_par' dir='ltr' id='par_1_10' title="bbox 145 2343 870 2643">
     <span class='ocr_line' id='line_1_32' title="bbox 192 2343 869 2386; baseline 0.007 -13"><span class='ocrx_word' id='word_1_195' title='bbox 192 2343 265 2375; x_wconf 88' lang='lat' dir='ltr'>Ver.</span> <span class='ocrx_word' id='word_1_196' title='bbox 279 2348 351 2376; x_wconf 81' lang='lat'>575.</span> <span class='ocrx_word' id='word_1_197' title='bbox 360 2354 510 2386; x_wconf 72' lang='lat' dir='ltr'>possunt:</span> <span class='ocrx_word' id='word_1_198' title='bbox 536 2347 579 2378; x_wconf 88' lang='lat' dir='ltr'>sic</span> <span class='ocrx_word' id='word_1_199' title='bbox 594 2347 749 2378; x_wconf 79' lang='lat' dir='ltr'>verissime</span> <span class='ocrx_word' id='word_1_200' title='bbox 770 2349 805 2379; x_wconf 91' lang='lat' dir='ltr'>L.</span> <span class='ocrx_word' id='word_1_201' title='bbox 822 2349 869 2379; x_wconf 80' lang='lat' dir='ltr'>M.</span> 
     </span>
     <span class='ocr_line' id='line_1_33' title="bbox 150 2395 870 2439; baseline 0.007 -15"><span class='ocrx_word' id='word_1_202' title='bbox 150 2395 189 2425; x_wconf 93' lang='lat' dir='ltr'>O.</span> <span class='ocrx_word' id='word_1_203' title='bbox 207 2401 251 2425; x_wconf 88' lang='grc' dir='ltr'>Ω.</span> <span class='ocrx_word' id='word_1_204' title='bbox 266 2395 388 2436; x_wconf 89' lang='lat' dir='ltr'>reliqui,</span> <span class='ocrx_word' id='word_1_205' title='bbox 408 2399 541 2436; x_wconf 85' lang='lat' dir='ltr'>possint;</span> <span class='ocrx_word' id='word_1_206' title='bbox 565 2399 654 2439; x_wconf 86' lang='lat' dir='ltr'>quasi</span> <span class='ocrx_word' id='word_1_207' title='bbox 678 2399 830 2429; x_wconf 87' lang='lat' dir='ltr'>nimirum</span> <span class='ocrx_word' id='word_1_208' title='bbox 851 2410 870 2429; x_wconf 88' lang='lat' dir='ltr'>a</span> 
     </span>
     <span class='ocr_line' id='line_1_34' title="bbox 145 2449 868 2490; baseline 0.007 -15"><span class='ocrx_word' id='word_1_209' title='bbox 145 2457 204 2486; x_wconf 82' lang='lat' dir='ltr'>quo</span> <span class='ocrx_word' id='word_1_210' title='bbox 233 2452 391 2484; x_wconf 85' lang='lat' dir='ltr'>praeeunte</span> <span class='ocrx_word' id='word_1_211' title='bbox 426 2449 557 2478; x_wconf 87' lang='lat' dir='ltr'>verbum</span> <span class='ocrx_word' id='word_1_212' title='bbox 588 2449 751 2488; x_wconf 85' lang='lat' dir='ltr'>penderet;</span> <span class='ocrx_word' id='word_1_213' title='bbox 784 2450 868 2490; x_wconf 91' lang='lat' dir='ltr'>quod</span> 
     </span>
     <span class='ocr_line' id='line_1_35' title="bbox 146 2495 868 2540; baseline 0.01 -15"><span class='ocrx_word' id='word_1_214' title='bbox 146 2495 236 2526; x_wconf 84' lang='lat' dir='ltr'>nullo</span> <span class='ocrx_word' id='word_1_215' title='bbox 250 2496 345 2526; x_wconf 89' lang='lat' dir='ltr'>modo</span> <span class='ocrx_word' id='word_1_216' title='bbox 359 2497 448 2535; x_wconf 79' lang='lat' dir='ltr'>po&#39;e&#39;ta</span> <span class='ocrx_word' id='word_1_217' title='bbox 463 2499 573 2529; x_wconf 87' lang='lat' dir='ltr'>voluit:</span> <span class='ocrx_word' id='word_1_218' title='bbox 599 2509 675 2529; x_wconf 89' lang='lat' dir='ltr'>nam</span> <span class='ocrx_word' id='word_1_219' title='bbox 690 2510 780 2530; x_wconf 77' lang='lat' dir='ltr'>voces</span> <span class='ocrx_word' id='word_1_220' title='bbox 796 2512 868 2540; x_wconf 85' lang='lat' dir='ltr'>pos-</span> 
     </span>
     <span class='ocr_line' id='line_1_36' title="bbox 145 2553 869 2593; baseline 0.004 -11"><span class='ocrx_word' id='word_1_221' title='bbox 145 2557 216 2582; x_wconf 80' lang='lat' dir='ltr'>sunt</span> <span class='ocrx_word' id='word_1_222' title='bbox 241 2554 334 2591; x_wconf 80' lang='lat' dir='ltr'>pulsa</span> <span class='ocrx_word' id='word_1_223' title='bbox 362 2553 531 2591; x_wconf 82' lang='lat' dir='ltr'>respiciunt</span> <span class='ocrx_word' id='word_1_224' title='bbox 555 2554 661 2584; x_wconf 88' lang='lat' dir='ltr'>omnia</span> <span class='ocrx_word' id='word_1_225' title='bbox 689 2560 800 2593; x_wconf 50' lang='lat' dir='ltr'>creata,</span> <span class='ocrx_word' id='word_1_226' title='bbox 829 2555 869 2585; x_wconf 94' lang='lat' dir='ltr'>de</span> 
     </span>
     <span class='ocr_line' id='line_1_37' title="bbox 145 2603 741 2643; baseline 0.007 -11"><span class='ocrx_word' id='word_1_227' title='bbox 145 2603 258 2643; x_wconf 87' lang='lat' dir='ltr'>quibus</span> <span class='ocrx_word' id='word_1_228' title='bbox 273 2604 307 2633; x_wconf 93' lang='lat' dir='ltr'>in</span> <span class='ocrx_word' id='word_1_229' title='bbox 318 2614 394 2634; x_wconf 88' lang='lat' dir='ltr'>verr.</span> <span class='ocrx_word' id='word_1_230' title='bbox 408 2607 482 2635; x_wconf 78' lang='lat'>552.</span> <span class='ocrx_word' id='word_1_231' title='bbox 496 2608 567 2636; x_wconf 79' lang='lat'>558.</span> <span class='ocrx_word' id='word_1_232' title='bbox 581 2609 654 2636; x_wconf 84' lang='grc'>561.</span> <span class='ocrx_word' id='word_1_233' title='bbox 669 2609 741 2637; x_wconf 86' lang='grc'>569.</span> 
     </span>
    </p>

    <p class='ocr_par' dir='ltr' id='par_1_11' title="bbox 146 2662 868 2760">
     <span class='ocr_line' id='line_1_38' title="bbox 188 2662 868 2705; baseline 0.007 -13"><span class='ocrx_word' id='word_1_234' title='bbox 188 2662 264 2693; x_wconf 89' lang='lat' dir='ltr'>Ver.</span> <span class='ocrx_word' id='word_1_235' title='bbox 279 2666 351 2694; x_wconf 82' lang='lat'>574.</span> <span class='ocrx_word' id='word_1_236' title='bbox 373 2665 427 2694; x_wconf 82' lang='lat' dir='ltr'>leti</span> <span class='ocrx_word' id='word_1_237' title='bbox 435 2665 541 2704; x_wconf 81' lang='lat' dir='ltr'>janua</span> <span class='ocrx_word' id='word_1_238' title='bbox 550 2670 646 2705; x_wconf 79' lang='lat' dir='ltr'>patet.</span> <span class='ocrx_word' id='word_1_239' title='bbox 691 2665 780 2697; x_wconf 87' lang='lat' dir='ltr'>Hinc</span> <span class='ocrx_word' id='word_1_240' title='bbox 794 2667 868 2697; x_wconf 90' lang='lat' dir='ltr'>Vir-</span> 
     </span>
     <span class='ocr_line' id='line_1_39' title="bbox 146 2713 532 2760; baseline 0.008 -16"><span class='ocrx_word' id='word_1_241' title='bbox 146 2713 252 2760; x_wconf 71' lang='lat' dir='ltr'>gilius,</span> <span class='ocrx_word' id='word_1_242' title='bbox 268 2714 308 2745; x_wconf 88' lang='lat' dir='ltr'>ad</span> <span class='ocrx_word' id='word_1_243' title='bbox 324 2715 399 2745; x_wconf 79' lang='lat' dir='ltr'>AEn&#39;.</span> <span class='ocrx_word' id='word_1_244' title='bbox 414 2716 445 2746; x_wconf 87' lang='lat' dir='ltr'>ii.</span> <span class='ocrx_word' id='word_1_245' title='bbox 461 2720 532 2747; x_wconf 88' lang='lat'>661.</span> 
     </span>
    </p>
   </div>
   <div class='ocr_carea' id='block_1_9' title="bbox 474 2797 763 2830">
    <p class='ocr_par' dir='ltr' id='par_1_12' title="bbox 474 2797 763 2830">
     <span class='ocr_line' id='line_1_40' title="bbox 474 2797 763 2830; baseline 0.01 -9"><span class='ocrx_word' id='word_1_246' title='bbox 474 2800 543 2829; x_wconf 79' lang='lat' dir='ltr'>patet</span> <span class='ocrx_word' id='word_1_247' title='bbox 555 2797 597 2822; x_wconf 82' lang='lat' dir='ltr'>isti</span> <span class='ocrx_word' id='word_1_248' title='bbox 608 2798 695 2830; x_wconf 82' lang='lat' dir='ltr'>janua</span> <span class='ocrx_word' id='word_1_249' title='bbox 703 2798 763 2824; x_wconf 82' lang='lat' dir='ltr'>leto:</span> 
     </span>
    </p>
   </div>
   <div class='ocr_carea' id='block_1_10' title="bbox 148 2868 868 2966">
    <p class='ocr_par' dir='ltr' id='par_1_13' title="bbox 148 2868 868 2966">
     <span class='ocr_line' id='line_1_41' title="bbox 148 2868 868 2913; baseline 0.01 -15"><span class='ocrx_word' id='word_1_250' title='bbox 148 2868 203 2898; x_wconf 89' lang='lat' dir='ltr'>ubi</span> <span class='ocrx_word' id='word_1_251' title='bbox 218 2869 432 2911; x_wconf 85' lang='lat' dir='ltr'>Burmannus,</span> <span class='ocrx_word' id='word_1_252' title='bbox 445 2873 530 2913; x_wconf 89' lang='lat' dir='ltr'>quod</span> <span class='ocrx_word' id='word_1_253' title='bbox 540 2872 691 2904; x_wconf 87' lang='lat' dir='ltr'>usitatum</span> <span class='ocrx_word' id='word_1_254' title='bbox 705 2879 752 2904; x_wconf 89' lang='lat' dir='ltr'>est</span> <span class='ocrx_word' id='word_1_255' title='bbox 765 2873 868 2905; x_wconf 89' lang='lat' dir='ltr'>erudi-</span> 
     </span>
     <span class='ocr_line' id='line_1_42' title="bbox 149 2918 868 2966; baseline 0.006 -14"><span class='ocrx_word' id='word_1_256' title='bbox 149 2918 196 2955; x_wconf 80' lang='lat' dir='ltr'>tis,</span> <span class='ocrx_word' id='word_1_257' title='bbox 225 2920 377 2954; x_wconf 87' lang='lat' dir='ltr'>similium</span> <span class='ocrx_word' id='word_1_258' title='bbox 405 2923 546 2955; x_wconf 86' lang='lat' dir='ltr'>locorum</span> <span class='ocrx_word' id='word_1_259' title='bbox 574 2924 701 2966; x_wconf 85' lang='lat' dir='ltr'>quidem</span> <span class='ocrx_word' id='word_1_260' title='bbox 729 2925 762 2956; x_wconf 90' lang='lat' dir='ltr'>in</span> <span class='ocrx_word' id='word_1_261' title='bbox 793 2926 868 2957; x_wconf 83' lang='lat' dir='ltr'>Stat.</span> 
     </span>
    </p>
   </div>
   <div class='ocr_carea' id='block_1_11' title="bbox 868 2798 1278 2836">
    <p class='ocr_par' dir='ltr' id='par_1_14' title="bbox 868 2798 1278 2836">
     <span class='ocr_line' id='line_1_43' title="bbox 868 2798 1278 2836; baseline 0.002 -1"><span class='ocrx_word' id='word_1_262' title='bbox 868 2798 871 2799; x_wconf 36' lang='lat'><em>⁷</em></span> <span class='ocrx_word' id='word_1_263' title='bbox 912 2804 1060 2835; x_wconf 90' lang='lat' dir='ltr'>decedere</span> <span class='ocrx_word' id='word_1_264' title='bbox 1083 2815 1147 2836; x_wconf 89' lang='lat' dir='ltr'>non</span> <span class='ocrx_word' id='word_1_265' title='bbox 1169 2805 1278 2836; x_wconf 82' lang='lat' dir='ltr'>ausim.</span> 
     </span>
    </p>
   </div>
   <div class='ocr_carea' id='block_1_12' title="bbox 910 1289 1636 1430">
    <p class='ocr_par' dir='ltr' id='par_1_15' title="bbox 910 1289 1636 1430">
     <span class='ocr_line' id='line_1_44' title="bbox 910 1289 1634 1322; baseline -0.006 0"><span class='ocrx_word' id='word_1_266' title='bbox 910 1291 1007 1322; x_wconf 89' lang='lat' dir='ltr'>Theb.</span> <span class='ocrx_word' id='word_1_267' title='bbox 1031 1291 1074 1321; x_wconf 89' lang='lat' dir='ltr'>iii.</span> <span class='ocrx_word' id='word_1_268' title='bbox 1091 1293 1142 1322; x_wconf 87' lang='grc'>67.</span> <span class='ocrx_word' id='word_1_269' title='bbox 1164 1289 1235 1321; x_wconf 90' lang='lat' dir='ltr'>VaL</span> <span class='ocrx_word' id='word_1_270' title='bbox 1260 1289 1361 1320; x_wconf 84' lang='lat' dir='ltr'>Flacc.</span> <span class='ocrx_word' id='word_1_271' title='bbox 1385 1289 1427 1320; x_wconf 90' lang='lat' dir='ltr'>iii.</span> <span class='ocrx_word' id='word_1_272' title='bbox 1447 1292 1519 1320; x_wconf 83' lang='lat'>586.</span> <span class='ocrx_word' id='word_1_273' title='bbox 1541 1291 1634 1319; x_wconf 83' lang='lat' dir='ltr'>remi-</span> 
     </span>
     <span class='ocr_line' id='line_1_45' title="bbox 910 1341 1636 1379; baseline -0.003 -6"><span class='ocrx_word' id='word_1_274' title='bbox 910 1343 1047 1379; x_wconf 54' lang='lat' dir='ltr'>niscatur,</span> <span class='ocrx_word' id='word_1_275' title='bbox 1063 1342 1118 1372; x_wconf 89' lang='lat' dir='ltr'>sed</span> <span class='ocrx_word' id='word_1_276' title='bbox 1132 1342 1267 1372; x_wconf 86' lang='lat' dir='ltr'>auctoris</span> <span class='ocrx_word' id='word_1_277' title='bbox 1281 1341 1420 1372; x_wconf 86' lang='lat' dir='ltr'>Lucretii</span> <span class='ocrx_word' id='word_1_278' title='bbox 1435 1341 1636 1371; x_wconf 80' lang='lat' dir='ltr'>obliviscitur.</span> 
     </span>
     <span class='ocr_line' id='line_1_46' title="bbox 912 1392 1407 1430; baseline -0.004 -6"><span class='ocrx_word' id='word_1_279' title='bbox 912 1393 1022 1424; x_wconf 90' lang='lat' dir='ltr'>Addas</span> <span class='ocrx_word' id='word_1_280' title='bbox 1037 1393 1163 1430; x_wconf 89' lang='lat' dir='ltr'>Silium,</span> <span class='ocrx_word' id='word_1_281' title='bbox 1179 1393 1262 1423; x_wconf 88' lang='lat' dir='ltr'>Pun.</span> <span class='ocrx_word' id='word_1_282' title='bbox 1278 1392 1319 1423; x_wconf 84' lang='lat' dir='ltr'>xi.</span> <span class='ocrx_word' id='word_1_283' title='bbox 1336 1395 1407 1423; x_wconf 87' lang='lat'>187.</span> 
     </span>
    </p>
   </div>
   <div class='ocr_carea' id='block_1_13' title="bbox 941 1474 1601 1585">
    <p class='ocr_par' dir='ltr' id='par_1_16' title="bbox 941 1474 1601 1585">
     <span class='ocr_line' id='line_1_47' title="bbox 1198 1474 1523 1500; baseline 0.006 -2"><span class='ocrx_word' id='word_1_284' title='bbox 1198 1474 1276 1498; x_wconf 81' lang='lat' dir='ltr'>Nullo</span> <span class='ocrx_word' id='word_1_285' title='bbox 1288 1480 1335 1498; x_wconf 86' lang='lat' dir='ltr'>nos</span> <span class='ocrx_word' id='word_1_286' title='bbox 1345 1474 1435 1498; x_wconf 76' lang='lat' dir='ltr'>invida</span> <span class='ocrx_word' id='word_1_287' title='bbox 1446 1478 1523 1500; x_wconf 78' lang='lat' dir='ltr'>tanto</span> 
     </span>
     <span class='ocr_line' id='line_1_48' title="bbox 941 1513 1554 1544; baseline 0.002 -7"><span class='ocrx_word' id='word_1_288' title='bbox 941 1513 1064 1538; x_wconf 78' lang='lat' dir='ltr'>Armavit</span> <span class='ocrx_word' id='word_1_289' title='bbox 1076 1515 1176 1537; x_wconf 86' lang='lat' dir='ltr'>Natura</span> <span class='ocrx_word' id='word_1_290' title='bbox 1186 1514 1267 1542; x_wconf 88' lang='lat' dir='ltr'>bono,</span> <span class='ocrx_word' id='word_1_291' title='bbox 1279 1520 1360 1544; x_wconf 86' lang='lat' dir='ltr'>quam</span> <span class='ocrx_word' id='word_1_292' title='bbox 1370 1514 1457 1544; x_wconf 83' lang='lat' dir='ltr'>janua</span> <span class='ocrx_word' id='word_1_293' title='bbox 1468 1514 1554 1538; x_wconf 78' lang='lat' dir='ltr'>mortis</span> 
     </span>
     <span class='ocr_line' id='line_1_49' title="bbox 943 1553 1601 1585; baseline 0.002 -8"><span class='ocrx_word' id='word_1_294' title='bbox 943 1554 1022 1584; x_wconf 80' lang='lat' dir='ltr'>Quod</span> <span class='ocrx_word' id='word_1_295' title='bbox 1031 1556 1109 1585; x_wconf 69' lang='lat' dir='ltr'>patet,</span> <span class='ocrx_word' id='word_1_296' title='bbox 1130 1557 1158 1577; x_wconf 87' lang='lat' dir='ltr'>et</span> <span class='ocrx_word' id='word_1_297' title='bbox 1168 1553 1224 1576; x_wconf 63' lang='lat' dir='ltr'>viti</span> <span class='ocrx_word' id='word_1_298' title='bbox 1235 1559 1289 1577; x_wconf 92' lang='lat' dir='ltr'>non</span> <span class='ocrx_word' id='word_1_299' title='bbox 1300 1553 1381 1583; x_wconf 65' lang='lat' dir='ltr'>aequa</span> <span class='ocrx_word' id='word_1_300' title='bbox 1391 1553 1468 1579; x_wconf 74' lang='lat' dir='ltr'>exire</span> <span class='ocrx_word' id='word_1_301' title='bbox 1478 1557 1601 1585; x_wconf 66' lang='lat' dir='ltr'>potestas.</span> 
     </span>
    </p>
   </div>
   <div class='ocr_carea' id='block_1_14' title="bbox 911 1627 1636 1769">
    <p class='ocr_par' dir='ltr' id='par_1_17' title="bbox 911 1627 1636 1769">
     <span class='ocr_line' id='line_1_50' title="bbox 913 1627 1636 1664; baseline 0.001 -7"><span class='ocrx_word' id='word_1_302' title='bbox 913 1627 1187 1658; x_wconf 90' lang='lat' dir='ltr'>Drakenborchius</span> <span class='ocrx_word' id='word_1_303' title='bbox 1202 1627 1304 1662; x_wconf 79' lang='lat' dir='ltr'>etiam,</span> <span class='ocrx_word' id='word_1_304' title='bbox 1318 1627 1485 1658; x_wconf 83' lang='lat' dir='ltr'>Maronem</span> <span class='ocrx_word' id='word_1_305' title='bbox 1496 1627 1636 1664; x_wconf 84' lang='lat' dir='ltr'>laudans,</span> 
     </span>
     <span class='ocr_line' id='line_1_51' title="bbox 911 1678 1636 1719; baseline 0.004 -12"><span class='ocrx_word' id='word_1_306' title='bbox 911 1678 1058 1717; x_wconf 85' lang='lat' dir='ltr'>praeteriit</span> <span class='ocrx_word' id='word_1_307' title='bbox 1071 1679 1262 1708; x_wconf 84' lang='lat' dir='ltr'>Lucretium.</span> <span class='ocrx_word' id='word_1_308' title='bbox 1298 1678 1438 1709; x_wconf 89' lang='lat' dir='ltr'>Accedat</span> <span class='ocrx_word' id='word_1_309' title='bbox 1460 1679 1636 1719; x_wconf 83' lang='lat' dir='ltr'>Euripides,</span> 
     </span>
     <span class='ocr_line' id='line_1_52' title="bbox 913 1729 1470 1769; baseline 0.004 -11"><span class='ocrx_word' id='word_1_310' title='bbox 913 1729 1043 1769; x_wconf 89' lang='lat' dir='ltr'>Hippol.</span> <span class='ocrx_word' id='word_1_311' title='bbox 1060 1733 1110 1760; x_wconf 89' lang='lat'>56.</span> <span class='ocrx_word' id='word_1_312' title='bbox 1134 1730 1315 1759; x_wconf 85' lang='lat' dir='ltr'>Homerum</span> <span class='ocrx_word' id='word_1_313' title='bbox 1329 1736 1470 1760; x_wconf 82' lang='lat' dir='ltr'>secutus:</span> 
     </span>
    </p>
   </div>
   <div class='ocr_carea' id='block_1_15' title="bbox 952 1827 1067 1836">
    <p class='ocr_par' dir='ltr' id='par_1_18' title="bbox 952 1827 1067 1836">
     <span class='ocr_line' id='line_1_53' title="bbox 952 1827 1067 1836; baseline 0 0"><span class='ocrx_word' id='word_1_314' title='bbox 952 1827 1067 1836; x_wconf 95' lang='lat' dir='ltr'> </span> 
     </span>
    </p>
   </div>
   <div class='ocr_carea' id='block_1_16' title="bbox 949 1814 1546 1923">
    <p class='ocr_par' dir='ltr' id='par_1_19' title="bbox 949 1814 1546 1923">
     <span class='ocr_line' id='line_1_54' title="bbox 1081 1814 1546 1855; baseline 0 -15"><span class='ocrx_word' id='word_1_315' title='bbox 1081 1824 1095 1840; x_wconf 70' lang='grc' dir='ltr'><em>ε</em></span> <span class='ocrx_word' id='word_1_316' title='bbox 1110 1824 1161 1849; x_wconf 70' lang='grc' dir='ltr'>γαρ</span> <span class='ocrx_word' id='word_1_317' title='bbox 1173 1814 1216 1840; x_wconf 79' lang='grc' dir='ltr'>οιδ’</span> <span class='ocrx_word' id='word_1_318' title='bbox 1229 1815 1450 1855; x_wconf 63' lang='lat' dir='ltr'>ANnrMI-:NAE</span> <span class='ocrx_word' id='word_1_319' title='bbox 1465 1820 1546 1843; x_wconf 71' lang='grc' dir='ltr'><strong>πυλας</strong></span> 
     </span>
     <span class='ocr_line' id='line_1_55' title="bbox 949 1873 1064 1923; baseline 0 -25"><span class='ocrx_word' id='word_1_320' title='bbox 949 1873 1064 1923; x_wconf 51' lang='lat' dir='ltr'>&#39;÷B⁸—.</span> 
     </span>
    </p>
   </div>
   <div class='ocr_carea' id='block_1_17' title="bbox 912 1952 1637 2311">
    <p class='ocr_par' dir='ltr' id='par_1_20' title="bbox 912 1952 1637 2199">
     <span class='ocr_line' id='line_1_56' title="bbox 914 1952 1637 1992; baseline 0.004 -10"><span class='ocrx_word' id='word_1_321' title='bbox 914 1952 965 1983; x_wconf 85' lang='lat' dir='ltr'>Ita</span> <span class='ocrx_word' id='word_1_322' title='bbox 979 1952 1066 1983; x_wconf 86' lang='lat' dir='ltr'>locus</span> <span class='ocrx_word' id='word_1_323' title='bbox 1079 1958 1145 1982; x_wconf 88' lang='lat' dir='ltr'>erat</span> <span class='ocrx_word' id='word_1_324' title='bbox 1159 1953 1333 1983; x_wconf 87' lang='lat' dir='ltr'>accuratius</span> <span class='ocrx_word' id='word_1_325' title='bbox 1347 1952 1527 1984; x_wconf 89' lang='lat' dir='ltr'>scribendus</span> <span class='ocrx_word' id='word_1_326' title='bbox 1532 1966 1542 1992; x_wconf 86' lang='lat'>;</span> <span class='ocrx_word' id='word_1_327' title='bbox 1563 1964 1637 1985; x_wconf 88' lang='lat' dir='ltr'>cum</span> 
     </span>
     <span class='ocr_line' id='line_1_57' title="bbox 912 2004 1565 2045; baseline 0.003 -11"><span class='ocrx_word' id='word_1_328' title='bbox 912 2015 974 2045; x_wconf 91' lang='lat' dir='ltr'>quo</span> <span class='ocrx_word' id='word_1_329' title='bbox 988 2004 1157 2035; x_wconf 85' lang='lat' dir='ltr'>contendas</span> <span class='ocrx_word' id='word_1_330' title='bbox 1172 2004 1317 2041; x_wconf 77' lang='lat' dir='ltr'>eundem,</span> <span class='ocrx_word' id='word_1_331' title='bbox 1334 2005 1368 2035; x_wconf 88' lang='lat' dir='ltr'>in</span> <span class='ocrx_word' id='word_1_332' title='bbox 1385 2005 1454 2035; x_wconf 93' lang='lat' dir='ltr'>Ion.</span> <span class='ocrx_word' id='word_1_333' title='bbox 1472 2009 1565 2038; x_wconf 89' lang='lat'>1585.</span> 
     </span>
     <span class='ocr_line' id='line_1_58' title="bbox 914 2056 1636 2098; baseline 0.003 -12"><span class='ocrx_word' id='word_1_334' title='bbox 914 2057 1083 2094; x_wconf 85' lang='lat' dir='ltr'>Caetemm,</span> <span class='ocrx_word' id='word_1_335' title='bbox 1095 2056 1273 2087; x_wconf 88' lang='lat' dir='ltr'>Heinsiana</span> <span class='ocrx_word' id='word_1_336' title='bbox 1287 2057 1379 2087; x_wconf 90' lang='lat' dir='ltr'>lectio</span> <span class='ocrx_word' id='word_1_337' title='bbox 1392 2060 1462 2088; x_wconf 75' lang='lat' dir='ltr'>vitae</span> <span class='ocrx_word' id='word_1_338' title='bbox 1476 2069 1537 2088; x_wconf 82' lang='lat' dir='ltr'>non</span> <span class='ocrx_word' id='word_1_339' title='bbox 1547 2069 1636 2098; x_wconf 85' lang='lat' dir='ltr'>aequa</span> 
     </span>
     <span class='ocr_line' id='line_1_59' title="bbox 913 2109 1636 2150; baseline 0.004 -12"><span class='ocrx_word' id='word_1_340' title='bbox 913 2114 943 2138; x_wconf 92' lang='lat' dir='ltr'>et</span> <span class='ocrx_word' id='word_1_341' title='bbox 957 2109 1105 2150; x_wconf 85' lang='lat' dir='ltr'>ambigua</span> <span class='ocrx_word' id='word_1_342' title='bbox 1119 2115 1175 2148; x_wconf 89' lang='lat' dir='ltr'>est,</span> <span class='ocrx_word' id='word_1_343' title='bbox 1190 2115 1228 2146; x_wconf 86' lang='lat' dir='ltr'>et,</span> <span class='ocrx_word' id='word_1_344' title='bbox 1249 2119 1301 2140; x_wconf 91' lang='lat' dir='ltr'>me</span> <span class='ocrx_word' id='word_1_345' title='bbox 1312 2110 1433 2150; x_wconf 88' lang='lat' dir='ltr'>judice,</span> <span class='ocrx_word' id='word_1_346' title='bbox 1454 2110 1560 2140; x_wconf 89' lang='lat' dir='ltr'>minus</span> <span class='ocrx_word' id='word_1_347' title='bbox 1575 2110 1636 2141; x_wconf 87' lang='lat' dir='ltr'>ele-</span> 
     </span>
     <span class='ocr_line' id='line_1_60' title="bbox 912 2169 998 2199; baseline 0.012 -10"><span class='ocrx_word' id='word_1_348' title='bbox 912 2169 998 2199; x_wconf 76' lang='lat' dir='ltr'>gans,</span> 
     </span>
    </p>

    <p class='ocr_par' dir='ltr' id='par_1_21' title="bbox 915 2221 1637 2311">
     <span class='ocr_line' id='line_1_61' title="bbox 955 2221 1637 2261; baseline 0.003 -12"><span class='ocrx_word' id='word_1_349' title='bbox 955 2221 1030 2250; x_wconf 88' lang='lat' dir='ltr'>Ver.</span> <span class='ocrx_word' id='word_1_350' title='bbox 1045 2224 1117 2252; x_wconf 83' lang='lat'>575.</span> <span class='ocrx_word' id='word_1_351' title='bbox 1140 2232 1253 2261; x_wconf 81' lang='lat' dir='ltr'>neque:</span> <span class='ocrx_word' id='word_1_352' title='bbox 1280 2222 1323 2251; x_wconf 91' lang='lat' dir='ltr'>sic</span> <span class='ocrx_word' id='word_1_353' title='bbox 1339 2221 1434 2251; x_wconf 84' lang='lat' dir='ltr'>Vind.</span> <span class='ocrx_word' id='word_1_354' title='bbox 1459 2221 1496 2251; x_wconf 92' lang='lat' dir='ltr'>L.</span> <span class='ocrx_word' id='word_1_355' title='bbox 1521 2221 1568 2252; x_wconf 87' lang='lat' dir='ltr'>M.</span> <span class='ocrx_word' id='word_1_356' title='bbox 1597 2221 1637 2252; x_wconf 91' lang='grc' dir='ltr'>Ο.</span> 
     </span>
     <span class='ocr_line' id='line_1_62' title="bbox 915 2271 1230 2311; baseline 0.006 -10"><span class='ocrx_word' id='word_1_357' title='bbox 915 2277 948 2301; x_wconf 91' lang='grc' dir='ltr'>Δ.</span> <span class='ocrx_word' id='word_1_358' title='bbox 968 2278 1011 2301; x_wconf 88' lang='grc' dir='ltr'>Ω.</span> <span class='ocrx_word' id='word_1_359' title='bbox 1030 2271 1151 2311; x_wconf 75' lang='lat' dir='ltr'>reliqui,</span> <span class='ocrx_word' id='word_1_360' title='bbox 1167 2283 1230 2303; x_wconf 79' lang='lat' dir='ltr'>nec.</span> 
     </span>
    </p>
   </div>
   <div class='ocr_carea' id='block_1_18' title="bbox 911 2331 1635 2673">
    <p class='ocr_par' dir='ltr' id='par_1_22' title="bbox 911 2331 1635 2673">
     <span class='ocr_line' id='line_1_63' title="bbox 958 2331 1505 2372; baseline 0.005 -12"><span class='ocrx_word' id='word_1_361' title='bbox 958 2331 1038 2362; x_wconf 90' lang='lat' dir='ltr'>Ibid.</span> <span class='ocrx_word' id='word_1_362' title='bbox 1060 2338 1215 2372; x_wconf 81' lang='lat' dir='ltr'>terraeque.</span> <span class='ocrx_word' id='word_1_363' title='bbox 1259 2332 1354 2372; x_wconf 87' lang='lat' dir='ltr'>Lege,</span> <span class='ocrx_word' id='word_1_364' title='bbox 1372 2340 1505 2363; x_wconf 81' lang='lat' dir='ltr'>terraeve.</span> 
     </span>
     <span class='ocr_line' id='line_1_64' title="bbox 1383 2384 1609 2414; baseline 0.004 -1"><span class='ocrx_word' id='word_1_365' title='bbox 1383 2384 1609 2414; x_wconf 71' lang='grc' dir='ltr'>Βεκτιειυε.</span> 
     </span>
     <span class='ocr_line' id='line_1_65' title="bbox 914 2432 1635 2476; baseline 0.003 -14"><span class='ocrx_word' id='word_1_366' title='bbox 914 2432 1002 2462; x_wconf 89' lang='lat' dir='ltr'>Nihil</span> <span class='ocrx_word' id='word_1_367' title='bbox 1018 2443 1110 2472; x_wconf 89' lang='lat' dir='ltr'>opus:</span> <span class='ocrx_word' id='word_1_368' title='bbox 1135 2439 1167 2463; x_wconf 87' lang='lat' dir='ltr'>et</span> <span class='ocrx_word' id='word_1_369' title='bbox 1181 2433 1224 2464; x_wconf 85' lang='lat' dir='ltr'>sic</span> <span class='ocrx_word' id='word_1_370' title='bbox 1238 2433 1313 2464; x_wconf 78' lang='lat' dir='ltr'>alibi</span> <span class='ocrx_word' id='word_1_371' title='bbox 1338 2434 1452 2464; x_wconf 86' lang='lat' dir='ltr'>frustra</span> <span class='ocrx_word' id='word_1_372' title='bbox 1474 2435 1522 2464; x_wconf 83' lang='lat' dir='ltr'>vir</span> <span class='ocrx_word' id='word_1_373' title='bbox 1546 2445 1635 2476; x_wconf 86' lang='lat' dir='ltr'>mag-</span> 
     </span>
     <span class='ocr_line' id='line_1_66' title="bbox 911 2493 980 2513; baseline 0 0"><span class='ocrx_word' id='word_1_374' title='bbox 911 2493 980 2513; x_wconf 87' lang='lat' dir='ltr'>nus.</span> 
     </span>
     <span class='ocr_line' id='line_1_67' title="bbox 953 2540 1634 2580; baseline 0.001 -11"><span class='ocrx_word' id='word_1_375' title='bbox 953 2540 1027 2571; x_wconf 88' lang='lat' dir='ltr'>Ver.</span> <span class='ocrx_word' id='word_1_376' title='bbox 1042 2543 1114 2571; x_wconf 83' lang='lat'>576.</span> <span class='ocrx_word' id='word_1_377' title='bbox 1127 2540 1232 2580; x_wconf 81' lang='lat' dir='ltr'>janua</span> <span class='ocrx_word' id='word_1_378' title='bbox 1252 2546 1338 2579; x_wconf 77' lang='lat' dir='ltr'>patet</span> <span class='ocrx_word' id='word_1_379' title='bbox 1360 2541 1481 2570; x_wconf 78' lang='lat' dir='ltr'>inmani</span> <span class='ocrx_word' id='word_1_380' title='bbox 1504 2546 1533 2570; x_wconf 80' lang='lat' dir='ltr'>et</span> <span class='ocrx_word' id='word_1_381' title='bbox 1554 2546 1634 2571; x_wconf 84' lang='lat' dir='ltr'>vasto</span> 
     </span>
     <span class='ocr_line' id='line_1_68' title="bbox 911 2591 1403 2631; baseline 0 -10"><span class='ocrx_word' id='word_1_382' title='bbox 911 2593 1008 2622; x_wconf 70' lang='lat' dir='ltr'>hiatu.</span> <span class='ocrx_word' id='word_1_383' title='bbox 1051 2591 1149 2631; x_wconf 86' lang='lat' dir='ltr'>Lege,</span> <span class='ocrx_word' id='word_1_384' title='bbox 1170 2597 1256 2630; x_wconf 79' lang='lat' dir='ltr'>patet</span> <span class='ocrx_word' id='word_1_385' title='bbox 1272 2593 1403 2622; x_wconf 81' lang='lat' dir='ltr'>inmane.</span> 
     </span>
     <span class='ocr_line' id='line_1_69' title="bbox 1389 2643 1615 2673; baseline 0 -1"><span class='ocrx_word' id='word_1_386' title='bbox 1389 2643 1615 2673; x_wconf 69' lang='lat' dir='ltr'>Benrrems.</span> 
     </span>
    </p>
   </div>
   <div class='ocr_carea' id='block_1_19' title="bbox 912 2702 1636 2887">
    <p class='ocr_par' dir='ltr' id='par_1_23' title="bbox 912 2702 1636 2887">
     <span class='ocr_line' id='line_1_70' title="bbox 912 2702 1636 2743; baseline 0.001 -11"><span class='ocrx_word' id='word_1_387' title='bbox 912 2703 1095 2743; x_wconf 85' lang='lat' dir='ltr'>Eleganter,</span> <span class='ocrx_word' id='word_1_388' title='bbox 1122 2709 1153 2733; x_wconf 87' lang='lat' dir='ltr'>et</span> <span class='ocrx_word' id='word_1_389' title='bbox 1180 2713 1231 2733; x_wconf 90' lang='lat' dir='ltr'>me</span> <span class='ocrx_word' id='word_1_390' title='bbox 1257 2702 1440 2742; x_wconf 82' lang='lat' dir='ltr'>plaudente3</span> <span class='ocrx_word' id='word_1_391' title='bbox 1463 2703 1507 2733; x_wconf 83' lang='lat' dir='ltr'>ita</span> <span class='ocrx_word' id='word_1_392' title='bbox 1521 2708 1636 2739; x_wconf 89' lang='lat' dir='ltr'>tamen,</span> 
     </span>
     <span class='ocr_line' id='line_1_71' title="bbox 912 2754 1635 2795; baseline 0.001 -11"><span class='ocrx_word' id='word_1_393' title='bbox 912 2761 949 2784; x_wconf 88' lang='lat' dir='ltr'>ut</span> <span class='ocrx_word' id='word_1_394' title='bbox 970 2764 989 2784; x_wconf 91' lang='lat' dir='ltr'>a</span> <span class='ocrx_word' id='word_1_395' title='bbox 1012 2754 1157 2795; x_wconf 73' lang='lat' dir='ltr'>vulgatis,</span> <span class='ocrx_word' id='word_1_396' title='bbox 1188 2755 1261 2784; x_wconf 91' lang='lat' dir='ltr'>satis</span> <span class='ocrx_word' id='word_1_397' title='bbox 1283 2756 1363 2785; x_wconf 91' lang='lat' dir='ltr'>bene</span> <span class='ocrx_word' id='word_1_398' title='bbox 1387 2765 1419 2785; x_wconf 89' lang='lat' dir='ltr'>se</span> <span class='ocrx_word' id='word_1_399' title='bbox 1441 2755 1635 2791; x_wconf 47' lang='lat' dir='ltr'>habentibus</span> 
     </span>
     <span class='ocr_line' id='line_1_72' title="bbox 1321 2805 1635 2847; baseline 0 -11"><span class='ocrx_word' id='word_1_400' title='bbox 1321 2805 1490 2847; x_wconf 82' lang='lat' dir='ltr'>Virgilius,</span> <span class='ocrx_word' id='word_1_401' title='bbox 1512 2806 1587 2837; x_wconf 88' lang='lat' dir='ltr'>AEn.</span> <span class='ocrx_word' id='word_1_402' title='bbox 1607 2815 1635 2836; x_wconf 85' lang='lat' dir='ltr'>x.</span> 
     </span>
     <span class='ocr_line' id='line_1_73' title="bbox 914 2858 985 2887; baseline 0 -1"><span class='ocrx_word' id='word_1_403' title='bbox 914 2858 985 2887; x_wconf 82' lang='lat'>726.</span> 
     </span>
    </p>
   </div>
   <div class='ocr_carea' id='block_1_20' title="bbox 929 2938 1605 2971">
    <p class='ocr_par' dir='ltr' id='par_1_24' title="bbox 929 2938 1605 2971">
     <span class='ocr_line' id='line_1_74' title="bbox 929 2938 1605 2971; baseline 0.003 -7"><span class='ocrx_word' id='word_1_404' title='bbox 929 2938 1049 2970; x_wconf 88' lang='lat' dir='ltr'>Gaudet,</span> <span class='ocrx_word' id='word_1_405' title='bbox 1059 2938 1132 2964; x_wconf 80' lang='lat' dir='ltr'>hians</span> <span class='ocrx_word' id='word_1_406' title='bbox 1142 2938 1257 2969; x_wconf 71' lang='lat' dir='ltr'>inmarm</span> <span class='ocrx_word' id='word_1_407' title='bbox 1275 2945 1419 2971; x_wconf 84' lang='lat' dir='ltr'>comasque</span> <span class='ocrx_word' id='word_1_408' title='bbox 1429 2939 1605 2966; x_wconf 80' lang='lat' dir='ltr'>adrexit—·</span> 
     </span>
    </p>
   </div>
   <div class='ocr_carea' id='block_1_21' title="bbox 859 2986 926 3016">
    <p class='ocr_par' dir='ltr' id='par_1_25' title="bbox 859 2986 926 3016">
     <span class='ocr_line' id='line_1_75' title="bbox 859 2986 926 3016; baseline 0 0"><span class='ocrx_word' id='word_1_409' title='bbox 859 2986 926 3016; x_wconf 71' lang='grc' dir='ltr'>ΕΞ</span> 
     </span>
    </p>
   </div>
  </div>
 </body>
</html>
