1926 3224
622 225 856 274 LIBER
904 223 1261 282 QUINTUS.

1591 229 1680 270 165

345 359 496 402 Dulcia
514 359 752 414 linquebant
772 357 957 399 lamentis
977 357 1131 398 lumina
1150 357 1257 398 vitae.

345 433 465 475 Unus
485 434 594 473 enim
615 440 703 473 tum
724 432 893 486 quisque
912 431 1042 486 magis
1062 430 1284 485 deprensus
1305 443 1446 471 eorum

343 507 499 548 Pabula
518 507 608 546 viva
626 506 718 546 feris
737 504 964 558 praebebat,
986 503 1176 543 dentibus
1197 504 1378 545 haustus:

226 586 310 623 990
342 581 398 622 Et
417 594 584 632 nemora
604 593 651 618 ac
671 577 844 617 monteis
863 576 1034 631 gemitu,
1057 575 1280 630 sylvasque,
1304 577 1497 632 replebat,

337 654 442 694 Viva
461 651 600 692 videns
621 650 712 689 vivo
733 648 890 703 sepeliri
911 648 1064 689 viscera
1083 647 1218 689 busto:

195 808 234 839 de
258 808 325 839 sine
347 806 537 838 substantivo
559 805 712 847 positum;
736 816 809 838 nam
835 808 913 838 Sue-

193 859 270 889 tonii
294 858 388 894 locus
428 859 562 899 August.
590 862 638 889 75.
671 863 699 889 2.
734 861 755 877 “
774 859 824 888 Ne
845 865 913 888 toro

192 915 215 931 “
230 912 357 953 quidem
378 913 520 943 cubuisse
540 913 640 951 aiunt,
662 913 722 943 nisi
744 913 857 943 humili
883 919 914 944 et

191 966 214 982 “
229 964 352 994 modice
381 964 821 1005 instrato:”—aliquantulum
851 964 914 995 dis-

191 1022 293 1054 crepat
317 1017 357 1046 ob
383 1015 462 1045 iuud
483 1017 614 1052 modice;
639 1026 736 1056 quum
761 1016 802 1045 sit
826 1017 913 1056 quasi

189 1068 294 1097 stratis
308 1066 438 1096 modicis
453 1068 600 1097 instratus
606 1082 616 1102 ;
639 1080 680 1106 τῳ
695 1069 825 1097 instrato
841 1068 911 1097 sub-

191 1117 372 1155 stantivum,
405 1122 439 1146 ut
465 1116 510 1154 fit,
547 1117 780 1156 complectente.
827 1119 912 1154 Quid

190 1169 289 1199 verbis
318 1179 395 1208 opus
424 1167 488 1199 est?
529 1168 684 1199 Meudosa
714 1169 912 1200 distinctione

189 1220 285 1251 Maro
299 1230 388 1250 meus
402 1219 581 1249 liberandus
602 1226 656 1255 est,
680 1226 711 1250 et
736 1230 857 1259 semper
879 1220 912 1250 in

189 1276 347 1310 posterum
362 1270 406 1300 sic
421 1270 612 1301 ordinandus
628 1270 809 1301 editoribus:

659 1356 687 1377 et
696 1353 767 1378 inter

224 1392 299 1415 Dura
306 1392 377 1421 Jacet
387 1394 487 1422 pernox
498 1390 604 1414 instrato
614 1398 679 1415 saxa
689 1391 765 1415 cubili

219 1429 354 1454 Fraudibus
365 1429 484 1460 hirsuti-<³3
501 1433 530 1454 et
540 1430 626 1455 carice
637 1434 726 1462 pastus
736 1431 826 1455 acuta.

188 1504 233 1535 Et
249 1504 318 1544 jam
339 1503 474 1544 denique
498 1504 680 1535 Lucretium
703 1504 838 1534 strictius
859 1515 914 1535 ex-

188 1566 328 1596 pressum
344 1556 446 1586 habes.
486 1555 548 1585 Sed
563 1566 667 1586 meam
682 1555 916 1595 dispositionem

187 1609 351 1637 verborum
367 1608 400 1637 in
415 1607 523 1646 primis
545 1608 706 1637 stabiliunt
723 1608 827 1638 Ovidii
845 1618 911 1638 ver-

188 1668 242 1688 sus
266 1657 406 1698 quidam,
430 1658 554 1697 egregie
577 1658 745 1696 depravati,
769 1658 823 1688 sed
843 1658 913 1698 jam

187 1718 272 1738 nunc
287 1708 432 1738 acumine
454 1718 525 1737 tneo
546 1708 757 1749 qualicunque
781 1709 912 1738 certissi-

185 1769 238 1789 me
252 1759 286 1788 in
301 1765 421 1789 rectum
435 1758 608 1799 redigendi,
625 1765 698 1790 met.
714 1759 756 1790 ix.
772 1763 844 1791 649.
859 1760 913 1791 ubi

187 1811 293 1852 vulgo,
309 1817 389 1842 taces
396 1824 406 1841 :

217 1903 495 1919 ——
505 1897 568 1916 cum
579 1895 621 1922 tu,
631 1892 727 1917 lassata
736 1894 883 1924 sequendo,

217 1930 346 1961 procidis5
364 1934 392 1955 et
403 1930 470 1955 dura
482 1931 571 1962 positis
584 1931 680 1956 tellure
692 1930 794 1963 lapillis,

216 1969 307 2002 Bybli!
319 1970 462 2001 jaces—.

186 2044 269 2075 Haec
291 2054 366 2075 sane
395 2044 529 2074 veritatis
560 2045 694 2084 speciem
723 2055 788 2084 prae
810 2056 842 2076 se
863 2046 909 2076 fe-

185 2102 272 2133 runt3
297 2097 350 2127 sed
378 2096 493 2126 iterum
515 2097 700 2136 percutienti
723 2097 911 2128 mendosum

186 2153 310 2178 sonant:
330 2152 361 2177 et
376 2153 482 2186 postea
495 2147 529 2177 id
543 2149 716 2186 expiscatus
731 2159 812 2187 sum,
828 2150 913 2190 quod

187 2207 281 2228 omne
301 2197 444 2228 omnium
465 2204 667 2229 venustorum
689 2205 843 2238 punctum
864 2201 908 2231 fe-

188 2255 249 2280 ret:

457 2351 520 2370 cum
532 2348 574 2376 tu,
591 2346 684 2371 lassata
695 2347 841 2378 sequendo,

203 2384 333 2415 Procidis5
350 2389 388 2416 et,
399 2387 488 2417 positis
499 2388 565 2413 dura
575 2389 672 2414 tellure
678 2391 791 2422 papillis,

202 2422 290 2453 Bybli!
304 2427 386 2454 taces,
396 2424 557 2457 frondesque
565 2431 613 2452 tuo
621 2429 720 2460 premis
731 2436 777 2454 ore
785 2430 908 2455 caducas.

189 2498 348 2533 Procidz's;
367 2498 525 2539 infaciem
541 2511 669 2541 nempe:
687 2503 760 2533 hinc
769 2506 912 2548 papillis,

187 2553 218 2577 et
243 2559 304 2586 ore,
325 2550 616 2582 convenientissima
639 2555 856 2593 reperiuntur3
877 2567 913 2587 ac

186 2598 299 2629 frustra
329 2611 430 2639 speres
458 2602 598 2633 invenire
624 2605 673 2634 vel
699 2607 782 2645 apud
806 2607 909 2646 ipsum

189 2648 348 2681 Nasonem
363 2653 565 2684 mollitudine
579 2655 748 2687 delicatiori
763 2658 877 2690 locum.

229 2702 304 2733 Ver.
331 2708 402 2735 986.
427 2705 541 2736 Sensus
566 2713 624 2737 est:
659 2711 682 2727 ‘⁴
698 2709 766 2739 Nec
791 2716 910 2749 tamen,

188 2755 211 2771 “
226 2753 275 2784 his
296 2754 524 2787 calamitatibus
547 2758 678 2797 expositi
702 2762 852 2800 quamvis,
875 2773 910 2793 ac

189 2806 213 2822 ‘⁴
227 2803 498 2838 dilacerationibus
527 2809 676 2848 serarum,
708 2811 811 2850 plures
836 2819 911 2843 tunc

192 2857 215 2872 “
229 2859 388 2896 temporis,
411 2869 505 2900 quam
520 2871 607 2891 nunc
621 2862 755 2901 dierum,
771 2864 852 2894 inter
865 2865 910 2895 la-

191 2907 213 2923 “
229 2915 347 2945 crymas
359 2915 388 2940 et
398 2910 582 2950 ejulationes
593 2914 813 2946 moriebantur.
827 2916 911 2947 Pris-

958 809 979 826 “
997 807 1040 838 cis
1055 807 1110 838 leti
1126 806 1240 838 caussis
1261 807 1428 839 hominum
1449 807 1572 839 solertia
1592 818 1677 839 sum-

958 861 979 876 “
996 859 1100 896 motis,
1124 859 1193 889 aliae
1208 859 1265 888 viae
1288 866 1361 889 sunt
1383 865 1525 899 repertae3
1548 869 1605 890 nec
1619 859 1679 889 mi-

959 912 980 927 “
997 919 1058 939 nus
1073 916 1177 939 tamen
1195 910 1365 940 efficaces.'‘

1002 960 1077 991 Ver.
1110 965 1180 993 987.
1220 964 1370 993 lamentis.
1421 962 1471 992 Sic
1499 962 1678 1003 legendum.

959 1011 1044 1041 Salse
1058 1012 1149 1050 ridet,
1172 1023 1228 1052 pro
1243 1024 1338 1050 more,
1361 1014 1541 1044 mortalium
1557 1013 1678 1055 ignavi·

957 1072 1021 1100 am,
1044 1063 1152 1093 mortis
1175 1063 1339 1094 timoribus
1358 1065 1626 1103 discruciatorum,
1649 1069 1681 1094 et

955 1114 1082 1145 miseras
1097 1115 1174 1145 vitas
1197 1115 1277 1146 inter
1298 1116 1446 1156 lugubres
1467 1117 1606 1155 ploratus
1630 1127 1680 1146 re-

955 1165 1173 1206 linquentium.
1222 1166 1338 1199 Confer
1359 1167 1402 1196 iii.
1425 1171 1496 1198 946.
1521 1171 1590 1199 947.
1608 1170 1679 1199 965.

957 1217 1036 1252 Quis
1064 1218 1160 1258 igitur
1188 1217 1376 1253 credidisset,
1407 1227 1444 1247 eo
1473 1217 1620 1248 socordiae
1649 1224 1679 1247 et

957 1267 1077 1297 sceleris
1100 1268 1233 1298 editores
1258 1275 1403 1299 venturos
1426 1279 1503 1306 esse,
1534 1274 1570 1298 ut
1592 1267 1680 1298 nullo

958 1328 1031 1348 cum
1060 1319 1174 1355 fructu,
1197 1320 1377 1350 necessitate
1401 1320 1501 1358 nulli,
1534 1320 1682 1350 maximis

957 1369 1117 1408 plausibus
1134 1371 1311 1409 exciperent
1334 1371 1453 1401 Mureti
1469 1371 1681 1412 conjecturam

956 1422 1094 1456 labentis,
1114 1427 1206 1461 atque
1216 1431 1281 1451 uno
1296 1432 1449 1452 consensu
1463 1423 1610 1454 Lucretio
1625 1425 1681 1454 ob-

956 1471 1135 1504 truderent?
1175 1473 1264 1502 Nihil
1295 1473 1366 1503 novi
1397 1474 1605 1514 insipientius,
1625 1481 1682 1506 aut

959 1522 1045 1562 quod
1059 1523 1165 1553 minus
1181 1524 1336 1564 ingenuos
1357 1531 1450 1565 atque
1464 1526 1561 1556 bellos
1578 1527 1680 1557 homi-

959 1583 1015 1603 nes
1028 1573 1157 1604 deceret.
1196 1575 1264 1605 Nos
1278 1575 1376 1614 po'etae
1391 1576 1576 1615 scripturam
1591 1587 1682 1607 suam

956 1625 1157 1661 restituimus,
1187 1626 1446 1664 appositissimam
1475 1628 1681 1668 undequaque

958 1682 989 1705 et
1012 1676 1262 1706 venustissimam
1269 1689 1278 1714 ;
1301 1687 1359 1707 nec
1382 1678 1495 1708 melius
1521 1679 1681 1718 quippiam

957 1725 1005 1755 vel
1020 1726 1127 1755 animo
1141 1726 1228 1766 fingi,
1255 1727 1301 1757 vel
1316 1729 1414 1766 optari
1429 1729 1577 1768 profecto,
1593 1735 1679 1768 pote-

956 1782 1012 1806 rat.

1001 1826 1082 1857 Ibid.
1098 1829 1217 1858 Dulcia
1233 1830 1351 1859 lumina
1367 1831 1445 1860 vitoe.
1471 1830 1522 1860 Sic
1536 1830 1588 1860 alii
1602 1832 1681 1862 bene

957 1878 1059 1914 multi,
1074 1884 1106 1908 et
1120 1879 1241 1918 primus
1257 1880 1445 1919 Maeonides,
1466 1881 1504 1911 Il.
1523 1888 1556 1912 K.
1572 1886 1645 1914 495.

956 1963 1008 1988 Tor
1019 1962 1223 1997 τριςκαιδεκατον
1236 1963 1424 1990 ΜΕΛῙΗΔΕΔ
1434 1965 1561 1990 ΘΥΜΟΝ
1572 1975 1682 2000 oeaempoe.

955 2034 1051 2065 Unde
1066 2046 1131 2065 non
1153 2035 1271 2066 mirum
1293 2043 1339 2067 est
1360 2037 1535 2076 Euripiden
1556 2046 1680 2079 εμφαιτι-

955 2099 1011 2120 κως
1026 2086 1180 2116 vocavisse
1194 2086 1290 2117 vitam
1312 2100 1353 2118 ‘ra
1376 2095 1526 2127 φιλτατα,
1544 2089 1578 2118 in
1594 2090 1679 2129 Hip-

954 2136 1015 2176 pol.
1033 2141 1104 2168 978.

998 2188 1073 2218 Ver.
1093 2191 1162 2219 988.
1185 2190 1366 2228 deprensus.-
1393 2189 1433 2219 V.
1448 2187 1495 2220 ed.
1518 2192 1676 2230 depensum·

954 2238 992 2268 P.
1018 2238 1056 2268 Ο.
1085 2244 1126 2268 Π.
1152 2240 1368 2278 deprehensus;
1395 2250 1446 2270 me
1471 2250 1536 2271 non
1561 2241 1677 2282 impro-

953 2291 1056 2319 bante.

998 2341 1072 2372 Ver.
1098 2345 1171 2374 989.
1193 2345 1332 2374 dentibus
1357 2346 1500 2375 haustus:
1529 2345 1550 2376 i.
1575 2356 1601 2376 e.
1623 2348 1676 2378 ab-

955 2399 1106 2432 sumptus.
1130 2394 1251 2426 Pariter
1265 2395 1433 2436 VirgiliuS‚
1451 2396 1527 2427 AEn.
1544 2397 1576 2428 ii.
1591 2401 1663 2429 600.

955 2468 1014 2498 Jam
1031 2466 1150 2491 flammae
1163 2467 1285 2498 tulerint,
1300 2468 1422 2493 inimicus
1433 2472 1460 2494 et
1471 2469 1581 2495 hauserit
1591 2471 1666 2496 ensis.

957 2529 1069 2570 Neque
1083 2530 1173 2560 aliter
1186 2530 1282 2569 idem,
1305 2541 1372 2571 geo.
1387 2531 1426 2562 iv.
1442 2535 1513 2563 427.

984 2615 1043 2645 Jam
1056 2614 1161 2646 rapidus
1171 2619 1275 2640 torrens
1285 2616 1397 2640 sitientis
1409 2616 1486 2641 Sirius
1498 2619 1577 2643 Indos

982 2653 1100 2678 Ardebat
1111 2654 1194 2684 coelo,
1209 2659 1237 2680 et
1250 2656 1371 2681 medium
1382 2656 1421 2681 sol
1430 2656 1525 2688 igneus
1535 2659 1629 2683 orbem

983 2694 1183 2719 Hauserat—.-

953 2762 973 2792 i.
989 2771 1014 2792 e.
1031 2766 1052 2780 “
1063 2772 1156 2793 cursu
1171 2766 1427 2805 consumpserat.”
1449 2767 1494 2797 Et
1508 2777 1594 2798 nunc
1608 2767 1674 2799 die-

954 2823 1025 2844 rum
1052 2824 1120 2844 mos
1151 2814 1382 2855 illepidissimus
1408 2817 1540 2848 invaluit
1564 2819 1674 2849 distin-

954 2865 1072 2906 guendi
1086 2872 1156 2905 post
1170 2870 1252 2907 coelo,
1273 2869 1327 2911 qui
1341 2869 1430 2900 nobis
1451 2870 1584 2901 minime
1599 2870 1675 2902 tole-

955 2917 1061 2948 rabilis
1075 2917 1203 2950 videtur.
