1926 3224
279 248 342 288 64·

742 248 802 295 T.
854 246 1230 296 LUCRETII

420 372 668 416 Deturbavit
687 374 799 427 equis
818 374 862 412 in
882 381 1032 414 terram
1038 391 1051 423 3
1084 375 1237 430 solque,
1259 374 1419 415 cadenti

421 447 593 495 Obvius,
616 452 814 486 aeternam
836 445 1039 501 subscepit
1057 446 1247 502 lampada
1265 446 1425 488 mundi:

417 519 699 574 Disjectosque
723 519 880 576 redegit
899 534 1038 575 equos,
1052 520 1271 575 junxitque
1289 519 1530 561 trementeis:

305 597 386 632 405
418 591 523 633 Inde
543 608 661 633 suum
682 609 756 648 per
774 594 867 643 iter,
888 595 1084 636 recreavit
1103 603 1264 645 cuncta,
1286 595 1538 651 gubernans;

419 665 593 716 Scilicet,
625 674 670 707 ut
690 675 843 708 veteres
865 667 1041 708 Graium
1061 669 1242 710 cecinere
1261 670 1414 724 poe‘tae:

275 832 366 859 taneo
380 829 453 864 ictu,
480 828 528 858 vel
542 830 649 859 veloci:
676 829 715 859 de
731 829 792 870 qua
808 840 841 860 re
855 831 995 871 perlegas

275 879 351 909 mihi
367 879 525 909 dissertata
538 879 572 907 in
587 879 669 908 notis
681 879 721 909 ad
735 880 754 910 i.
773 884 864 911 1002.
887 882 994 922 Virgi-

273 929 342 966 lius,
366 931 441 960 AEn.
457 929 508 959 xii.
522 933 593 959 515.

288 1004 350 1035 Quo
361 1003 451 1028 ruitis?
470 1010 568 1035 quaeve
578 1004 627 1029 ista
639 1008 724 1037 repens
735 1006 865 1031 discordia
876 1007 975 1039 surgit?

271 1065 291 1096 i.
315 1077 341 1096 e.
364 1067 499 1097 celeriter
521 1068 635 1105 oborta,
669 1069 717 1098 vel
742 1070 916 1109 repentina;
946 1071 993 1101 uti

274 1117 397 1147 Servius
411 1117 505 1148 etiam
521 1117 739 1158 interpretatus
755 1127 808 1152 est.
842 1122 992 1162 Antiquae

271 1168 395 1209 glossae:
423 1172 446 1188 “
464 1171 593 1209 Repens,
616 1171 776 1211 ωιφνιδως.”

315 1220 388 1250 Ver.
413 1222 484 1250 402.
515 1222 574 1251 sol:
609 1228 652 1252 Ω.
678 1224 928 1255 subl—cadenti.-
954 1224 991 1254 P.

271 1265 420 1306 caden'tiae
446 1271 550 1302 nescio
564 1272 626 1312 qua
640 1275 876 1306 constructione.

314 1322 395 1352 Ibid.
418 1324 601 1354 Detur-bavit
625 1326 658 1354 in
680 1331 800 1356 terram.
845 1327 923 1356 Huc
942 1337 989 1357 re·

269 1373 369 1413 spexit
383 1373 437 1403 ine
451 1380 535 1404 vates
552 1375 741 1412 Mincianus,
762 1377 836 1406 AEn.
853 1386 881 1406 x.
897 1379 970 1408 555.

283 1458 359 1482 Tum
375 1461 467 1489 caput,
487 1459 586 1483 orantis
602 1459 795 1490 nequidquam,
811 1463 838 1484 et
849 1459 934 1484 multa
945 1466 990 1491 pa-

376 1497 459 1521 rantis

285 1536 390 1566 Dicere,
406 1536 521 1561 deturbat
533 1540 679 1562 terrae—.

270 1610 293 1625 “
309 1607 463 1637 Deturbat
489 1613 591 1638 terrae:
617 1609 676 1639 hoc
702 1614 758 1647 est,
782 1611 816 1640 in
842 1609 987 1641 terram.”

855 1661 990 1691 Servius.

311 1712 411 1751 Equis
425 1716 531 1741 autem
552 1721 608 1750 pro
629 1722 740 1748 curru;
764 1718 800 1742 ut
820 1713 870 1752 αφ’
894 1713 990 1743 ἵππων

267 1762 516 1803 frequentissime
548 1762 718 1793 Homerus.
762 1763 851 1793 Hinc
886 1765 989 1800 Maro,

268 1815 344 1844 AEn.
361 1814 416 1844 xii.
432 1817 504 1845 755.

491 1900 576 1926 quum
587 1894 674 1926 prima
684 1895 710 1920 in
723 1896 814 1928 pra-,lia
820 1897 926 1927 junctos

296 1933 473 1960 Conscendebat
485 1942 630 1966 equos—.-

265 2011 296 2037 ct
309 2015 396 2035 more
410 2005 565 2035 contrario
580 2016 704 2045 prorsus
719 2007 752 2036 in
767 2017 835 2047 geo.
854 2008 896 2038 iii.
914 2011 962 2040 91.

294 2072 385 2096 Martis
395 2071 451 2103 equi
462 2071 572 2103 bijuges,
588 2074 617 2096 et
629 2072 720 2103 magni
730 2079 819 2096 currus
829 2072 946 2098 Achillis.

264 2135 286 2150 “
304 2133 430 2168 Cumis,
447 2140 502 2169 pro
516 2130 631 2170 equis.”
658 2131 787 2161 Servius.
811 2132 907 2171 Ergo,
923 2132 982 2161 mi·

263 2192 323 2212 nus
337 2187 478 2212 accurate
496 2191 563 2211 rem
586 2181 764 2220 interpretes
787 2181 981 2212 administra-

261 2239 346 2271 ruut,
373 2239 404 2263 et
417 2233 506 2273 quasi
520 2242 584 2262 non
598 2233 692 2271 probe
707 2233 921 2272 percipientes,
944 2233 984 2264 ad

262 2285 398 2315 Homeri
416 2284 478 2315 od.
497 2290 531 2316 Δ.
550 2287 620 2315 708.

298 2367 365 2393 Νηων
378 2375 504 2399 ωκυπορων
515 2363 674 2399 επιςαινεμεν·
686 2365 735 2392 αἵθ’
748 2367 809 2393 ἅλις
819 2365 931 2391 '1111101

298 2412 409 2446 Ανδροισι
421 2423 561 2445 myron-ou,
582 2423 678 2449 περοωσι
691 2414 716 2440 δε
726 2418 802 2439 στεῖλαν
815 2412 846 2445 φ’
861 2413 943 2447 ὑγρήν.

259 2481 470 2513 Reddendum
487 2489 551 2514 erat
565 2484 683 2524 utique,
706 2494 738 2514 se
763 2482 893 2522 intelligi
917 2482 976 2512 sal-

258 2541 322 2565 tem
333 2537 518 2576 volentibus,
534 2549 651 2574 currus,
667 2548 731 2568 non
745 2539 824 2577 equi.
848 2535 978 2565 Planior

256 2592 302 2616 est
318 2587 493 2626 Oppianus,
516 2589 642 2620 halieut.
658 2589 680 2619 i.
701 2592 769 2620 190.
810 2586 977 2617 Maeonidis

254 2636 416 2676 interpres:

253 2713 525 2750 Αμφιετερισκοαροντοιι
534 2716 631 2748 εὺζυγον
641 2717 753 2742 ἈΡΜΑ
765 2714 974 2741 ΘΑΛΑΣΣΗΣ.

255 2778 397 2809 Catullus
412 2781 517 2819 etiarn,
535 2788 633 2821 nuptt.
651 2783 717 2814 Pel.
733 2789 763 2813 et
780 2781 872 2812 Thes.
890 2785 918 2813 9.

311 2854 368 2885 Ipsa
379 2853 430 2878 levi
440 2854 506 2879 fecit
518 2856 676 2882 volitantem
690 2857 799 2882 flamine
809 2862 922 2880 currum.

250 2915 313 2946 His
325 2922 431 2947 autem
453 2917 608 2956 perlectis,
631 2920 837 2958 obstupesces,
860 2918 893 2950 ni
914 2916 975 2948 fal-

1037 830 1095 870 lor,
1117 833 1369 863 annotationibus
1391 833 1569 874 Heynianis
1591 834 1625 864 in
1640 834 1756 866 Tibull.

1037 883 1058 914 i.
1087 889 1115 916 9.
1140 887 1191 915 62.
1214 895 1289 925 quas
1313 885 1420 922 adcas;
1454 896 1527 916 cum
1553 886 1667 922 Servio,
1690 897 1757 917 rem

1037 936 1130 973 probe
1144 935 1286 973 callente,
1309 935 1348 966 ad
1364 936 1454 976 Virg.
1474 937 1548 968 AEn.
1564 937 1616 968 xii.
1633 940 1705 968 287.
1726 943 1758 967 et

1037 987 1114 1018 Eur.
1132 988 1203 1027 Iph.
1221 995 1251 1019 T.
1267 992 1339 1019 410.

1079 1038 1153 1069 Ver.
1169 1042 1240 1069 405.
1262 1041 1427 1079 subscepic:
1445 1038 1482 1070 L.
1495 1044 1530 1070 Δ.
1548 1047 1588 1071 Π.
1605 1046 1638 1073 Σ.
1653 1052 1755 1072 succe-

1031 1091 1096 1129 pz't;
1120 1089 1223 1130 vulgo,
1239 1093 1388 1130 suscepit:
1407 1090 1459 1121 sed
1473 1091 1581 1130 procul
1596 1092 1691 1122 dubio
1705 1103 1757 1123 ve-

1036 1141 1156 1170 rissima
1185 1149 1230 1171 est
1259 1142 1409 1181 scriptura
1439 1144 1596 1182 subscepit,
1626 1149 1662 1173 ut
1683 1143 1757 1174 alibi

1036 1193 1229 1224 monuimus.
1273 1192 1359 1223 Illud
1373 1196 1517 1234 succepit,
1540 1195 1627 1234 quasi
1647 1195 1686 1225 sit
1699 1205 1756 1225 an-

1037 1243 1149 1284 tiquior
1163 1245 1393 1285 orthographia,
1409 1251 1440 1275 et
1451 1245 1638 1276 Lucretiano
1652 1246 1757 1277 seculo

1035 1301 1252 1334 consentanea,
1276 1296 1454 1327 nullatenus
1469 1297 1591 1328 tolerari
1605 1303 1713 1336 potest.

1080 1347 1159 1377 Ibid.
1195 1354 1340 1379 aeternam
1370 1351 1514 1389 lampada
1542 1351 1659 1380 mundi.
1704 1349 1756 1380 Ita

1035 1398 1200 1437 Virgilius,
1224 1400 1298 1429 AEn.
1314 1399 1344 1429 ii.
1363 1403 1431 1431 154.

1187 1457 1249 1486 Vos,
1265 1457 1353 1481 eterni
1365 1457 1509 1489 ignes!—

1034 1517 1053 1548 i.
1069 1528 1096 1548 e.
1113 1521 1156 1550 sol
1171 1524 1201 1549 et
1215 1519 1298 1549 luna.
1323 1519 1426 1558 Idem,
1448 1520 1520 1551 ibid.
1535 1520 1573 1551 iv.
1590 1525 1620 1552 6.

1094 1593 1200 1616 Postera
1211 1592 1316 1616 Phoebed
1329 1593 1457 1617 lustrabat
1468 1593 1584 1625 lampade
1593 1597 1689 1619 terras:

1039 1654 1164 1684 Graecos
1192 1661 1314 1685 secutus
1343 1655 1465 1686 scilicet.
1499 1656 1548 1686 Sic
1577 1657 1752 1696 Euripides,

1037 1704 1124 1734 Med.
1141 1708 1213 1736 551.

1071 1784 1100 1807 Et
1115 1791 1141 1808 σε
1150 1781 1239 1808 ’πιεσα
1251 1783 1406 1810 ΛΑΜΠΑΣ
1419 1783 1511 1816 οψετοιι
1523 1785 1663 1811 ΘΕΟΥ-.

1076 1848 1149 1878 Ver.
1165 1852 1235 1880 404.
1261 1849 1301 1879 In
1317 1849 1412 1879 vind.
1431 1849 1535 1880 codice
1550 1850 1675 1890 syllabae
1693 1862 1749 1882 -os-

1031 1910 1087 1939 que
1101 1911 1148 1930 re·
1165 1909 1259 1929 erasae
1274 1899 1410 1930 fuerunt.

1074 1951 1154 1981 Ibid.
1178 1952 1328 1991 Disjectos
1358 1962 1464 1992 equos:
1496 1952 1516 1982 i.
1541 1962 1567 1982 e.
1593 1956 1614 1970 “
1629 1952 1748 1991 impetu

1030 2004 1051 2019 “
1068 2001 1210 2031 fulminis
1232 2002 1419 2032 disturbatos
1440 2008 1533 2042 atque
1555 2003 1748 2042 dissipatos.’‘

1032 2052 1200 2092 Compares
1221 2060 1375 2091 nostrum,
1398 2053 1438 2083 ad
1463 2054 1482 2084 i.
1506 2057 1577 2085 652.
1601 2054 1749 2084 Similiter

1029 2106 1144 2137 Fabius
1160 2106 1275 2144 Pictor,
1291 2107 1393 2137 annal.
1409 2107 1428 2136 i.
1443 2106 1631 2147 fragmento:
1653 2110 1675 2125 “
1687 2107 1747 2137 Su-

1029 2160 1050 2175 “
1066 2158 1130 2187 bito
1145 2158 1303 2193 imbribus,
1326 2159 1567 2198 tonitrubusque,
1590 2168 1659 2198 quae
1674 2168 1747 2188 cum

1028 2212 1050 2227 ‘⁴
1061 2208 1115 2239 illa
1129 2215 1216 2239 erant
1225 2209 1386 2250 disjectisJ’
1403 2209 1566 2249 Virgilius,
1581 2210 1653 2240 AEn.
1664 2211 1684 2240 i.
1696 2213 1748 2240 45.

1056 2309 1125 2339 Ipsa.
1140 2308 1211 2338 Jovis
1221 2306 1337 2338 rapidum
1341 2306 1459 2338 jaculata
1471 2313 1485 2331 e
1497 2306 1610 2330 nubibus
1621 2305 1715 2337 ignem,

1057 2345 1213 2377 Disjecitque
1224 2350 1303 2375 rates,
1319 2345 1470 2376 evertitque
1481 2351 1591 2376 aequora
1601 2344 1697 2369 ventis.

1027 2425 1124 2461 Hinc,
1147 2435 1245 2466 quum
1261 2426 1351 2454 verba
1365 2425 1473 2464 clqjc'cz'o
1496 2430 1527 2454 et
1540 2424 1660 2464 disjicio
1675 2433 1743 2463 pas-

1025 2477 1083 2506 sim
1109 2477 1240 2507 librariis
1264 2476 1517 2515 permisceantur,
1546 2481 1639 2514 prout
1661 2475 1742 2505 Bur-

1028 2539 1162 2558 mannus
1176 2538 1299 2568 quoque
1321 2527 1361 2559 ad
1382 2529 1465 2558 hunc
1482 2527 1626 2557 Maronis
1639 2526 1742 2556 locum

1021 2581 1153 2616 monuit,
1165 2581 1258 2621 longe
1270 2580 1380 2610 fortius
1389 2578 1586 2615 vocabulum,
1600 2584 1631 2608 et
1639 2577 1742 2606 effica-

1022 2632 1096 2668 cius,
1119 2632 1221 2663 eidem
1244 2631 1547 2662 consummatissimo
1561 2628 1660 2667 po‘etae
1674 2637 1739 2658 cer-

1021 2683 1137 2713 tissime
1152 2683 1296 2713 redonari
1312 2682 1412 2720 debet,
1432 2681 1471 2711 ad
1485 2689 1552 2720 geo.
1567 2679 1586 2709 i.
1601 2681 1675 2708 555.

1019 2774 1325 2782 —-—-——
1488 2756 1663 2788 Illeflagranti

1018 2803 1073 2826 Aut
1084 2802 1166 2831 Atho,
1183 2806 1229 2825 aut
1242 2801 1398 2831 Rhodopen,
1414 2802 1461 2823 aut
1472 2797 1525 2822 alta
1536 2796 1676 2826 Ceraunia,
1693 2796 1739 2820 telo

1019 2840 1192 2872 Disjicit—:

1017 2915 1037 2945 i.
1053 2924 1078 2944 e.
1113 2919 1134 2933 “
1152 2915 1184 2944 in
1211 2923 1319 2943 omnes
1343 2916 1442 2951 partes
1469 2911 1587 2950 impetu
1613 2909 1740 2948 dissipat.
