1926 3224
625 231 859 282 LIBER
911 229 1269 289 QUINTUS.

1650 238 1680 277 20

260 371 309 407 10
340 365 464 408 Nunc
484 364 710 420 adpellatur
733 364 963 418 Sapientia3
995 362 1146 418 quique
1164 376 1240 417 per
1258 367 1389 402 artem

341 438 550 481 Fluctibus
570 452 593 478 e
612 438 735 478 tantis
754 438 896 487 vitam,
925 437 1130 492 tantisque
1149 435 1344 485 tenebris,

342 513 393 554 In
413 522 496 554 tam
517 510 752 564 tranquillo,
779 517 818 549 et
837 517 923 549 tam
943 508 1050 549 clara
1071 508 1174 557 luce,
1197 508 1356 549 locavit.

399 583 552 625 Confer
571 583 681 623 enim
701 582 841 622 divina
862 581 1035 622 aliorum
1055 581 1224 635 antiqua
1243 588 1419 635 reperta:

343 657 533 712 Namque
555 655 680 696 Ceres
698 654 828 696 fertur
847 653 999 710 stuges,
1023 652 1232 707 Liberque
1251 652 1419 708 liquoris

262 735 310 771 15
341 729 525 786 Vitigeni
543 729 720 779 laticem,
742 727 980 770 mortalibus
1000 726 1238 775 instituisse3

198 885 274 926 δεξιᾳ
300 884 427 915 αὖτε-η
470 882 667 920 Plutarchus,
693 883 728 913 in
756 883 926 914 Alcibiadis

197 937 302 968 initio:
329 941 366 967 To
385 934 548 966 Αλκιέιαδε
572 947 649 975 γενος
674 937 771 966 arven
801 941 925 977 Eupuaoe-

198 1003 261 1027 xm,
279 1002 325 1019 ‘rav
340 993 471 1024 Αιαντος,
487 992 665 1018 APXHTON
678 1000 752 1028 εχειν
767 986 894 1018 δοκει-.

244 1039 323 1069 Ibid.
335 1040 478 1078 princeps
494 1040 620 1069 invenit.
658 1037 777 1075 Cicero,
794 1037 833 1068 de
847 1043 923 1069 orat.

199 1090 220 1120 i.
239 1093 290 1120 11.
311 1093 333 1108 “
351 1089 413 1120 Sed
433 1099 500 1129 ego,
522 1098 624 1129 neque
644 1088 708 1119 illis
726 1088 924 1125 assentiebar,

199 1145 224 1161 “
239 1152 340 1183 neque
361 1142 476 1172 harum
501 1140 751 1182 disputationum
775 1143 927 1173 inventori

200 1196 225 1211 “
241 1198 272 1224 et
281 1192 633 1232 prz'ncz'pi‚-—Platoni.‘’

244 1247 326 1279 Ibid.
343 1250 413 1279 vz'tae
429 1250 596 1279 rationem:
621 1247 642 1278 i.
658 1258 684 1278 e.
699 1247 842 1288 regendae
857 1247 928 1277 vitae

201 1301 407 1339 disciplinam.
467 1299 590 1337 Cicero,
620 1298 659 1329 de
689 1298 764 1329 finn.
793 1299 814 1329 i.
844 1300 874 1329 5.
885 1315 928 1322 —

201 1353 224 1369 “
240 1350 342 1389 prima
355 1349 459 1379 veniat
473 1350 507 1379 in
522 1348 664 1380 medium
680 1351 816 1390 Epicuri
836 1351 927 1386 ratio,

201 1404 224 1420 ‘⁴
241 1412 310 1442 quae
339 1401 494 1442 plerisque
519 1401 681 1432 notissima
706 1407 765 1439 est3
788 1411 886 1442 quam
910 1410 930 1430 a

200 1457 224 1472 “
242 1454 332 1484 nobis
359 1454 404 1484 sic
430 1454 592 1494 intelleges
618 1454 799 1493 expositam,
829 1459 865 1484 ut
891 1455 929 1483 ab

202 1508 227 1523 “
242 1505 325 1544 ipsis,
341 1505 396 1546 qui
410 1516 480 1535 eam
495 1507 691 1544 disciplinam
706 1507 849 1544 probant,
864 1515 929 1535 non

203 1560 226 1575 “
243 1556 339 1587 soleat
354 1556 534 1587 adcuratius
549 1555 725 1596 explicari.’'

246 1609 320 1639 Ver.
338 1613 387 1640 10.
403 1610 593 1648 adpellatur:
621 1609 659 1638 V.
675 1608 725 1638 ed.
742 1610 909 1648 appelletur
915 1624 927 1645 ,-

202 1666 239 1690 ut
252 1659 286 1689 in
302 1658 507 1698 praecedente,
522 1666 598 1697 tam,
613 1668 670 1698 pro
684 1661 929 1699 eam—quique.-

205 1716 247 1741 Π.
263 1712 383 1750 quippe.

257 1760 337 1791 Ibid.
369 1761 542 1801 Sapientia.
586 1760 779 1800 Pythagoras
811 1766 929 1799 autem,

205 1812 253 1843 uti
268 1812 416 1843 discimus
430 1823 468 1842 ex
485 1813 533 1842 M.
549 1812 667 1848 Tullio,
683 1812 758 1843 huic
773 1813 931 1853 arroganti

205 1864 301 1894 nimis
327 1864 449 1894 nomini
475 1866 711 1903 philosophiam,
749 1865 813 1894 sive
844 1875 931 1895 amo-

207 1924 273 1944 rem
288 1915 458 1954 sapientiae,
473 1914 641 1945 modestior
651 1915 796 1954 praetulit.
837 1916 932 1946 Afra-

207 1965 289 2001 nius,
305 1965 389 2004 apud
406 1965 557 2001 Gellium,
574 1965 637 1995 xiii.
653 1969 682 1995 8.

253 2039 322 2062 Usus
332 2045 378 2063 me
388 2038 492 2069 genuit,
503 2041 592 2062 mater
601 2038 705 2069 peperit
715 2039 860 2063 Memoria:

252 2077 378 2108 Sophiam
387 2081 488 2102 vocant
498 2085 544 2103 me
555 2078 639 2108 Graii,
650 2085 697 2103 vos
708 2079 872 2111 Sapientiam.

251 2140 334 2171 Ibid.
351 2152 410 2181 per
423 2147 528 2172 artem.
573 2141 656 2171 Redi
671 2142 884 2174 animadversa
897 2144 931 2174 in

205 2191 246 2222 iv.
261 2194 334 2222 845.
355 2192 398 2221 sic
417 2193 513 2222 etiam
529 2192 694 2230 Manilius,
710 2193 730 2223 i.
746 2196 795 2224 51.

239 2264 275 2289 Hi
286 2268 394 2289 tantum
405 2272 505 2290 novere
517 2265 597 2290 decus
603 2274 612 2295 ;
629 2266 763 2297 primique
771 2269 816 2298 per
825 2269 906 2291 artem

240 2303 372 2329 Sideribus
382 2305 474 2330 videre
485 2305 559 2336 vagis
569 2305 713 2336 pendentia
723 2305 789 2330 fata.

265 2367 338 2399 Ver.
368 2372 415 2400 11.
447 2371 622 2408 Fluctibus,
658 2372 802 2402 tenebris:
840 2375 936 2403 “nec

210 2420 234 2437 “
250 2420 410 2449 nocturnis
438 2420 591 2451 sideribus
619 2421 734 2452 scilicet
762 2422 845 2452 viam
881 2434 936 2463 per

211 2471 235 2488 “
251 2479 337 2499 mare
361 2471 523 2502 turbidum
549 2478 642 2513 atque
665 2473 872 2514 caliginosum
903 2485 936 2505 a-

211 2521 235 2538 “
251 2519 452 2560 perientibus,
475 2532 533 2553 nec
554 2523 669 2554 diurno
694 2524 790 2554 sole.'’
834 2525 938 2555 Locus

211 2575 259 2601 est
273 2577 385 2601 ornatu
404 2573 578 2610 verborum,
601 2584 636 2604 ac
651 2575 846 2614 proprietate,
868 2586 938 2615 per-

209 2624 405 2655 fectissimus.
452 2626 558 2665 Maro,
585 2627 663 2658 AEn.
679 2628 722 2659 iii.
743 2632 815 2659 203.
837 2635 939 2668 partes

211 2675 362 2713 secundas
391 2676 508 2717 optime
533 2678 686 2718 tractabit,
716 2684 748 2710 et
775 2679 940 2711 illustrabit

213 2732 371 2759 nostrum:

240 2805 304 2829 Tris
313 2805 392 2835 adeo,
406 2804 523 2830 incertos
533 2805 609 2830 caeea
620 2805 743 2838 caligine,
755 2807 822 2832 soles

241 2844 367 2870 Erramus
377 2844 488 2877 pelag03
506 2845 622 2871 totidem
633 2845 689 2871 sine
698 2845 782 2872 sidere
793 2849 896 2872 noctes.

254 2914 331 2948 Ver.
347 2919 396 2950 12.
417 2918 603 2959 tranquillo.-
628 2921 664 2950 Δ.
679 2918 861 2959 tranquilla,
882 2925 940 2957 pro

969 892 1031 913 var.
1046 881 1115 912 lect.
1130 880 1221 911 male.

973 937 986 964 1
991 936 1041 964 27.

1267 880 1463 910 Mantuanus
1486 880 1547 918 ille,
1573 881 1649 913 AEn.
1665 891 1692 914 v,

1121 1010 1266 1043 Tranquillo
1279 1010 1414 1036 silet—z

968 1086 990 1118 i.
1009 1097 1037 1117 e.
1060 1087 1095 1116 in
1109 1088 1334 1127 tranquillitate
1348 1087 1458 1127 pelagi.
1503 1087 1627 1119 Pariter
1642 1089 1696 1120 alii

968 1148 1196 1178 saepenumero:
1225 1138 1279 1169 sed
1293 1139 1451 1179 appositus
1473 1145 1518 1168 est
1538 1139 1573 1169 in
1588 1140 1696 1179 primis

969 1190 1085 1221 Lucilii
1114 1191 1294 1227 versiculus,
1325 1198 1420 1231 quem
1451 1190 1626 1221 Lambinus
1657 1202 1696 1223 ex

971 1242 1090 1279 Nonio,
1114 1242 1154 1272 iv.
1170 1245 1243 1272 415.
1265 1241 1305 1272 ad
1331 1241 1514 1273 Lucretium
1538 1241 1696 1274 illustran-

969 1292 1048 1323 dum
1062 1292 1232 1324 transtulit:

972 1379 1106 1411 Quodque
1116 1384 1145 1405 te
1155 1379 1182 1404 in
1194 1379 1361 1412 tranquillum
1371 1385 1405 1404 ex
1415 1379 1493 1405 saevis
1501 1379 1629 1406 transfert
1638 1382 1698 1406 tem-

1061 1418 1210 1450 penatibus.

974 1501 1084 1535 Quum
1105 1511 1178 1532 vero
1199 1507 1304 1533 noster
1327 1502 1555 1542 philosophiam
1569 1503 1700 1543 Epicuri

971 1553 1227 1591 tranquillitatem
1254 1553 1379 1591 vocitet,
1414 1553 1488 1584 huic
1526 1554 1701 1594 disciplinae

971 1601 1179 1633 rectissimum
1211 1613 1329 1633 nomen
1365 1604 1482 1642 posuit:
1524 1605 1702 1636 committas

972 1653 1059 1682 enirn
1069 1653 1101 1683 ii.
1115 1657 1246 1685 15—37.
1256 1655 1300 1685 iii.
1312 1658 1362 1685 24.
1378 1665 1452 1685 cum
1464 1655 1605 1696 gemellis
1615 1656 1702 1688 locis.

973 1703 1095 1734 Pariter
1108 1705 1304 1742 Plutarchus,
1320 1705 1430 1744 philos.
1445 1716 1511 1736 esse
1526 1717 1600 1737 cum
1615 1708 1702 1747 prin-

970 1755 1102 1794 cipibus,
1122 1766 1152 1794 p.
1168 1758 1239 1787 778.
1255 1757 1294 1787 B.
1321 1762 1377 1787 Και
1400 1771 1443 1788 τοι
1466 1763 1616 1800 Επικερος,
1641 1763 1700 1791 Ta}-

975 1808 1062 1846 ’γιέον
1077 1819 1102 1837 εν
1118 1820 1160 1847 τῳ
1175 1808 1335 1847 βαθυτατῳ
1351 1821 1402 1841 τῆς
1426 1809 1561 1848 &fuglam
1589 1810 1624 1844 ὣς
1652 1823 1703 1852 περ

976 1871 1000 1889 εν
1016 1866 1158 1899 anavus-0¹³1
1176 1866 1268 1899 λιμενι
1291 1873 1342 1890 zm
1367 1867 1465 1900 κωφῳ,
1492 1862 1637 1900 τιθεμένας,
1664 1875 1701 1894 τε

976 1923 1006 1941 ευ
1021 1922 1149 1951 varzen
1165 1925 1198 1941 ‘ro
1217 1924 1245 1942 ευ
1259 1924 1345 1942 ‘rotem
1361 1924 1378 1942 8
1393 1925 1472 1951 μανον
1488 1919 1621 1949 καλλιον,
1644 1921 1702 1944 αλ-

976 1968 1019 1991 λα
1035 1975 1085 1991 και
1099 1961 1181 1999 ἥδιον,
1208 1975 1272 1992 mm
1297 1970 1372 2002 φησι.
1417 1963 1461 1992 Et
1485 1963 1528 1993 sic
1554 1964 1704 1995 divinitus

976 2012 1145 2043 Nazaraeus
1160 2013 1224 2051 ille,
1247 2014 1337 2053 cujus
1353 2014 1390 2055 S„
1399 2014 1501 2044 Lucas
1515 2023 1704 2056 praeceptum

975 2063 1116 2102 tradidit,
1138 2063 1179 2094 ad
1194 2070 1264 2095 actt.
1279 2070 1388 2104 apostt.
1411 2075 1462 2095 xx.
1480 2069 1531 2097 55.
1554 2068 1644 2098 nobis
1665 2069 1704 2099 il-

974 2114 1144 2144 lustratum
1160 2115 1194 2144 in
1212 2115 1285 2145 Silv.
1303 2115 1377 2146 Crit.
1394 2116 1433 2146 iv.
1448 2126 1477 2155 p.
1492 2120 1560 2149 119.
1577 2124 1607 2148 et
1623 2129 1702 2160 seqq.

980 2171 1018 2197 ut
1032 2167 1090 2196 hoc
1105 2166 1139 2196 in
1154 2172 1333 2197 transcursu
1347 2176 1503 2198 moneam.

981 2222 1149 2257 Caeterum,
1169 2231 1226 2260 pro
1239 2223 1358 2257 locavit,
1374 2221 1588 2252 vetustissimae
1602 2233 1703 2254 mem·

978 2274 1084 2304 branae
1110 2273 1148 2303 L.
1179 2273 1227 2303 Μ.
1251 2275 1383 2304 vocavit:
1419 2282 1516 2313 quam
1540 2272 1705 2306 lectionem

979 2324 1087 2355 minus
1101 2324 1247 2355 idoneam
1263 2323 1332 2354 loco
1346 2323 1490 2353 dixerim.

1023 2383 1096 2414 Ver.
1116 2387 1162 2414 13.
1188 2383 1312 2424 Confer:
1338 2383 1382 2412 V.
1399 2382 1446 2413 ed.
1469 2384 1546 2414 Cum
1559 2383 1628 2424 fit;
1649 2395 1706 2424 pro

983 2438 1058 2467 Cum
1063 2436 1136 2476 fer:
1163 2445 1238 2465 nam
1252 2434 1420 2474 saepissime
1436 2445 1490 2465 con
1507 2440 1538 2465 et
1551 2445 1620 2466 cum
1635 2446 1706 2476 per-

979 2492 1102 2518 mutata
1115 2488 1386 2517 sunu—aliorum:
1412 2486 1452 2516 B.
1469 2488 1600 2518 illorum.
1623 2488 1706 2518 Ver-

981 2548 1034 2569 sus
1047 2538 1169 2578 integer
1183 2537 1268 2567 deest
1284 2542 1320 2569 Σ.

1024 2601 1100 2631 Ver.
1118 2603 1165 2630 14.
1177 2600 1307 2641 fruges:
1332 2598 1706 2642 L.srugesque.—Liber-

981 2663 1053 2692 que.-
1079 2652 1122 2681 V.
1138 2651 1186 2682 ed.
1201 2652 1285 2681 liber.

1025 2701 1107 2733 Ibid.
1134 2703 1263 2743 liquoris
1295 2702 1430 2741 Viligenz'
1455 2702 1588 2733 laticem.
1631 2702 1707 2734 Non

982 2754 1165 2785 absimiliter
1187 2753 1241 2784 ine
1262 2753 1360 2784 nostri
1381 2759 1512 2784 sectator
1535 2753 1706 2791 Arnobius.

981 2804 1002 2835 i.
1017 2816 1046 2845 p.
1063 2809 1092 2836 2.
1115 2808 1138 2824 “
1156 2804 1254 2844 Sapor
1263 2804 1413 2846 frugibus
1427 2804 1601 2845 esculentis,
1617 2811 1649 2836 et
1661 2808 1707 2837 υἱ-

983 2860 1006 2877 “
1020 2859 1077 2889 teis
1094 2858 1271 2899 liquoribus,
1293 2862 1433 2888 mutatus
1447 2856 1537 2889 est?”

1026 2916 1108 2949 Ibid.
1142 2919 1228 2950 Ceres
1248 2916 1358 2958 fertur
1382 2916 1496 2959 fruges
1530 2917 1708 2949 mortalibus
