1926 3224
563 273 795 322 LIBER
845 269 1203 330 QUINTUS.

1550 275 1611 316 39

256 407 532 456 Deminuunt‚
552 406 757 461 radiisque
777 412 964 446 retexens
984 401 1176 443 aetherius
1197 399 1274 450 sol;

259 480 432 531 Partim,
453 479 566 536 quod
585 479 722 520 subter
742 492 816 533 per
835 486 963 518 terras
983 475 1138 516 diditur
1153 473 1326 515 omneis:

143 555 227 596 270
260 554 497 596 Percolatur
516 554 625 594 enim
645 554 771 600 virus,
793 559 986 604 retroque
1007 556 1193 590 remanat

259 628 454 669 Materies
473 626 671 674 humoris,
695 632 735 665 et
756 623 809 665 ad
829 630 952 678 caput
972 622 1161 663 amnibus
1181 622 1315 662 omnis

153 787 188 817 Εξ
200 785 215 811 ἑ
225 792 267 819 περ
278 792 368 812 παντες
382 793 504 817 ποτωμοι,
519 793 566 809 και
579 791 656 809 emera
670 783 816 812 θαλασσα,

155 835 205 858 Και
215 840 299 858 mmm
310 842 407 867 κρῆναι,
428 842 475 858 mu
486 839 593 867 opum-a
602 841 709 866 μακρα,
729 840 822 857 vocemv-

117 899 161 930 At
175 898 260 940 legit,
285 900 325 937 Εξ
339 900 356 930 ἐν
372 904 433 935 ΔΗ,
455 897 650 938 Theophilus
671 898 713 928 ad
737 897 839 934 Auto-

114 949 228 990 lycum.
273 949 361 980 Hinc
382 949 520 989 pendent
542 948 732 990 cognomina
753 948 839 988 Nep-

116 1001 197 1038 tuni,
221 1010 291 1041 quae
306 1001 483 1036 Phurnuto,
506 1000 546 1030 de
571 1006 634 1030 nat.
666 999 748 1030 deor.
775 1009 840 1039 cap.

115 1055 167 1083 22.
181 1058 394 1083 recensentur:
422 1058 549 1093 Λεγεται
571 1052 599 1083 δε
623 1064 702 1094 πωροι
719 1065 775 1082 enm
792 1065 841 1082 και

116 1108 316 1143 Νυμφαγετης
355 1104 389 1144 (i.
416 1114 442 1133 e.
466 1105 658 1144 lympharum
686 1102 842 1143 antistes),

117 1168 167 1185 και
185 1159 328 1196 Κρηνεχος
352 1155 504 1196 (fontium
517 1154 693 1194 possessor),
715 1153 761 1185 δια
787 1167 842 1188 τας

117 1216 307 1247 προειρημενας
324 1219 429 1240 ato-mg.
456 1212 574 1246 Νυμφαι
590 1219 648 1248 γαρ
665 1219 726 1237 sum
741 1207 773 1236 αἱ
788 1219 844 1237 των

119 1269 248 1297 voe-apem
264 1259 369 1300 (forte,
383 1265 614 1290 ΠΟΤΑΜΙΩΝ·
631 1259 687 1289 etsi
699 1258 779 1289 nihil
790 1269 842 1288 va-

119 1308 201 1339 rient
216 1310 382 1340 Anecdota
399 1311 510 1342 Graeca
525 1310 709 1350 Villoisoni)
735 1310 844 1342 §zm-as,

119 1373 268 1400 πῆγαι-.
306 1362 395 1392 Hinc
410 1368 517 1392 autem
532 1372 720 1402 progressus,
737 1362 777 1392 ad
793 1362 842 1391 in-

119 1410 292 1442 dubitatam
307 1412 498 1452 panegyrici,
520 1413 559 1442 ab
574 1418 701 1441 auctore
717 1413 843 1449 incerto,

122 1463 256 1493 Maxim.
282 1469 314 1494 et
340 1464 502 1495 Constant.
526 1463 788 1502 emendationem,
811 1464 846 1494 ni

122 1513 221 1549 fallor,
239 1520 444 1553 perventurus
457 1524 538 1549 sum,
555 1519 626 1544 sect.
641 1514 691 1544 vii.
708 1518 737 1544 6.
762 1517 784 1532 ‘⁶
801 1514 848 1544 Ut

122 1568 146 1582 “
162 1565 248 1594 enim
262 1564 326 1602 ille,
345 1565 400 1606 qui
415 1575 524 1596 omnes
539 1574 635 1604 aquas
649 1564 726 1594 coelo
741 1569 772 1594 et
786 1570 846 1594 ter-

121 1619 144 1635 “
161 1616 205 1645 ris
218 1618 345 1655 praebet,
374 1616 520 1646 Oceanus
543 1625 665 1655 semper
686 1621 791 1646 tamen
814 1616 848 1646 in

121 1668 292 1709 “fontibus
307 1669 372 1699 suis
385 1674 469 1699 totus
485 1675 546 1706 est;
567 1669 612 1699 ita
627 1675 664 1699 tu
685 1675 773 1708 potes
788 1670 847 1700 im—

121 1721 144 1737 “
160 1719 295 1758 perium,
319 1719 531 1751 Maximiane!
560 1719 688 1756 donare,
711 1731 776 1750 non
791 1731 847 1760 po-

122 1773 147 1790 “
161 1775 208 1801 tes
222 1781 288 1801 non
302 1771 448 1802 habere.”
487 1771 568 1807 Quae
583 1777 657 1802 sunt
670 1781 742 1802 vere
758 1782 847 1813 mag-

123 1820 224 1852 nifica.
250 1822 402 1853 Scribitur
416 1822 450 1852 in
465 1822 567 1861 editis,
588 1824 716 1854 motibus
722 1837 734 1858 ;
764 1823 848 1864 quod

123 1871 216 1902 facile
231 1872 322 1903 fluxit
337 1873 525 1914 exfotibzcs:
550 1873 658 1904 redeas
681 1874 721 1904 ad
741 1874 761 1905 i.
778 1878 850 1906 291.

126 1927 219 1955 1084.
259 1924 440 1955 Consimilis
467 1925 555 1956 locus
580 1931 637 1964 est,
660 1932 691 1956 et
713 1926 850 1965 pulcher,

124 1982 157 2010 et
185 1978 353 2016 appositus,
382 1979 418 2008 in
447 1979 558 2009 Pacati
587 1988 697 2019 paneg.
727 1979 847 2012 Theod.

127 2027 213 2068 Aug.
231 2028 324 2059 xxvii.
340 2032 369 2060 5.
386 2033 408 2048 “
422 2029 517 2065 Nam,
534 2040 635 2070 quum
648 2029 730 2061 intra
745 2030 850 2070 ipsum

124 2081 148 2097 “
163 2077 327 2110 volvantur
341 2080 457 2117 onmia,
474 2086 516 2118 et,
536 2086 573 2111 ut
587 2080 651 2119 ille,
667 2081 723 2121 qui
738 2088 850 2113 cuncta

124 2133 148 2149 ‘²
163 2131 270 2168 ambit,
300 2142 446 2170 oceanus,
477 2143 556 2172 quas
583 2133 723 2174 suggerit
755 2144 851 2174 aquas

126 2185 150 2202 “
164 2183 265 2223 terris,
286 2184 396 2224 recipit
411 2195 428 2215 e
442 2185 540 2221 terris,
562 2185 613 2222 ita,
639 2184 794 2226 quidquid
816 2187 850 2217 in

125 2236 148 2252 ‘⁵
163 2233 246 2264 cives
274 2241 382 2266 manat
410 2247 430 2267 a
457 2235 607 2275 principe,
637 2236 792 2268 redundat
816 2238 850 2268 in

127 2286 150 2302 “
166 2284 354 2325 principem3
380 2292 411 2317 et
424 2287 470 2318 rei
492 2293 522 2317 et
537 2287 630 2318 famae
643 2289 722 2318 bene
738 2299 851 2319 consu-

127 2338 150 2354 “
166 2334 204 2365 lit
217 2338 384 2368 munificus
404 2338 604 2378 imperator.‘’
650 2340 716 2376 Qui
737 2343 850 2371 redun-

128 2389 177 2417 det
190 2386 294 2428 legere
308 2389 476 2427 voluerint,
500 2391 765 2421 constructionem
787 2402 852 2422 ver—

128 2440 242 2469 borum
270 2440 354 2470 haud
382 2443 478 2481 probe
515 2448 707 2482 perspectam
735 2444 853 2474 habue-

129 2498 220 2529 runt;
245 2501 351 2532 quam,
381 2499 488 2532 utpote
518 2495 763 2536 exquisitiorem,
793 2506 858 2527 non

129 2542 248 2583 pigebit
263 2542 365 2574 fusius
379 2543 545 2576 declarare:
573 2549 596 2564 “
614 2547 698 2576 Nam
719 2547 855 2588 impera-

110 2602 113 2604 ·
129 2597 155 2612 “
170 2599 230 2631 tor,
246 2604 346 2634 quum
357 2595 464 2626 omnia
474 2596 637 2627 volvantur
645 2597 727 2628 intra
738 2597 854 2637 ipsum,

130 2647 153 2662 “
169 2645 249 2675 bene
265 2646 400 2676 consulit
413 2652 445 2678 et
466 2647 511 2677 rei
533 2653 564 2678 ct
585 2648 693 2679 samae:
718 2654 749 2679 et
764 2649 807 2679 ita
822 2652 854 2680 id

131 2699 153 2715 “
170 2698 324 2729 redundat
335 2699 369 2729 in
385 2699 567 2739 principem,
584 2700 735 2742 quidquid
745 2707 854 2732 manat

130 2751 153 2767 ‘⁵
169 2759 188 2779 a
203 2749 350 2790 principe,
373 2756 410 2781 ut
426 2752 648 2783 Oceanus—.''

172 2800 248 2834 Ver.
263 2805 334 2833 270.
357 2804 553 2834 Per-colatur:
574 2810 618 2835 Ω.
631 2806 854 2836 Percolitur.—

129 2853 230 2883 virus.-
257 2853 296 2884 V.
323 2854 371 2885 ed.
399 2861 440 2885 Π.
462 2857 558 2886 virtus
564 2869 575 2891 ;
605 2855 731 2892 nescias
753 2866 794 2886 an
815 2866 854 2886 cx

129 2902 245 2942 glossa:
263 2916 340 2937 nam
353 2908 437 2938 virus
450 2912 496 2938 est
509 2909 605 2939 virtus
617 2909 770 2939 naturalis
785 2907 853 2938 No-

128 2955 195 2994 nio,
211 2956 242 2989 ii.
260 2958 421 2991 915.--0.
436 2963 473 2992 Δ.
488 2961 590 2998 ἐπέπιες
615 2959 662 2992 uti
678 2959 778 2993 solent
792 2959 854 2992 ele·

169 3015 201 3044 V
203 3026 222 3046 o
229 3026 258 3049 L.
276 3018 346 3050 ΙΙΙ.

880 791 988 816 menta
1002 796 1019 815 r
1034 789 1064 814 et
1078 789 1089 815 t
1107 780 1293 822 permutari:
1322 780 1392 812 vide
1407 781 1607 813 Drakenbor-

882 837 1002 875 chium,
1025 835 1065 866 ad
1078 835 1147 865 Liv.
1162 845 1189 865 v,
1213 836 1263 866 55.
1281 837 1311 864 5.
1335 839 1366 864 et
1387 833 1608 865 alias—retro·

883 900 956 929 que:
983 888 1024 919 V.
1041 887 1089 918 ed.
1104 893 1243 926 utroque.

928 947 1010 978 Ibid.
1035 949 1215 979 Percolatur
1241 947 1342 976 virus.-
1379 943 1488 975 redeas
1514 944 1554 975 ad
1579 945 1610 976 ii.

886 1002 1064 1031 473—477.
1113 998 1190 1029 Huc
1211 996 1351 1029 multum
1371 996 1447 1027 facit
1467 997 1613 1038 egregius

885 1050 973 1081 locus
990 1050 1127 1087 Senecae,
1149 1054 1180 1079 et
1200 1058 1307 1079 coram
1328 1049 1404 1088 poni
1423 1048 1524 1086 debet,
1548 1054 1611 1079 nat.

886 1107 993 1144 quaest.
1011 1101 1053 1132 iii.
1070 1104 1099 1132 5.
1122 1110 1180 1130 nee
1202 1099 1320 1130 ibidem
1342 1109 1407 1130 non
1421 1099 1536 1140 dignus
1557 1106 1613 1136 est,

886 1153 940 1195 qui
955 1153 1148 1191 consulatur,
1165 1152 1202 1182 L.
1218 1150 1403 1182 Fromondii
1419 1157 1612 1181 commenta-

886 1206 965 1236 rius:
993 1209 1016 1224 “
1033 1204 1172 1241 Quidam
1191 1203 1344 1244 judIcant‚
1371 1208 1497 1238 terram,
1519 1202 1611 1242 quid-

889 1262 911 1277 “
926 1257 1002 1298 quid
1016 1267 1169 1297 aquarum
1186 1255 1302 1294 emisit,
1317 1264 1442 1284 rursum
1459 1254 1612 1293 accipere:

888 1312 909 1328 “
926 1315 957 1339 et
981 1310 1021 1339 ob
1045 1309 1105 1338 hoc
1131 1307 1232 1337 maria
1257 1316 1321 1336 non
1347 1315 1493 1341 crescere,
1527 1305 1613 1345 quia,

888 1363 912 1379 “
926 1359 1010 1401 quod
1024 1358 1161 1397 influxit,
1176 1368 1241 1388 non
1254 1357 1289 1387 in
1302 1367 1396 1387 suum
1406 1361 1543 1394 vertunt,
1559 1356 1614 1386 sed

889 1416 911 1430 “
927 1412 1070 1451 protinus
1099 1410 1245 1441 reddunt.
1292 1408 1425 1439 Occulto
1451 1408 1537 1438 enim
1562 1408 1613 1437 iti-

890 1466 913 1481 “
929 1473 1002 1492 nere
1017 1462 1100 1492 subit
1113 1467 1220 1498 terras,
1243 1466 1275 1490 et
1289 1460 1393 1499 palam
1408 1459 1500 1495 venit,
1516 1469 1614 1490 secre-

891 1517 913 1532 “
929 1519 961 1543 to
990 1513 1161 1548 revertitur,
1201 1513 1375 1551 colaturque
1405 1513 1438 1541 in
1469 1513 1614 1547 transitu,

892 1567 915 1582 “
930 1574 1031 1594 mare.-
1057 1562 1153 1603 quod,
1175 1572 1229 1600 per
1244 1561 1431 1600 multiplices
1446 1561 1618 1592 amfractus

892 1618 915 1633 ‘⁵
932 1621 1083 1644 terrarum
1095 1615 1301 1650 verberatum,
1312 1614 1551 1642 amaritudinem
1558 1623 1616 1651 po-

893 1669 916 1683 “
931 1667 990 1702 nit,
1014 1671 1044 1694 et
1067 1664 1247 1703 pravitatem
1266 1663 1382 1702 saporis
1402 1662 1436 1692 in
1459 1661 1546 1693 tanta
1559 1662 1617 1692 soli

894 1718 917 1734 “
931 1716 1077 1746 varietate
1092 1716 1189 1754 exuit,
1211 1722 1242 1746 et
1266 1717 1299 1745 in
1326 1716 1479 1746 sinceram
1501 1726 1616 1756 aquam

893 1770 915 1785 “
931 1767 1070 1797 transit.”
1099 1768 1121 1798 J
1124 1778 1176 1797 am
1185 1777 1259 1797 vero
1274 1767 1418 1797 secundae
1433 1768 1551 1806 periodi
1566 1768 1615 1798 in-

892 1817 985 1847 itium
1007 1818 1128 1848 videtur
1149 1818 1255 1848 hiante
1277 1817 1442 1853 structura,
1466 1823 1497 1848 et
1518 1818 1617 1848 verbis

894 1879 959 1899 esse
974 1869 1172 1900 conturbatis.
1219 1869 1269 1899 Sic
1283 1868 1362 1899 forte
1384 1867 1545 1898 scribenda
1560 1875 1617 1907 est,

894 1928 986 1962 atque
1010 1921 1044 1950 in
1070 1921 1213 1951 ordinem
1234 1920 1417 1950 revocanda:
1445 1923 1467 1938 “
1485 1919 1620 1950 Occulto

893 1979 915 1994 ‘⁶
931 1975 1018 2006 enim
1046 1974 1157 2004 itinere
1186 1974 1269 2005 subit
1297 1979 1404 2011 terras,
1442 1978 1474 2003 et
1503 1972 1618 2012 palam,

893 2031 916 2046 “
931 2029 1013 2059 venis
1028 2028 1162 2065 secretis,
1184 2026 1358 2064 revertitur,
1383 2024 1564 2066 colaturque
1586 2025 1621 2055 in

894 2082 917 2098 “
932 2079 1076 2117 transitu,
1099 2079 1216 2109 mare.''
1264 2078 1434 2115 Caeterum,
1462 2082 1619 2108 transcur-

892 2136 1006 2168 rentes,
1028 2136 1224 2160 controverso
1248 2128 1387 2159 Minucii
1409 2127 1521 2158 Felicis
1543 2128 1620 2163 loco,

894 2189 964 2213 sect.
980 2185 1031 2212 54.
1047 2181 1235 2211 medicinam
1252 2181 1419 2211 faciamus:
1435 2183 1455 2198 “
1469 2179 1620 2210 Fontium

895 2237 917 2253 “
934 2233 1042 2264 dulces
1056 2243 1152 2274 aquas
1174 2232 1273 2263 maria
1286 2232 1417 2268 nutrire,
1439 2230 1473 2260 in
1489 2230 1554 2260 vim
1570 2230 1618 2271 ig-

896 2290 918 2305 “
934 2285 983 2316 nis
997 2286 1198 2322 abumarum,
1225 2284 1335 2314 Sto'icis
1354 2289 1498 2314 constans
1514 2282 1620 2321 opinio

895 2342 918 2358 ‘⁶
934 2338 1006 2369 est.‘’
1037 2337 1158 2377 Vulgo,
1179 2338 1344 2367 abiturum.
1377 2334 1443 2365 Alii
1459 2333 1549 2364 aliter
1563 2345 1621 2374 ag-

896 2389 991 2431 gressi
1005 2395 1091 2419 sunt:
1110 2387 1296 2418 facillimum
1312 2392 1358 2417 est
1371 2391 1532 2416 tentamen
1547 2395 1620 2415 nos-

898 2447 982 2472 trum
988 2453 998 2479 ;
1019 2446 1051 2471 et
1066 2439 1203 2480 syllabae,
1224 2448 1319 2479 quam
1334 2436 1536 2474 restituimus,
1555 2436 1623 2476 jac-

901 2498 971 2523 tura
1000 2491 1033 2521 in
1058 2490 1185 2530 proclivi
1214 2489 1306 2519 stetit.
1351 2487 1491 2518 Accedat
1518 2487 1624 2525 etiam,

902 2543 986 2575 unde
1000 2545 1066 2573 haec
1081 2543 1192 2572 hausta
1207 2542 1280 2579 sint,
1297 2539 1489 2576 Aristoteles,
1506 2539 1539 2569 in
1554 2549 1622 2569 me-

898 2601 971 2625 teor.
987 2595 1021 2625 ii.
1038 2598 1067 2624 2.
1090 2588 1130 2624 ad
1145 2603 1239 2634 quem
1262 2591 1435 2622 Lambinus
1449 2591 1534 2630 prior
1549 2601 1621 2630 pro-

897 2646 1031 2677 vocavit:
1059 2651 1171 2676 Tam-rou
1186 2644 1208 2675 δ’
1225 2646 1282 2675 ὃθεν
1298 2650 1378 2674 αλλα
1393 2651 1523 2683 panso-at
1540 2655 1625 2681 σωμα

897 2710 1018 2737 >semeron
1033 2698 1267 2739 aSpoom—-xZ-nv
1283 2707 1316 2726 ‘ro
1329 2707 1380 2728 της
1392 2695 1556 2727 Souka-rvris
1571 2705 1624 2733 με·

899 2752 988 2790 γεέος·
1006 2761 1039 2779 «το
1055 2761 1112 2789 ’γαρ
1135 2761 1190 2778 των
1207 2758 1354 2786 voratam,
1378 2746 1422 2776 εἰτ’
1450 2747 1550 2786 (Aptior,
1576 2755 1625 2774 ετε

899 2815 1045 2842 σιτασιμον,
1075 2802 1148 2832 αλλ’
1175 2801 1210 2835 ὦς
1239 2812 1401 2840 γιγνομενον
1424 2811 1466 2830 asa
1496 2806 1629 2838 φαινεται

898 2854 964 2885 καθ’
978 2856 1088 2896 impar.
1134 2857 1179 2884 Εκ
1195 2865 1307 2887 ‘rav-rm
1322 2851 1350 2883 δε
1361 2865 1413 2885 της
1429 2863 1559 2891 ατοριας,
1576 2862 1626 2880 και

898 2921 977 2950 αρχη
994 2920 1049 2938 των
1072 2907 1160 2947 ὖγρων
1182 2904 1266 2944 &oga
1288 2918 1364 2942 emm,
1387 2917 1437 2934 και
1460 2915 1498 2934 «τε
1519 2914 1627 2935 παντος

900 2958 1015 2999 Raros,
1039 2958 1055 2992 ἧ
1071 2959 1233 2991 θαλαττα·
1252 2955 1292 2989 δι’
1314 2957 1326 2988 ὃ
1341 2968 1391 2988 και
1407 2966 1459 2991 τες
1475 2963 1623 2994 veranus,

865 3017 898 3049 D
