1926 3224
280 241 372 280 ‘202

764 227 824 280 T.
871 215 1249 281 LUC'RETII

421 363 534 420 Ignis
555 362 624 403 ubi
644 361 843 417 ingenteis
863 362 991 419 sylvas
1012 362 1158 404 ardore
1178 370 1377 404 cremarat

420 435 637 477 Montibus
656 435 700 475 in
720 435 879 492 magnis
886 453 898 485 ;
931 451 1000 477 seu
1021 435 1112 477 coeli
1131 435 1298 477 fulmine
1317 437 1455 478 misso:

421 509 514 550 Sive
533 508 661 564 quod,
691 509 798 550 inter
817 525 860 550 se
879 510 1029 551 bellum
1049 511 1238 566 sylvestre
1256 519 1456 568 gerenteS,

281 587 386 623 1245
420 582 623 623 Hostibus
643 583 866 625 intulerant
885 584 1039 641 ignem,
1064 584 1294 625 formidinis
1313 600 1431 641 ergo3

421 656 516 697 Sive
535 656 663 712 quod,
694 657 874 699 inductei
894 667 1015 700 terrae
1033 659 1231 709 bonitate,
1262 659 1452 699 volebant

420 729 610 771 Pandere
629 746 748 787 agros
767 732 970 789 pingueis‚
1002 741 1042 775 et
1061 748 1212 788 pascua
1231 733 1402 774 reddere
1422 747 1535 782 rura3

420 804 515 845 Sive
533 803 638 844 feras
657 804 900 855 interficere,
932 814 973 847 et
992 807 1187 848 ditescere
1205 807 1361 862 praeda:

420 876 530 917 Nam
549 876 680 927 fovea,
713 887 834 934 atque
854 880 956 936 igni,
987 882 1099 936 prius
1120 890 1178 923 est
1197 882 1382 922 venarier
1402 889 1554 930 ortum,

282 953 388 989 1250
420 949 559 999 Quam
581 952 872 1010 saepireplagis
893 954 1054 1005 saltum,
1087 956 1335 1010 canibusque
1355 955 1472 995 ciere.

476 1024 691 1081 Quidquid
711 1026 754 1067 id
773 1036 848 1078 est,
871 1028 1159 1085 quziquomque
1179 1044 1231 1070 ex
1251 1027 1390 1069 caussa
1409 1027 1620 1067 flammeus
1641 1024 1764 1067 ardor

435 1195 535 1222 radices
543 1196 685 1222 immersus
695 1198 782 1223 tendit
794 1199 820 1223 in
837 1199 903 1223 imas

274 1234 344 1266 Ignis
355 1235 425 1259 edax
437 1235 556 1267 penitus;
573 1240 681 1267 sumpto
693 1243 746 1268 quo
756 1237 828 1261 victa
838 1238 926 1262 calore

271 1277 357 1301 Terra
366 1283 424 1300 suas
434 1277 528 1308 pandit
539 1283 664 1308 generosa
674 1278 708 1301 ad
719 1284 831 1302 munera
842 1285 962 1302 venas—.

272 1317 340 1340 Mox
352 1316 408 1342 fieri
418 1316 506 1347 liquor
515 1317 626 1347 incepit,
636 1317 752 1347 rivisque
763 1317 872 1342 metalla

272 1355 395 1380 Fundere
413 1362 530 1386 quaeque
551 1355 615 1379 suis:
643 1355 718 1380 fulvo
737 1355 800 1380 hinc
816 1359 937 1381 torrente
954 1363 999 1382 co-

334 1398 422 1418 fuscat

271 1433 336 1458 Auri
346 1440 467 1457 summus
477 1433 575 1457 honos:
595 1434 722 1458 candenti
733 1434 803 1459 lacte
814 1435 946 1466 renidens,

271 1473 359 1497 Effluit
371 1477 530 1505 argentum3
548 1473 619 1504 rigor
629 1474 690 1498 aeris
704 1474 819 1499 lubricus
826 1479 908 1505 errat,

271 1511 303 1536 Et
315 1512 362 1536 coit
373 1513 399 1536 in
411 1512 520 1537 mollem
533 1512 650 1538 resoluto
661 1519 774 1545 corpore
784 1520 908 1538 massam.

271 1586 322 1616 Ita
338 1597 443 1618 versus
463 1587 634 1628 castigandi
654 1593 744 1626 sunt;
768 1588 873 1630 vulgo,
898 1591 998 1629 Em'it,

268 1645 331 1669 tota
360 1641 456 1680 sylva,
485 1646 517 1670 et
545 1642 636 1681 cogit.
683 1641 860 1672 Lambinus
893 1648 999 1672 autem

269 1696 444 1730 opportune
469 1691 545 1722 citat
573 1692 782 1728 Aristotelem,
813 1705 872 1735 περι
901 1695 998 1733 Savu-

272 1754 387 1781 ακυσμ.
411 1752 440 1781 p.
458 1746 528 1773 102.
551 1742 598 1773 ed.
623 1743 795 1784 Sylburgii:
823 1749 861 1774 Eu
876 1757 913 1786 τῃ
933 1745 997 1777 16η-

268 1806 312 1832 ριᾳ
340 1799 453 1831 myrtea.
488 1806 542 1823 »rm
571 1793 675 1834 δρυμων
705 1796 914 1836 εμτρησθεντω
944 1795 999 1826 ὑπο

271 1856 350 1873 «τινων
367 1856 511 1882 ragusium»,
538 1858 588 1875 και
615 1858 667 1878 τῆς
684 1858 739 1884 γης
755 1843 996 1887 διαθερμανθεισης

270 1895 325 1924 ὑπο
352 1908 403 1928 της
432 1895 514 1932 ὕλης,
542 1903 659 1937 φαιερως
687 1910 798 1938 αργυρῳ
825 1899 919 1938 §wem
946 1912 997 1932 ‘rm

269 1958 417 1984 χωραν-.
464 1946 631 1976 Creechius
652 1946 778 1986 insuper
793 1949 872 1978 bene
886 1959 995 1987 provo-

268 2002 318 2026 cat
347 1996 386 2026 ad
414 1996 555 2027 Strabon.
581 1997 634 2027 lib.
661 1997 703 2027 iii.
727 2009 756 2036 p.
782 2002 852 2029 147.
882 2001 996 2030 Athen.

269 2046 371 2085 deipn.
393 2047 431 2077 vi.
455 2050 483 2077 4.
506 2058 535 2086 p.
553 2051 623 2078 255.
647 2054 677 2078 et
701 2049 937 2088 Havercampus
959 2050 998 2081 ad

270 2097 425 2135 Servium,
441 2098 582 2128 Lucretii
599 2109 784 2138 memorem,
805 2100 839 2129 in
855 2101 929 2131 AEn.
945 2101 997 2132 xii.

268 2152 319 2178 87.
342 2148 394 2189 qui
420 2148 545 2179 videndi
574 2156 659 2188 sunt,
682 2161 722 2180 ne
745 2161 803 2181 nos
817 2151 886 2190 plus
907 2162 997 2193 aequo

267 2199 379 2238 prolixi
395 2199 500 2230 simus.

313 2259 384 2289 Ver.
408 2263 498 2291 1245.
523 2262 692 2292 intuleram
711 2263 820 2301 ignem.
860 2261 910 2292 Sic
923 2261 994 2292 Vir-

268 2311 373 2351 gilius,
392 2311 467 2341 AEn.
484 2311 523 2341 ix.
540 2315 612 2342 522.

463 2389 606 2415 fumiferos
617 2390 695 2423 insert
705 2391 855 2416 Mezentius
864 2391 938 2424 igniJ.

312 2467 386 2498 Ver.
406 2471 496 2499 1246.
518 2470 672 2499 volebant:
693 2469 790 2499 vind.
805 2471 997 2500 valebant.—

271 2521 357 2557 Mox,
376 2521 415 2552 V.
431 2522 477 2553 ed.
502 2525 611 2555 redde:
637 2524 656 2554 i.
673 2535 698 2554 e.
723 2527 826 2563 recldff,
853 2525 901 2555 vel
925 2528 994 2556 red-

269 2576 345 2604 dere.

314 2632 386 2663 Ver.
426 2636 516 2664 1247.
548 2644 666 2674 pascua
703 2646 789 2665 rura.
853 2634 994 2672 Plautus,

269 2682 363 2714 Truc.
379 2684 399 2713 i.
416 2686 443 2713 1.
459 2686 509 2715 47.

362 2763 420 2786 Non
432 2769 511 2787 arvus
521 2763 575 2794 hic,
586 2764 632 2790 scd
641 2768 760 2797 pascuus,
771 2767 811 2790 est
821 2772 891 2797 ager.

273 2839 424 2880 Isidorus,
452 2843 550 2883 origg.
566 2854 613 2874 xv.
632 2848 678 2875 15.
705 2849 726 2864 “
744 2847 813 2876 Aut
837 2845 922 2876 enim
945 2857 995 2875 ar-

268 2895 290 2915 ⁶‘
308 2902 361 2922 vus
391 2899 435 2922 est
466 2905 550 2933 ager,
579 2895 611 2925 id
641 2902 695 2932 est,
726 2896 1000 2926 sationalis:-aut

1039 1202 1061 1218 “
1073 1210 1219 1239 pascuus,
1243 1198 1298 1239 qui
1318 1197 1420 1228 herbis
1434 1202 1558 1227 tantum
1573 1202 1605 1226 et
1619 1194 1765 1226 animali-

1040 1253 1063 1268 “
1077 1251 1136 1280 bus
1150 1249 1266 1280 vacat„”

1084 1301 1158 1332 Ver.
1178 1305 1267 1332 1249.
1285 1302 1393 1340 prius.-
1418 1299 1459 1330 V.
1474 1298 1521 1329 ed.
1533 1300 1647 1339 privis:
1673 1304 1704 1328 et
1722 1304 1766 1329 Ω.

1041 1355 1190 1389 ver-ariam
1216 1353 1255 1383 de
1271 1351 1332 1392 qua
1346 1350 1591 1381 commutatione
1606 1349 1767 1379 literarum

1042 1415 1063 1434 n
1079 1409 1109 1433 et
1134 1416 1160 1439 r,
1185 1404 1309 1434 monuit
1325 1401 1608 1437 Drakenborchius,
1635 1401 1675 1431 a'd
1698 1401 1766 1431 Liv.

1043 1455 1104 1485 viii.
1120 1459 1170 1485 21.
1188 1459 1216 1486 5.

1096 1505 1170 1535 Ver.
1208 1508 1301 1536 1250.
1344 1506 1451 1544 saepire
1487 1506 1598 1535 saltum
1631 1505 1768 1535 canibus.

1043 1556 1143 1587 Haud
1159 1555 1332 1596 injucunda
1353 1555 1448 1586 fuerit
1466 1555 1591 1596 Virgilii
1606 1563 1766 1595 compara·

1042 1608 1098 1646 tio,
1119 1608 1158 1638 ad
1174 1608 1229 1638 ecl.
1246 1617 1274 1637 x.
1290 1610 1340 1639 57.

1327 1691 1381 1709 non
1393 1692 1438 1710 me
1448 1685 1502 1709 ulla
1513 1685 1644 1710 vetabunt

1072 1727 1180 1758 Frigora
1190 1726 1343 1751 Parthenios
1353 1725 1456 1750 canibus
1467 1725 1623 1750 circumdare
1631 1725 1722 1751 saltus.

1085 1796 1160 1826 Ver.
1177 1799 1268 1827 1251.
1283 1807 1334 1826 ex:
1360 1795 1404 1825 ita
1419 1803 1459 1826 Π.
1475 1801 1507 1825 et
1520 1795 1655 1834 reposui,
1667 1804 1768 1835 quum

1041 1847 1291 1885 praepositionem
1313 1846 1440 1885 plenam
1460 1845 1623 1877 Lucretius
1644 1845 1768 1876 deamet

1040 1908 1076 1928 ac
1091 1898 1281 1939 frequentet:
1307 1898 1422 1936 caeteri,
1444 1909 1468 1929 e.

1083 1951 1156 1980 Ver.
1174 1954 1266 1982 1252.
1290 1951 1445 1981 Horribili
1464 1952 1583 1981 sonitu.-
1609 1948 1705 1980 Vind.
1724 1948 1767 1980 V.

1040 2001 1088 2032 ed.
1106 2002 1144 2032 Ο.
1168 2007 1203 2032 Δ.
1231 2008 1272 2032 Π.
1296 2006 1330 2033 Σ.
1355 2008 1399 2033 Ω.
1432 2003 1599 2032 Horribilis
1627 2003 1764 2036 sonitus,-

1042 2067 1082 2093 τῳ
1097 2053 1198 2093 sigma
1212 2053 1426 2093 proximarum
1448 2063 1561 2083 vocum
1581 2051 1770 2083 adhaerente.

1039 2107 1171 2136 --ιῖιῐιὶ.ς.ι
1197 2106 1232 2135 P.
1247 2107 1335 2136 altas.

1082 2155 1158 2186 Ver.
1181 2159 1272 2186 1255.
1295 2157 1342 2186 Ab
1350 2169 1360 2186 :
1385 2156 1428 2186 sic
1444 2155 1578 2186 Florent.
1595 2154 1669 2186 Ald.
1685 2161 1716 2185 et
1730 2158 1767 2188 Σ.

1039 2207 1143 2246 probe,
1166 2206 1199 2236 ni
1215 2206 1320 2244 fallor3
1344 2206 1417 2237 licet
1438 2206 1626 2245 exemplaria
1647 2205 1766 2247 reliqua

1038 2257 1071 2286 in
1088 2258 1119 2287 A
1141 2257 1348 2286 consentiant:
1372 2256 1440 2287 vide
1462 2257 1481 2287 i.
1504 2260 1576 2287 553.
1623 2256 1674 2287 Sic
1689 2256 1765 2287 Vir-

1039 2307 1143 2347 gilius,
1159 2309 1196 2337 ιιὸ
1212 2310 1328 2347 radice,
1344 2318 1412 2348 geo.
1428 2307 1448 2338 i.
1466 2311 1515 2338 20.
1538 2308 1569 2338 ii.
1590 2311 1637 2339 17.
1661 2307 1765 2348 Idem,

1042 2360 1118 2390 AEn.
1134 2359 1186 2390 xii.
1203 2363 1273 2391 787.

1070 2441 1201 2471 Adcessit,
1216 2441 1356 2473 telumque
1365 2441 1421 2466 alui
1432 2441 1464 2466 ab
1481 2440 1564 2466 radice
1574 2441 1687 2467 revellit.

1087 2523 1161 2554 Ver.
1195 2527 1284 2556 1254.
1322 2526 1421 2556 venis:
1462 2523 1559 2554 Vind.
1587 2525 1684 2560 venit5
1721 2528 1762 2553 Π.

1038 2586 1131 2606 venae.

1093 2637 1174 2667 Ibid.
1212 2639 1363 2669 Manabat
1399 2639 1488 2669 venis.

1041 2689 1131 2720 Pout.
1147 2690 1178 2721 ii.
1195 2693 1223 2722 5.
1245 2695 1294 2721 21.

1545 2634 1687 2673 Ovidius,
1724 2645 1763 2666 ex

1040 2774 1205 2805 ingenioque
1216 2781 1288 2804 meo,
1299 2774 1371 2799 vend
1383 2773 1455 2804 quod
1466 2778 1580 2804 paupere
1590 2774 1748 2797 manat—.

1042 2846 1086 2875 Et
1108 2857 1196 2877 voces
1218 2848 1418 2878 Lucretianas
1440 2846 1543 2877 hausit
1565 2846 1669 2883 Maro,
1694 2855 1767 2888 geo.¹

1042 2897 1073 2927 ii.
1093 2901 1160 2929 165.
