1926 3224
595 246 828 297 LIBER
871 246 1228 304 QUINTUS.

1594 252 1644 290 11

224 386 280 422 60
310 381 408 430 Quo
427 394 576 437 genere
595 380 638 420 in
658 380 801 435 primis
821 380 946 421 animi
967 387 1113 420 natura
1132 383 1293 433 reperta
1311 383 1386 425 est,

312 455 462 496 Nativo
481 455 661 510 primum
681 455 900 496 consistere
919 468 1092 508 corpore
1112 458 1242 501 creta3

312 529 401 570 Nec
419 543 537 583 posse
556 527 800 568 incolomem
820 539 1017 581 magnum
1038 524 1186 565 durare
1205 538 1279 578 per
1298 536 1447 564 aevom:

314 602 396 644 Sed
416 600 628 642 simulacra
649 599 775 639 solere
795 599 838 638 in
859 599 1012 639 somnis
1031 597 1167 637 fallere
1187 605 1382 647 mentem,

312 674 491 715 Cernere
511 687 636 728 quom
656 672 868 713 videamur
888 687 997 723 eum,
1020 686 1142 727 quem
1162 671 1246 711 vita
1265 670 1438 726 reliquit.

226 751 278 788 65

368 746 495 795 Quod
515 761 636 801 super
655 754 729 797 est,
751 761 862 787 nunc
882 746 963 787 huc
983 746 1152 787 rationis
1171 744 1316 785 detulit
1335 744 1455 793 ordo,

312 820 374 863 Ut
392 820 494 860 mihi
513 821 675 862 mortali
697 821 914 862 consistere
934 835 1107 876 corpore
1125 818 1345 868 mundum,

311 893 588 949 Nativumque
609 895 742 945 simul,
764 895 869 936 ratio
889 894 1106 935 reddunda
1127 894 1194 941 sit,
1216 906 1316 933 essee:

310 967 380 1018 Et,
403 968 548 1023 quibus
568 967 633 1009 ille
653 968 785 1009 modis
806 981 1045 1024 congressus
1064 965 1254 1006 materiai

313 1041 516 1082 Fundarit
534 1049 701 1093 terram,
721 1042 889 1091 coelum,
910 1056 1040 1089 mare,
1062 1039 1210 1088 sidera,
1232 1038 1373 1088 solem,

212 1196 287 1228 Ver.
304 1200 353 1227 60.
376 1197 492 1226 animi:
518 1195 553 1225 P.
577 1196 702 1232 animan
726 1200 818 1236 atque
841 1205 894 1226 eo-

170 1247 243 1278 dem
259 1246 339 1277 redit
352 1246 444 1277 lectio
459 1247 502 1276 V.
515 1245 562 1277 ed.
574 1248 694 1277 anima.
716 1245 892 1277 Parumin-

171 1303 264 1328 terest
278 1299 334 1327 has
349 1307 449 1336 voceS‚
464 1307 565 1337 quum
579 1297 791 1327 indifferenter
806 1296 892 1328 utra·

170 1349 246 1379 libet
270 1349 436 1379 Lucretius
464 1348 539 1379 alibi
564 1354 679 1380 utatur.
732 1349 774 1379 In
802 1359 894 1379 versu

170 1409 328 1443 sequente,
354 1409 398 1434 Ω.
414 1408 527 1434 creata.

213 1465 291 1494 Ver.
318 1469 367 1495 62.
391 1466 584 1495 incolomem:
610 1465 654 1495 ita
677 1465 714 1495 P.
740 1465 834 1501 solus,
857 1464 898 1494 ad

172 1521 325 1545 vetustam
340 1515 607 1554 orthographiam,
629 1525 724 1555 quam
747 1525 803 1545 nos
825 1515 899 1545 alibi

173 1567 207 1596 in
222 1567 281 1596 hac
294 1576 368 1596 voce
383 1566 539 1596 exaranda
550 1566 647 1596 secuti
656 1577 779 1597 sumusz
799 1565 897 1597 vind.

173 1620 343 1648 incolumen
350 1633 361 1654 ;
386 1618 427 1648 V.
443 1617 490 1648 ed.
515 1620 548 1648 in
569 1620 703 1649 columen
710 1634 721 1653 ,·
747 1619 783 1648 Β.
805 1618 842 1649 L.
860 1619 899 1648 O.

175 1671 211 1698 Δ.
235 1672 270 1699 Σ.
295 1674 339 1698 Ω.
362 1669 560 1704 incolumem,·
585 1669 635 1698 M.
658 1670 813 1699 vinculum
836 1675 896 1704 θεῖ,-

174 1720 321 1751 ductibus
335 1720 497 1751 literarum
512 1731 576 1751 non
592 1721 731 1751 multum
745 1721 902 1752 dissimili-

173 1772 243 1802 bus:
266 1778 307 1802 Π.
324 1773 357 1802 z'n
369 1773 476 1802 lucem.
521 1771 668 1802 Editores
683 1773 722 1803 de
736 1783 805 1811 suo,
821 1774 904 1803 inco-

175 1825 285 1858 lumis;
312 1828 349 1854 ut
374 1828 564 1853 structuram
588 1823 742 1853 sermonis
763 1824 902 1862 profecto

174 1883 273 1904 unam
287 1879 318 1904 et
332 1874 507 1913 simplicem
518 1880 683 1905 servarent.
729 1875 792 1905 Sed
806 1875 900 1914 scrip-

174 1929 256 1955 tores
271 1924 392 1965 antiqui
412 1935 478 1955 non
501 1931 574 1955 sunt
588 1925 628 1956 ad
650 1925 775 1956 libitum
789 1927 902 1956 nostris

176 1975 216 2006 de
237 1975 355 2015 regulis
374 1975 576 2006 reformandi.
625 1976 774 2016 Suppleas
789 1987 902 2017 nempe

176 2026 264 2057 decet
287 2034 440 2067 repertum
464 2034 519 2065 est,
542 2028 608 2058 vice
631 2036 750 2068 reperta
777 2036 818 2060 est
825 2046 836 2066 ;
866 2036 903 2060 ut

175 2082 236 2108 stet
250 2079 453 2109 constructio:
479 2079 746 2119 quemadmodum
762 2080 796 2111 in
819 2080 904 2111 libris

176 2135 329 2169 veterum,
351 2137 444 2172 atque
468 2132 668 2172 potissimum
689 2133 723 2164 in
745 2135 903 2172 Lucretio,

177 2182 293 2221 passim
307 2183 418 2213 variari
435 2183 520 2214 solet.
550 2184 635 2215 Vide
651 2185 850 2216 Brunckium
865 2186 904 2217 de

177 2244 211 2264 re
225 2233 320 2264 simili
335 2234 555 2274 disputantem,
579 2242 609 2267 et
623 2247 700 2278 quos
722 2237 829 2268 laudat
843 2239 902 2269 cri-

177 2285 259 2315 ticus
274 2286 496 2325 exactissimus,
520 2287 560 2317 ad
585 2288 678 2327 Soph.
705 2289 805 2319 Elect.
831 2291 902 2321 455.

183 2335 243 2366 Sed
265 2337 356 2375 nulli,
379 2348 444 2368 non
468 2349 593 2378 prorsus
621 2340 669 2370 his
691 2340 904 2377 inexercitato,

180 2398 238 2418 sua
251 2387 363 2419 domus
377 2390 479 2420 notior
494 2397 550 2430 est,
575 2402 670 2432 quam
686 2392 904 2432 hujuscemodi

180 2437 339 2478 elegantes
353 2439 508 2472 formulae.

225 2494 307 2525 Ibid.
321 2506 466 2535 magnum
481 2510 572 2530 aevom
584 2500 708 2531 videtur
722 2501 906 2541 exquisitius

181 2545 243 2577 dici
268 2556 325 2585 pro
348 2550 371 2566 ‘⁶
386 2549 509 2588 longum
532 2551 675 2589 aevum;''
698 2551 752 2582 sed
777 2562 811 2582 re
833 2553 906 2583 vera

180 2599 306 2629 schema
334 2599 623 2640 pervagatissimum
646 2602 835 2635 Lucretiano
856 2604 905 2635 ni-

180 2647 227 2679 hil
261 2647 422 2689 discrepat.
466 2651 661 2692 Exemplum
690 2654 906 2695 Virgilianum

181 2699 325 2739 sufficiat,
348 2701 424 2732 AEn.
440 2701 481 2732 xi.
497 2705 569 2733 257.

381 2799 459 2823 Sedet
470 2799 497 2823 'm
508 2799 614 2830 mediis,
624 2803 652 2825 et
663 2807 802 2827 maxumus
812 2809 885 2833 «ενα,

215 2836 248 2861 Et
259 2837 360 2868 primus
371 2839 491 2870 sceptris,
502 2838 575 2864 haud
587 2839 651 2865 laeta
661 2840 761 2872 fronte,
771 2843 892 2868 Latinus:

183 2915 205 2946 i.
220 2926 247 2948 c.
261 2918 313 2948 cui
327 2922 493 2953 maximum
508 2932 605 2954 aevum
622 2922 802 2964 contigerat.

981 1193 1056 1224 Ver.
1072 1196 1123 1223 65.
1145 1193 1312 1223 simulacra
1337 1193 1372 1222 in
1395 1193 1525 1222 somnis:
1561 1189 1666 1222 videas

936 1245 975 1276 iv.
994 1248 1046 1275 58.

981 1295 1054 1326 Ver.
1070 1298 1120 1326 64.
1145 1297 1322 1325 videamur.-
1348 1294 1391 1324 V.
1417 1294 1466 1325 ed.
1493 1296 1666 1326 videantur.

940 1347 1091 1377 Conferas
1102 1351 1210 1377 autem
1224 1345 1319 1376 velim
1340 1344 1361 1375 i.
1382 1347 1451 1376 135.

981 1398 1062 1429 Ibid.
1084 1400 1146 1429 vita
1162 1399 1296 1438 reliquit.
1333 1395 1498 1437 Virgilius,
1528 1396 1603 1426 AEn.
1629 1395 1667 1426 vi.

941 1452 1012 1480 755.

958 1530 1029 1561 Quin
1040 1533 1078 1559 et,
1088 1533 1233 1561 supremum
1244 1516 1329 1561 quum
1341 1529 1425 1553 lumen
1437 1528 1498 1553 vita
1508 1528 1652 1561 reliquit—.

943 1601 962 1631 i.
978 1611 1004 1631 e.
1028 1603 1050 1619 ‘⁶
1066 1610 1165 1640 quum
1181 1600 1245 1639 ipse
1260 1601 1357 1630 homo
1371 1600 1459 1630 vivus
1479 1600 1606 1640 reliquit
1620 1610 1670 1630 so-

945 1655 967 1669 “
983 1652 1021 1681 lis
1035 1650 1187 1681 lumina.'’
1234 1651 1285 1681 Ita
1298 1661 1405 1681 versus
1426 1650 1479 1680 ille
1500 1650 1670 1681 rescriben-

947 1702 1007 1732 dus
1027 1708 1082 1738 est,
1106 1713 1207 1742 neque
1222 1702 1311 1732 aliter
1326 1703 1359 1732 in
1374 1702 1496 1732 duobus
1514 1702 1672 1732 codicibus

948 1752 1048 1783 MSS.
1071 1758 1228 1791 comparet
1249 1758 1401 1782 exaratus,
1445 1752 1595 1793 Vulgatae
1608 1753 1672 1783 lec-

947 1805 1042 1835 tionis
1066 1805 1338 1840 constructionem,
1361 1815 1499 1844 supremo
1520 1805 1673 1835 nimirum

944 1857 1071 1893 lumine,
1087 1855 1156 1885 aliis
1165 1854 1392 1894 expediendam
1407 1854 1524 1895 linquo.
1548 1855 1673 1895 Nempe

945 1911 1092 1948 schremb,
1115 1906 1164 1937 vel
1176 1917 1357 1947 supremom,
1380 1906 1498 1936 abierat
1519 1906 1554 1935 in
1568 1916 1673 1946 supre-

945 1970 1010 1995 mo;
1033 1958 1074 1988 ad
1094 1968 1190 1998 quam
1211 1956 1420 1988 mutationem
1442 1956 1606 1987 fortuitam
1621 1967 1672 1987 ac·

953 2009 1216 2040 commodandam
1244 2018 1428 2039 conversum
1453 2014 1498 2038 est
1521 2010 1622 2039 lumen
1644 2008 1678 2038 in

947 2063 1074 2092 lumine.

991 2122 1065 2152 Ver.
1080 2124 1130 2153 65.
1154 2121 1232 2151 Post
1255 2131 1339 2152 nunc
1364 2119 1535 2150 inferciunt
1561 2130 1674 2160 prono.

947 2184 1021 2205 men
1037 2186 1095 2214 me,
1117 2174 1205 2205 libris
1225 2184 1324 2204 manu
1339 2173 1462 2212 scriptis
1477 2172 1673 2203 reclamanti-

947 2227 1012 2262 bus,
1035 2226 1188 2265 perfrictae
1202 2225 1314 2256 frontis
1330 2224 1470 2254 editores.

992 2286 1064 2317 Ver.
1086 2289 1138 2318 67.
1167 2288 1336 2318 IVatz‘vum:
1365 2286 1406 2316 V.
1433 2284 1483 2315 ed.
1514 2286 1673 2316 Natz‘vam.

947 2340 1169 2369 —reddunda.·
1196 2337 1293 2368 Vind.
1320 2338 1478 2371 redunda;
1497 2335 1539 2366 V.
1555 2335 1603 2365 ed.
1627 2346 1674 2365 re-

947 2391 1055 2419 tanda.

993 2448 1066 2478 Ver.
1082 2452 1132 2480 69.
1156 2449 1337 2480 Fundnrit:
1365 2452 1406 2476 Π.
1422 2446 1594 2481 Fondarit,-
1622 2455 1674 2476 ac-

949 2507 1054 2532 curate
1069 2502 1109 2533 ad
1123 2503 1333 2533 archaismum
1355 2499 1544 2538 scriptionis,
1567 2505 1604 2530 ut
1625 2510 1674 2530 ar-

948 2555 1053 2586 bitror.

995 2615 1070 2645 Ver.
1087 2617 1136 2646 70.
1159 2620 1222 2645 tum
1239 2624 1326 2654 quae:
1354 2613 1393 2644 Ο.
1410 2618 1447 2644 Δ.
1475 2622 1604 2653 cumque
1628 2618 1673 2643 et.-

949 2675 1052 2696 errore
1076 2666 1163 2697 facili
1185 2667 1225 2696 ob
1250 2664 1474 2704 compendium
1499 2665 1676 2704 scripturae:

949 2718 1059 2748 vocula
1074 2729 1143 2758 quse
1158 2718 1244 2748 deest
1254 2717 1294 2748 V.
1310 2717 1575 2755 ed—Caeterum,
1591 2715 1678 2746 haud

949 2770 1117 2801 immemor
1128 2769 1250 2800 videtur
1259 2769 1355 2800 fuisse
1365 2771 1517 2801 horumce
1530 2778 1679 2799 versuum

950 2821 1117 2862 Virgilius,
1139 2822 1180 2852 ad
1206 2823 1281 2854 AEn.
1308 2822 1348 2853 vi.
1373 2825 1447 2854 724.
1471 2831 1549 2862 quos
1571 2826 1679 2851 tamen

953 2874 1136 2914 ornatiores,
1150 2881 1180 2905 et
1192 2874 1386 2907 sublimiores
1396 2884 1452 2916 pro
1467 2873 1606 2909 materie,
1623 2882 1676 2903 ex-

952 2925 1067 2957 hibuit:

897 2983 968 3014 ΒΞ
