1926 3224
631 227 863 277 LIBER

918 226 1221 276 SEXTUS

1573 236 1664 279 331

206 361 290 402 720
321 360 525 411 Flumine,
548 374 641 417 quae
660 360 803 418 gelidis
822 359 875 402 ab
895 359 1015 401 stellis
1035 359 1123 401 axis
1142 365 1338 417 agimturz

320 435 393 477 Ille
413 449 465 477 ex
485 434 656 476 aestiferz'i
676 443 793 489 parte
811 434 924 475 venit
943 434 1089 484 amnis,
1113 434 1166 475 ab
1187 434 1342 477 Austro

320 510 437 551 Inter
456 509 576 566 nigra
595 507 728 549 virum
748 515 941 561 percocto
962 507 1068 548 secla
1086 507 1238 558 colore,

320 582 525 624 Exoriens
543 581 705 637 penitus
724 578 859 621 media
880 578 933 621 ab
953 580 1123 636 regione
1142 579 1236 621 diei.

172 754 326 797 Virgilius
339 753 383 785 sic
396 753 623 793 repraesentavit
644 753 678 783 in
699 752 898 784 limatissima

171 807 376 847 descripti⁰ne
388 806 530 847 ejusdem
545 808 627 843 ΜΗ,
639 806 679 837 ad
689 817 758 847 geo.
770 808 808 840 iv.
824 811 896 838 288.

333 887 416 914 effuso
426 890 598 919 stagnantem
609 887 722 913 flumine
732 888 863 913 Nilum—.

213 957 289 989 ver.
305 960 376 990 719.
397 958 506 988 dubio:
533 963 578 989 Ω..
600 957 785 988 dubii.-Et
799 957 897 989 vind.

157 1010 311 1052 flabrum.

213 1060 295 1092 Ibid.
323 1062 447 1092 advorso
470 1061 626 1092 Flumine.
670 1060 764 1091 Idem
790 1060 894 1098 Maro,

169 1124 238 1157 geo.
254 1113 275 1144 i.
291 1116 362 1149 201,

397 1193 443 1225 qui
453 1194 565 1218 adverso
577 1193 626 1218 vix
629 1192 738 1225 flumine
749 1193 870 1219 lembum

200 1233 327 1266 Remigiis
336 1233 497 1258 ,καύτὴ-η

167 1307 222 1339 Ita
235 1306 444 1342 scribendum,
456 1316 513 1346 pro
523 1305 646 1347 vulgari
660 1308 781 1347 subigit.
826 1308 895 1348 Ag-

168 1358 269 1390 noscit
283 1359 378 1390 etiam
396 1358 531 1397 Servius,
554 1364 592 1391 ut
607 1358 756 1398 Heynius
772 1369 897 1400 quoque

167 1411 264 1451 probe
278 1410 412 1440 monuit.
456 1410 524 1440 Nos
539 1409 630 1440 adeas
644 1420 750 1450 supra,
763 1411 796 1441 ii.
816 1414 886 1442 193.

211 1462 288 1492 Ver.
304 1465 375 1493 720.
397 1462 451 1491 ab:
477 1460 621 1499 editores,
642 1473 678 1497 a;
703 1461 770 1491 sine
795 1468 897 1491 vetus-

168 1513 209 1544 tis
223 1513 318 1544 libris.
365 1512 550 1554 Cogitabam
565 1522 648 1550 vero,
674 1522 714 1542 an
733 1512 898 1544 rescribere

167 1563 336 1596 debeamus
343 1576 351 1595 :

332 1651 396 1678 quae
403 1645 481 1678 gelidi
491 1645 536 1671 sub
548 1644 628 1670 stellis
639 1646 698 1670 axis
708 1645 825 1671 aluntur.

168 1715 277 1754 Certe,
296 1721 426 1746 conatus
448 1715 534 1746 hicce
559 1715 707 1746 facilitate
729 1715 786 1746 sua
809 1726 894 1747 com-

165 1767 347 1800 mendatur:
374 1773 405 1798 et
425 1767 527 1798 ubivis
541 1768 626 1799 haud
641 1767 729 1798 aliter
743 1769 851 1807 po'e'tae.

211 1820 293 1852 Ibid.
312 1823 423 1861 gelidis
444 1823 546 1854 stellis.
590 1823 796 1860 Mantuanus,
825 1834 893 1865 geu.

165 1872 209 1905 iv.
225 1875 298 1906 509.

389 1947 479 1979 gelidis
489 1948 551 1973 haec
562 1947 690 1974 evolvisse
699 1949 747 1974 sub
758 1949 834 1974 astris
841 1959 851 1976 .-

165 2008 215 2040 uti
247 2019 305 2040 nos
340 2009 495 2041 edidimus
530 2011 806 2051 incorruptissime.
849 2013 895 2044 Et

162 2059 335 2100 Euripides
364 2062 523 2093 uberiores
553 2063 682 2104 Virgilii
708 2063 894 2103 locutiones,

167 2113 258 2153 Rupe
272 2113 327 2144 sub
348 2112 449 2152 aeria,
471 2120 564 2155 atque
579 2117 690 2155 gelidis
712 2117 766 2146 sub
790 2119 893 2154 astris,

165 2163 347 2195 brevissima
361 2166 464 2203 phrasi
479 2171 510 2196 et
523 2165 733 2206 pulcherrima
753 2167 788 2198 in
811 2168 892 2198 Bae-

166 2213 234 2246 cbis
247 2214 370 2254 extulit,
383 2226 444 2246 ver.
459 2219 510 2247 38.

205 2305 325 2341 xampaug
337 2305 378 2331 ὕπ’
399 2311 503 2336 &army
524 2307 726 2335 ΑΝΟΡΟΦΟΙΣ
747 2309 820 2338 ἧνται
833 2310 893 2336 ΠΕ·

323 2354 443 2380 ΤΡΑΙΣ.

210 2434 287 2465 Ver.
303 2437 375 2466 721.
392 2439 491 2476 parti,
514 2437 622 2479 vulgo:
649 2439 703 2470 sed
733 2439 829 2472 Vind.
854 2440 895 2472 V.

167 2485 216 2517 ed.
233 2486 274 2517 Ο.
291 2491 326 2517 Δ.
343 2491 378 2518 Σ.
395 2493 440 2518 n..
456 2495 548 2528 parte
554 2504 565 2525 ;
585 2495 679 2529 recte,
695 2490 729 2521 ni
743 2490 852 2529 fallar;
865 2498 897 2523 et

168 2547 243 2568 cum
261 2537 408 2568 omnibus
423 2539 553 2579 scriptis,
569 2541 617 2571 uti
634 2541 722 2572 valde
736 2543 882 2582 suspicor.

211 2588 287 2619 Ver.
311 2591 385 2620 722.
421 2590 769 2623 Consummatissimam
797 2594 896 2625 edito-

168 2648 242 2669 rum
255 2639 487 2680 impudentiam
498 2652 624 2674 mecum
640 2644 822 2685 indigneris,
833 2645 895 2676 lec-

167 2694 218 2720 tor
234 2690 348 2730 lepide!
373 2692 572 2732 purissimam
596 2694 772 2732 lectionem,
804 2702 896 2737 atque

167 2743 257 2773 omni
270 2749 358 2783 parte
372 2745 630 2786 irreprehensam,
646 2747 798 2779 librorum
811 2756 895 2780 vete-

167 2804 241 2826 rum
255 2797 481 2835 universorum,
510 2810 527 2830 e
552 2807 699 2831 contextu
721 2801 894 2841 propellen-

169 2849 264 2891 tium,
278 2857 310 2883 et
322 2852 554 2885 intrudentium
569 2865 606 2885 ex
622 2855 762 2887 arbitrio:

217 2924 291 2952 Inter
299 2925 375 2958 nigra
385 2926 487 2958 virum,
494 2931 655 2961 personaque
665 2928 734 2955 secla
744 2928 834 2955 calore.

940 753 985 783 Et
999 751 1083 793 quod
1099 750 1258 783 cumulate
1271 750 1482 783 facinorosum
1497 757 1554 791 est,
1580 759 1611 783 et
1632 762 1667 784 o-

939 814 1013 843 pere
1027 803 1168 834 maximo
1187 803 1417 842 detestandum,
1441 803 1541 834 scelus
1564 803 1667 844 dupu-

940 862 1012 886 cant
1035 855 1175 892 inferius,
1203 855 1243 886 ad
1267 865 1330 885 ver.
1359 856 1667 894 1107.—Caeterum,

940 910 1071 950 hujusce
1093 911 1200 942 versus
1221 911 1355 941 imitatio
1371 910 1547 952 Virgiliana
1568 911 1612 941 sic
1636 921 1669 942 se

940 961 1043 999 habet,
1059 971 1128 1001 geo.
1142 962 1182 992 iv.
1199 966 1271 994 294.
1286 961 1356 993 loco
1366 962 1545 1002 nuperrime
1559 962 1667 995 lauda-

939 1018 972 1042 to
986 1013 1044 1042 sub
1058 1022 1120 1042 ver.
1137 1016 1208 1043 718.

1001 1095 1092 1125 Usque
1102 1093 1217 1118 coloratis
1228 1094 1311 1119 amnis
1322 1094 1446 1120 devexus
1456 1095 1490 1120 ab
1504 1095 1587 1121 Indis.

939 1165 1168 1197 Decentissime
1185 1166 1382 1208 Crinagoras
1398 1166 1479 1208 epig.
1495 1171 1545 1199 19.

979 1252 1097 1286 Αγχυροι
1107 1256 1227 1285 μεγαλα
1240 1261 1328 1286 κωμυ
1340 1252 1430 1286 χθωες,
1443 1253 1475 1282 ἃς
1490 1253 1534 1279 δια
1547 1255 1631 1281 Num

1017 1300 1203 1333 Πιμπλαμενος
1215 1305 1329 1334 poenum
1341 1310 1421 1334 τεμνει
1433 1300 1479 1327 oetr'
1490 1300 1655 1328 mozon-W.

941 1379 1159 1420 Tempestivus
1171 1385 1220 1411 est
1234 1381 1330 1412 etiam
1346 1381 1539 1422 Propertius,
1554 1381 1598 1412 iii.
1615 1384 1668 1413 11.

943 1434 955 1461 1
963 1435 992 1462 6.

1034 1505 1106 1537 Quos
1114 1505 1217 1531 Aurora
1223 1504 1275 1530 suis
1285 1504 1366 1530 rubra
1374 1504 1467 1530 colorat
1477 1504 1561 1536 equis.

941 1577 1009 1608 Nec
1029 1578 1136 1608 minus
1149 1577 1344 1609 Theodectes
1364 1577 1450 1618 apud
1473 1578 1670 1617 Strabonem,

939 1638 969 1668 p.
988 1632 1078 1660 1019.
1093 1628 1132 1659 de
1147 1628 1324 1669 AEthiopiz'i:

975 1722 1022 1750 Ἥς
1034 1732 1198 1758 αγχιτερμων
1208 1723 1274 1751 vino:
1288 1722 1440 1758 διφρηλατω

979 1769 1105 1795 Exco-mo»
1116 1769 1185 1797 ανθος
1196 1771 1310 1804 εξεχρωσε
1321 1774 1418 1801 λιγνυος

976 1817 1019 1844 Εις
1033 1815 1135 1848 cupam?
1147 1816 1246 1850 ανδρων,
1261 1826 1307 1842 zm
1318 1816 1466 1851 συνεστρεψε
1477 1821 1574 1849 nolam·

974 1863 1148 1889 ΜΟΜΦΔΙΣ
1161 1863 1419 1889 ΔΝΔΥΞΗΤΟΙΣΙ
1432 1864 1553 1894 σωκ-ξας
1564 1871 1648 1897 τυρὸς.-

939 1949 961 1964 “
978 1945 1228 1976 contabefaciens
1242 1946 1421 1985 increpante
1436 1945 1509 1982 sole,
1527 1945 1582 1987 qui
1603 1955 1667 1975 non

937 2001 960 2017 ‘⁶
977 1998 1052 2028 sinit
1081 1995 1262 2036 cresceres*
1291 1997 1376 2028 unde
1397 1998 1513 2037 passim
1534 1997 1670 2028 audiunt

937 2050 1067 2080 imbelles
1085 2049 1168 2080 Indi.
1214 2049 1267 2078 Ita
1276 2048 1448 2089 castigandi
1464 2054 1538 2079 sunt
1551 2058 1670 2086 versus,

936 2100 1050 2130 frustra
1065 2100 1175 2130 tentati
1193 2100 1349 2140 Scaligero
1364 2106 1395 2130 et
1411 2100 1541 2140 Heynio
1556 2100 1597 2130 ad
1612 2100 1667 2130 Ti-

935 2152 1071 2191 bullum,
1087 2152 1119 2183 ii.
1136 2155 1166 2182 5.
1182 2155 1235 2184 56.
1262 2152 1439 2192 Oppianus,
1454 2162 1523 2193 eyn.
1539 2152 1558 2182 i.
1575 2156 1646 2184 298.

975 2237 1065 2264 Εσθλοι
1079 2237 1102 2263 δ’
1113 2242 1182 2268 ηελιε
1192 2245 1277 2273 copem
1289 2247 1425 2273 προίασιν
1439 2246 1518 2273 epam-t,

976 2288 1027 2311 Kou
1037 2294 1064 2311 τε
1073 2282 1241 2320 [zecue-&ptum
1255 2285 1334 2318 διψκς
1344 2285 1459 2320 δριμειυ
1472 2285 1616 2311 ENJIIHN.

943 2371 976 2403 Si
997 2371 1067 2413 quis
1095 2371 1186 2403 malit
1207 2373 1302 2414 ὄρμαις
1325 2372 1360 2402 in
1382 2371 1574 2410 Theodecte,
1601 2381 1666 2402 non

939 2426 1029 2458 valde
1057 2427 1307 2469 repugnaverim.
1354 2426 1446 2457 Idem
1476 2426 1667 2466 Propertius.

938 2478 976 2510 iv.
991 2481 1021 2509 5.
1038 2481 1088 2509 10.

1032 2562 1115 2586 ustus
1126 2564 1154 2587 et
1166 2563 1215 2586 Eoo
1226 2561 1331 2586 discolor
1338 2561 1422 2585 indus
1433 2567 1507 2593 equo:

938 2639 976 2664 ut
1002 2633 1069 2673 ipse
1098 2633 1194 2664 etiam
1222 2640 1292 2673 post
1313 2632 1390 2663 alios
1411 2631 1537 2672 proprio
1561 2626 1668 2662 Marte

939 2685 1186 2715 emendaveram.
1211 2683 1317 2714 Adeas
1329 2693 1421 2723 porro
1438 2681 1544 2713 Sidon.
1560 2681 1666 2721 Apoll.

939 2736 980 2766 ix.
998 2739 1046 2766 18.
1060 2746 1137 2766 nam
1147 2736 1316 2765 innumera
1330 2740 1404 2764 sunt
1413 2734 1477 2764 huc
1487 2733 1668 2773 spectantia.

940 2788 1009 2818 Nec
1023 2794 1130 2818 tamen
1147 2787 1299 2818 Silianam
1320 2785 1529 2816 imitationem
1553 2785 1602 2815 fas
1622 2790 1668 2815 est

1416 2839 1449 2846 n·-
1497 2842 1515 2851 u-

969 2926 1003 2949 Et
1014 2925 1153 2952 Macetum
1164 2923 1344 2957 primhatque
1354 2922 1441 2949 incocti
1452 2925 1555 2954 corpora
1567 2918 1666 2946 Mauri.

873 2987 936 3018 ΥΞ
