1926 3224
313 178 408 221 214

813 169 875 217 T.
912 167 1289 218 LUCRETII

452 302 762 356 Permixtasque
781 298 936 340 dabant
954 297 1151 352 equitum,
1171 297 1454 354 peditumque,
1474 302 1624 346 ruinas.

449 376 559 418 Nam
578 382 810 416 transvorsa
827 371 933 413 feros
953 370 1122 412 exibant
1140 371 1273 413 dentis
1292 372 1346 413 ad
1366 380 1480 414 actus

310 455 416 491 1330
446 450 654 498 Jumenta,
677 453 748 488 aut
765 445 937 502 pedibus
957 451 1100 485 ventos
1120 452 1256 487 erecta
1275 446 1485 501 petebant:

447 522 756 577 Nequidquam3
788 520 984 576 quoniam
1003 517 1056 559 ab
1074 520 1208 560 nervis
1230 519 1389 561 subcisa
1407 519 1564 562 videres

449 597 693 646 Concidere,
715 586 836 651 atque
855 595 968 651 gravi
990 601 1143 636 terram
1162 602 1423 635 consternere
1443 609 1551 636 casu.

447 671 491 713 Si
515 685 616 726 quos
636 677 730 711 ante
749 668 863 709 domi
883 667 1062 709 domitos
1081 668 1176 710 satis
1196 683 1280 709 esse
1298 667 1514 723 putabant,
1561 692 1570 702 ι

442 743 723 785 chervescere
742 741 963 783 cernebant
982 741 1026 781 in
1046 741 1165 782 rebus
1185 741 1377 798 agundis,

294 822 412 859 *1335
443 817 704 866 Volneribus,
727 815 917 865 clamore,
940 813 1053 872 fuga,
1075 823 1241 858 terrore,
1264 815 1461 858 tumultu:

299 990 400 1029 sitata,
422 994 459 1020 ut
472 989 566 1020 mirer
589 988 816 1019 Marklandum
830 999 862 1019 se
876 987 1017 1029 gravissi·
1062 987 1174 1026 posite:
1199 990 1222 1006 ‘⁶
1239 988 1336 1018 Actus
1341 1001 1352 1023 ;
1371 985 1500 1020 ελασις.”
1532 985 1661 1025 Seneca,
1673 987 1789 1028 Agam.

300 1053 354 1073 mo
368 1052 470 1073 errore
484 1041 636 1081 implicari
658 1051 783 1080 passum
798 1050 863 1071 esse
873 1039 913 1070 ad
929 1039 1020 1070 Statii
1063 1041 1136 1068 452.

299 1093 364 1124 silv.
382 1103 408 1123 v.
429 1096 457 1123 2.
474 1095 544 1123 102.

523 1180 550 1201 et
561 1179 665 1201 castum
677 1176 795 1200 vibraret
806 1175 874 1207 Julia
884 1174 999 1199 fulmen:

299 1255 320 1286 i.
335 1265 361 1285 e.
371 1261 498 1295 pararet
513 1257 638 1285 vibrare.
662 1254 750 1284 Hinc
765 1253 860 1283 etiam
872 1252 1023 1282 elucescet

292 1316 371 1347 Vvera
385 1306 444 1336 loci
461 1305 539 1335 ratio
561 1304 644 1344 apud
665 1305 826 1344 Longum,
847 1303 899 1333 lib.
925 1303 966 1332 iii.
993 1313 1021 1341 p.

300 1360 349 1389 75.
392 1358 576 1396 Ανεζητησαν
601 1370 632 1387 ’τε
660 1370 708 1386 και
735 1358 813 1392 0⁶an,
844 1362 1023 1394 στεφανωσαι

297 1410 433 1443 Seurri-23
450 1421 500 1442 ’τες
517 1409 596 1441 θεες·
614 1421 653 1437 τα
669 1406 696 1437 δε
712 1419 774 1448 apa-1
798 1407 810 1436 ὅ
828 1411 942 1446 Ζεφυρος
959 1418 1022 1446 τρυ-

298 1467 365 1500 φων,
403 1473 452 1490 και
491 1460 504 1488 ὅ
543 1460 620 1492 ἣλιος
650 1459 815 1499 θερμαινων,
855 1461 1022 1487 ΕΞΗΓΕΝ·

295 1513 425 1542 ὈΜΩΣ
449 1510 475 1540 δε
505 1510 592 1550 εὑρεθῆ
617 1523 666 1539 και
689 1522 728 1544 m,
754 1522 804 1539 και
829 1520 1022 1550 apamen—-

298 1564 456 1602 Zephyrus
470 1571 517 1592 eos
546 1570 736 1590 ευυεεΒΛτ
763 1565 901 1590 tantum:
926 1560 1022 1588 nihilo

295 1614 449 1643 minus—.
485 1611 572 1642 Male
587 1610 693 1641 retulit
707 1610 877 1640 efficaciam
899 1615 1022 1640 senten-

295 1664 348 1694 tiae
371 1663 563 1694 Villoisonus
591 1663 631 1693 ad
655 1664 784 1693 verbum
811 1675 884 1704 oep‘rt.
915 1661 1021 1691 Multa

296 1715 374 1745 mihi
390 1721 464 1744 sunt
486 1714 526 1744 ad
550 1724 662 1744 manus
687 1723 752 1743 non
775 1713 865 1752 pretii
892 1712 1020 1750 nullius,

295 1767 376 1796 hanc
401 1765 647 1804 disputationem
677 1763 876 1803 attingentia;
909 1763 1021 1802 quibus

294 1822 401 1846 tamen
416 1822 452 1846 ut
467 1815 693 1855 supersedeam,
716 1814 831 1844 limites
845 1814 946 1853 operis
961 1814 1021 1843 hu-

291 1868 380 1910 jusce
395 1868 535 1903 suadent,
553 1873 742 1908 coguntque.

341 1919 420 1950 Ibid.
435 1921 571 1950 eribant:
590 1918 750 1954 nimirum,
765 1928 863 1958 apros.
886 1917 1018 1948 Formu-

295 1971 327 2002 la
350 1972 548 2002 Mantuanus
570 1981 692 2011 quoque
715 1981 790 2000 usus
812 1975 867 2007 est,
894 1970 927 2000 in
944 1970 1018 2000 AEn.

295 2035 322 2056 v.
338 2028 408 2055 458.
427 2025 466 2055 ad
481 2035 575 2065 quem
596 2025 703 2054 locum
727 2024 850 2055 Servius
871 2030 902 2054 et
924 2024 1018 2054 inter-

294 2081 398 2116 pretes
412 2075 597 2106 consulendi
612 2081 698 2105 sunt:

294 2162 414 2193 Corpore
423 2161 473 2186 tela
484 2162 578 2192 modo,
589 2165 670 2193 atque
678 2161 761 2186 oculis
767 2160 947 2193 vigilantibus,
955 2161 1019 2185 exie.

295 2246 368 2277 Hos
382 2247 551 2283 Ausonius,
563 2245 686 2277 Mosell.
699 2249 768 2276 184.
780 2245 910 2276 feliciter
921 2255 1019 2275 aemu-

294 2297 376 2329 latus
405 2304 460 2336 est,
483 2299 517 2329 in
542 2299 612 2329 loco
644 2298 812 2339 singularis
839 2298 932 2338 plane
955 2296 1016 2327 ele-

296 2351 425 2392 gantiae:

325 2443 407 2468 Tunc
418 2443 576 2470 insultantes
586 2451 632 2469 sua
643 2451 690 2476 per
700 2443 767 2469 freta
775 2443 867 2468 ludere
874 2442 1020 2474 Nymphas,

326 2483 360 2507 Et
372 2484 478 2516 Satyros
488 2491 604 2510 mersare
614 2484 697 2515 vadis,
708 2484 870 2514 rudibusque
881 2482 991 2507 natandi

324 2523 372 2548 Per
382 2524 484 2548 medias
493 2524 564 2548 exire
575 2531 670 2549 manus
679 2533 687 2555 ς
704 2524 771 2548 dum
783 2523 884 2548 lubrica
894 2522 952 2548 falsi

325 2562 449 2588 Membra
459 2567 568 2594 petunt,
583 2564 750 2596 liquidosque
762 2562 857 2588 fovent
868 2568 917 2594 pro
928 2568 1022 2593 corpo-

420 2609 448 2628 re
460 2603 567 2628 fluctus.

297 2682 446 2715 Conferas
461 2685 584 2716 Lucan.
597 2686 616 2717 i.
634 2690 705 2717 212.
722 2686 883 2717 laudatum
897 2685 1018 2715 Havet-

292 2743 418 2773 campo;
442 2736 517 2767 Stat.
533 2737 631 2768 Theb.
646 2738 676 2768 ii.
707 2741 774 2768 158.
790 2737 828 2768 iv.
845 2739 916 2768 601.
931 2736 1017 2766 Grat.

292 2793 401 2824 eyneg.
419 2789 489 2817 495.

335 2834 419 2866 Ibid.
442 2839 484 2867 ad
498 2844 592 2869 actus.
617 2839 715 2871 Vetus
734 2843 1017 2884 onomasticonap-

1111 1128 1388 1135 —-———-
1398 1114 1470 1139 unda
1480 1114 1530 1140 vix
1539 1117 1598 1140 actu
1607 1114 1663 1140 levi

1112 1153 1280 1185 Tmuquilla,
1296 1153 1401 1186 zephyri
1412 1153 1500 1178 mollis
1510 1154 1612 1185 afflatu,
1622 1155 1726 1181 tremit.

1069 1217 1118 1247 Sic
1136 1217 1325 1255 Gronovius,
1348 1217 1402 1257 qui
1417 1217 1579 1256 videndus,
1601 1219 1740 1258 reposuit
1754 1229 1792 1250 ex

1068 1269 1204 1300 Florent.
1217 1280 1274 1309 pro
1289 1268 1416 1310 vulgato
1430 1275 1514 1301 tactu
1522 1286 1533 1306 ‚·
1557 1270 1611 1300 sed
1626 1270 1792 1301 infeliciter

1066 1321 1217 1360 reposuit:
1244 1331 1344 1361 quum
1366 1320 1461 1350 nullae
1476 1331 1564 1351 voces
1586 1320 1789 1352 cordatiorem

1067 1370 1174 1401 ineant
1188 1371 1378 1409 societatem,
1400 1381 1496 1411 quam
1514 1373 1671 1412 Zephyrus
1685 1377 1716 1402 et
1725 1378 1791 1402 tac-

1066 1427 1132 1452 tus.-
1158 1431 1214 1451 nos
1229 1421 1320 1451 adeas
1343 1422 1377 1451 in
1401 1421 1532 1461 Sophoc.
1554 1421 1701 1453 Trachin.
1719 1424 1790 1454 685.

1067 1482 1141 1503 nam
1157 1483 1269 1512 parum
1283 1473 1419 1509 interest,
1435 1483 1498 1514 quo
1513 1473 1644 1504 demum
1657 1473 1697 1504 sit
1710 1484 1790 1505 aura

1067 1524 1125 1554 ista
1138 1534 1260 1564 genere.
1295 1524 1376 1554 Sane
1391 1537 1433 1565 τῳ
1447 1531 1519 1555 actu
1541 1523 1632 1555 facile
1646 1524 1791 1564 praetule-

1067 1576 1127 1604 rim
1142 1581 1267 1615 egomet
1283 1577 1363 1606 ictu:
1382 1574 1489 1605 confer
1507 1575 1603 1606 Herc.
1621 1575 1686 1606 OEt.
1699 1578 1790 1607 1109.

1065 1631 1207 1656 nostrum
1220 1636 1281 1656 ver.
1299 1629 1370 1657 955.
1386 1632 1417 1655 et
1431 1625 1504 1656 alibi
1519 1625 1695 1666 saepissim'e.
1728 1625 1790 1657 Sed

1065 1677 1219 1717 Virgilius
1234 1687 1431 1718 nequaquam
1451 1677 1602 1717 praeteriri
1624 1677 1727 1716 debet,
1749 1677 1790 1709 ad

1065 1729 1141 1759 AEn.
1157 1728 1208 1758 xii.
1226 1731 1299 1760 687,

1080 1799 1173 1823 Fertur
1183 1798 1210 1823 in
1221 1799 1366 1830 abruptum
1378 1805 1478 1831 magno
1489 1805 1567 1824 mons
1577 1798 1704 1831 inprobus
1713 1801 1788 1824 actu.-

1064 1863 1117 1894 ubi
1133 1863 1225 1894 multi
1240 1863 1360 1894 codices
1375 1865 1491 1895 habent
1505 1867 1580 1895 ictu.

1107 1917 1181 1946 Ver.
1200 1919 1290 1946 1330.
1313 1923 1412 1948 ventos
1426 1923 1543 1948 erecta:
1569 1915 1606 1946 V.
1630 1915 1677 1946 ed.
1695 1915 1734 1947 Ο.
1752 1920 1787 1948 Σ.

1062 1973 1147 1997 vento
1176 1977 1205 1997 se
1234 1973 1328 2003 recem
1354 1973 1398 1998 Ω.
1427 1973 1542 1998 ventose
1570 1973 1788 2006 ream—pete-

1062 2020 1151 2048 bant:
1178 2018 1218 2048 V.
1243 2018 1289 2048 ed.
1311 2020 1481 2057 parebant‚·
1513 2017 1570 2048 sed
1594 2018 1714 2057 primus
1734 2017 1788 2049 de-

1063 2069 1250 2108 pravationis
1264 2069 1379 2110 gradus
1394 2069 1479 2100 haud
1490 2068 1583 2099 dubie
1594 2068 1688 2099 Fuerit
1696 2075 1787 2110 pate·

1063 2122 1144 2151 bant.

1107 2171 1189 2202 Ibid.
1207 2173 1334 2212 pedibus
1349 2178 1447 2204 ventos
1465 2172 1623 2212 petebant:
1648 2171 1668 2202 i.
1693 2181 1719 2202 e.
1740 2170 1787 2202 fe-

1062 2223 1194 2254 riebant:
1233 2229 1265 2254 et
1287 2234 1388 2254 sermo
1413 2230 1459 2254 est
1479 2223 1598 2263 po'e'tice
1623 2223 1787 2254 coloratus.

1064 2274 1153 2305 Hinc
1167 2273 1334 2313 capiendus
1349 2274 1510 2316 Virgilius,
1526 2284 1593 2315 geo.
1609 2274 1652 2305 iii.
1668 2277 1741 2304 255.

1472 2353 1619 2381 ventosque
1629 2348 1727 2374 lacessit

1129 2389 1296 2414 atibus—.-

1064 2452 1083 2482 i.
1099 2462 1127 2483 e.
1151 2452 1231 2489 ferit,
1257 2453 1403 2483 verberat.
1449 2452 1512 2483 Sed
1537 2451 1787 2483 Mantuanusad

1064 2503 1272 2534 imitationem
1286 2503 1427 2544 magistri
1449 2503 1633 2534 strictiorem
1654 2512 1687 2533 se
1700 2511 1786 2532 oom-

1065 2556 1178 2595 posuit,
1200 2555 1234 2586 in
1256 2561 1443 2597 argumento
1463 2554 1560 2586 simili
1576 2559 1722 2591 versatus,
1744 2552 1785 2583 ad

1066 2607 1141 2637 AEn.
1157 2617 1186 2637 x.
1203 2609 1273 2638 892.

1093 2685 1179 2710 Tollit
1191 2692 1218 2711 se
1227 2685 1356 2711 adrectum
1367 2686 1525 2718 quadrupes,
1541 2687 1570 2709 et
1579 2682 1686 2708 calcibus
1696 2689 1774 2708 auras

1095 2724 1282 2749 Verberat—.

1104 2792 1180 2823 Ver.
1201 2795 1289 2824 1551.
1311 2794 1366 2823 ab:
1390 2791 1496 2832 vulgo,
1511 2802 1546 2828 α,·
1568 2795 1675 2822 eontra
1689 2789 1782 2821 libros

1064 2843 1160 2874 MSS.
