1926 3224
311 199 405 241 216

767 212 771 216 ·
796 194 877 241 T.
924 191 1299 242 LUCRETII

451 324 502 366 In
522 323 649 365 variis·
662 321 843 371 mundis,
864 319 976 362 varia
995 321 1156 363 ratione
1175 323 1336 373 creatis,

313 401 419 439 1345
450 398 590 447 Quam
609 403 721 437 certo
741 403 862 452 atque
882 410 967 437 uno
988 403 1190 437 terrarum
1210 412 1292 453 quo
1313 396 1426 438 lubet
1444 398 1546 439 orbi.

454 470 536 513 Sed
555 469 687 511 facere
705 470 748 511 id
769 484 855 511 non
874 478 960 511 tam
979 469 1174 512 vincundi
1195 486 1267 527 spe
1285 471 1516 522 voluerunt,

456 543 606 593 Quam.
618 543 717 585 dare
737 543 849 600 quod
867 553 1081 601 gemerent
1099 544 1250 595 hostes,
1272 545 1454 600 ipseique
1472 545 1620 600 perire,

454 618 563 666 Quei
582 632 755 660 numero
774 617 1030 670 diffidebant,
1051 620 1253 674 armisque
1272 619 1483 661 vacabant.

510 691 669 733 Nexilis
688 699 784 732 ante
802 691 880 733 fuit
899 693 1032 743 vestis,
1054 707 1178 748 quam
1197 692 1336 733 textile
1356 701 1539 749 tegmen:

316 768 422 805 1:350
452 764 618 806 Textile
635 772 730 820 post
747 764 900 807 ferrum
920 774 980 807 est
986 784 999 816 ;
1031 767 1127 822 quia
1145 766 1253 807 ferro
1273 765 1353 807 tela
1371 773 1556 820 paratur:

453 837 543 879 Nec
563 838 721 879 ratione
740 838 818 880 alia
837 848 1007 895 possunt
1025 848 1112 882 tam
1130 841 1248 882 laevia
1264 840 1395 897 gigni,

455 911 608 963 Insilia,
629 927 676 954 ac
694 911 814 963 fusei3
846 914 989 966 radiei,
1011 915 1239 971 scapeique,
1263 921 1463 956 sonantes.

310 1083 444 1114 victimis
458 1083 497 1114 ad
512 1094 600 1115 aram
620 1086 733 1116 sauciis
755 1085 881 1125 scilicet,
904 1087 1031 1129 diffugi-

309 1135 504 1177 entibusque.
549 1135 701 1166 Puditum
717 1143 772 1168 est.
814 1138 878 1168 Adi
893 1139 1034 1176 Florum,

310 1186 331 1217 i.
348 1190 397 1217 18.
419 1190 466 1217 12.
505 1187 672 1223 Caeterum,
689 1188 808 1227 phrasis
824 1191 900 1219 male
914 1195 1031 1224 macloe,

311 1237 359 1268 vel
373 1238 489 1269 damno
503 1244 613 1276 auctae,
637 1239 722 1268 haud
736 1239 826 1269 aliter
841 1239 923 1269 dicta
938 1245 984 1270 est
997 1250 1033 1270 ac

311 1289 441 1332 κερδῆσαι
457 1291 572 1330 ζημιαυ,
595 1289 634 1320 de
650 1289 712 1330 qua
730 1300 787 1320 nos
807 1290 841 1319 in
859 1290 931 1320 Silv.
957 1291 1032 1322 Crit.

311 1347 396 1372 sectt.
411 1342 492 1372 cxiii.
508 1341 605 1371 ccxiii.
630 1341 768 1381 Etymon
779 1341 861 1370 vocis
876 1341 914 1371 de
928 1351 1032 1382 gram-

310 1391 497 1422 maticorum
533 1392 686 1422 sententia
717 1392 882 1422 declaravit
917 1393 1033 1432 optime

312 1442 486 1479 Arnobius,
513 1441 564 1472 lib.
594 1442 643 1471 vii.
669 1452 697 1481 p.
728 1446 867 1473 237.--“
885 1443 962 1483 quid
987 1451 1033 1474 est

312 1495 334 1510 ‘⁸
350 1491 436 1522 aliud
451 1502 546 1532 quam
562 1491 671 1523 dicere.
706 1492 849 1523 Tantum
861 1500 926 1524 esto
948 1505 1030 1525 mac-

311 1543 334 1560 “
349 1547 409 1580 tus,
436 1548 592 1583 quantum
612 1543 696 1573 volo:
722 1549 846 1574 tantum
861 1547 956 1585 ampli
980 1557 1031 1577 ca·

312 1597 335 1613 “
349 1601 411 1634 tus,
426 1602 579 1636 quantum
589 1597 760 1638 jubeo—.'’

354 1646 428 1679 ver.
445 1651 535 1680 1559.
558 1660 664 1689 quom:
683 1650 726 1680 sic
744 1657 784 1681 Π.
800 1651 952 1689 dilucide;
973 1662 1032 1682 cae·

310 1698 380 1737 teri,
392 1710 474 1730 cum:
501 1705 535 1731 Σ.
549 1701 768 1742 tum—sacta:
796 1702 835 1733 O.
847 1703 939 1743 saea;
963 1713 1031 1742 per-

310 1761 427 1790 peram.
472 1752 560 1783 Hinc
585 1760 690 1784 autem
717 1755 771 1784 illa
791 1755 883 1786 lectio
908 1756 1033 1797 vulgata

311 1802 351 1833 ad
367 1803 441 1833 AEn.
458 1803 489 1834 ii.
505 1807 576 1835 548.
599 1805 815 1837 confirmatur:

720 1890 757 1914 illi
767 1898 828 1916 mea
838 1891 920 1916 tristia
924 1893 1012 1923 jecta,

340 1927 564 1959 Degeneremque
597 1929 816 1960 Neoptolemum,
847 1937 952 1956 narrare
978 1939 1035 1957 me-

434 1973 528 1995 mento
537 1977 545 1994 :

310 2053 386 2074 nam
399 2044 528 2084 quidam
533 2045 623 2087 fata,
644 2053 681 2077 ut
689 2048 820 2080 -Nonius
835 2050 932 2081 etiam
946 2051 1033 2082 Mar-

311 2096 418 2127 celius,

352 2147 536 2180 νει-1540.
551 2152 601 2181 Si:
621 2150 657 2181 P.
670 2152 765 2183 Vind.
784 2158 818 2184 Δ.
834 2156 901 2191 Sic‚·
918 2155 1032 2187 vitiose.

309 2199 467 2230 —Lector
488 2207 595 2232 autem
621 2204 889 2243 compendiarium
911 2207 1033 2238 dicendi

310 2260 410 2290 genus
424 2251 568 2282 animum
583 2253 730 2293 advertat,
757 2263 789 2286 et
809 2257 951 2288 ordinem
966 2269 1031 2289 ver-

309 2303 438 2340 borum;
460 2313 554 2343 quem
576 2305 722 2336 nonnulli
745 2307 879 2338 minime
894 2319 1032 2349 perspec-

310 2357 380 2383 tum
404 2354 565 2393 habentes,
592 2355 697 2386 locum
722 2349 899 2398 corrupere:
930 2364 952 2379 “
970 2361 1030 2392 Sed

311 2407 334 2423 ‘⁸
349 2405 401 2435 vix
422 2405 570 2445 adducor,
600 2415 635 2439 ue
661 2415 766 2448 putem
795 2413 848 2442 hoc
870 2412 1032 2451 futurum;

311 2458 334 2474 ‘⁸
349 2467 462 2496 nempe,
478 2464 514 2488 ut
528 2469 592 2488 non
606 2459 742 2500 quierint
755 2461 840 2500 prius
850 2462 953 2494 videre
961 2474 1030 2494 mae

311 2509 333 2526 ‘⁸
349 2507 430 2546 lum,
441 2519 536 2549 quam
548 2510 790 2543 fieret.”—Mox
804 2520 844 2544 Π.
850 2518 1028 2554 persentire:

311 2559 358 2589 uti
372 2561 499 2591 turbant
520 2562 613 2592 etiam
636 2563 706 2594 libn'
731 2564 875 2606 ad-Virg.
902 2567 976 2598 AEn.
991 2567 1029 2597 iv.

312 2614 362 2641 90.
376 2613 449 2641 448.

353 2661 429 2692 Ver.
442 2666 545 2694 -1542,
556 2666 666 2705 fieret:
704 2666 741 2696 P.
766 2667 806 2697 V.
839 2667 887 2698 ed.
904 2667 1011 2708 fueret
1018 2684 1029 2704 ,-

311 2710 442 2742 editores
456 2713 539 2744 male
552 2714 653 2746 feriati
675 2716 788 2748 dedere
798 2718 922 2759 suerat,-
945 2719 1032 2750 libris

308 2761 460 2802 'universis
474 2765 722 2799 reclamantibus.

353 2811 428 2842 ver.
446 2816 534 2845 1343.
558 2817 638 2848 Hoc
646 2819 723 2849 mihi
739 2820 817 2851 velle
837 2821 940 2852 dicere
964 2821 1030 2852 Lu·

311 2864 424 2896 cretius
438 2865 570 2900 videtur:
598 2873 621 2889 “
636 2871 762 2913 Loquor
777 2872 816 2905 de
832 2884 874 2910 re,
897 2884 960 2906 non
975 2875 1030 2905 ad-

1005 2935 1032 2963 3,

1077 1091 1100 1106 “
1116 1087 1258 1117 mittente
1290 1085 1419 1126 quidem
1447 1084 1611 1124 specialem
1633 1083 1798 1114 confirma-

1077 1142 1100 1156 “
1117 1138 1243 1172 tionem,
1251 1136 1305 1167 sed
1314 1135 1498 1177 generaliter
1507 1134 1666 1175 probabili:
1673 1134 1798 1173 '’—vel,

1078 1193 1100 1208 “
1116 1189 1201 1230 quod
1215 1188 1345 1224 affirmo,
1364 1189 1533 1227 generalem
1562 1186 1721 1217 veritatem
1741 1187 1797 1216 ha-

1077 1244 1098 1259 “
1113 1242 1215 1278 beam,
1230 1239 1315 1270 haud
1324 1240 1522 1270 universalem
1534 1244 1654 1276 tamem
1671 1238 1797 1269 rationi-

1078 1295 1100 1311 “
1115 1293 1173 1321 bus
1201 1291 1310 1321 saltem
1333 1290 1396 1321 veri
1422 1300 1516 1331 quam
1538 1289 1704 1320 simillimis
1725 1289 1797 1320 sub-

1077 1346 1100 1362 “
1115 1343 1255 1373 nixam.”

1119 1395 1193 1424 Ver.
1212 1396 1301 1425 1345.
1324 1400 1402 1425 cereo
1418 1404 1495 1423 uno:
1522 1399 1562 1423 Π.
1577 1394 1654 1423 cerei
1667 1394 1732 1423 uni.

1118 1445 1192 1474 Ver.
1220 1447 1310 1474 1347.
1333 1446 1466 1483 ipseique
1487 1445 1608 1483 perire:
1643 1443 1662 1473 i.
1686 1453 1712 1474 e.
1745 1452 1798 1474 vo-

1075 1496 1212 1534 luerunt,
1236 1495 1409 1526 dummodo
1431 1495 1522 1525 malis
1542 1500 1714 1525 mactarent
1728 1495 1799 1525 hos-

1075 1553 1151 1585 tem,
1172 1556 1229 1577 nec
1250 1546 1343 1576 inulti
1374 1545 1528 1576 caderent.
1573 1546 1610 1576 P.
1636 1548 1775 1586 perirent
1781 1559 1794 1581 ,-

1075 1598 1159 1638 quod
1174 1598 1297 1637 planius
1311 1598 1436 1634 dixeris,
1451 1599 1505 1628 sed
1521 1607 1561 1628 ne
1571 1608 1656 1628 unus
1669 1597 1797 1638 quidem

1076 1650 1153 1680 liber
1168 1649 1248 1680 alius
1263 1649 1385 1680 addicit.

1119 1701 1193 1730 Ver.
1212 1703 1302 1730 1348.
1324 1701 1484 1731 vacabant:
1503 1700 1540 1730 P.
1556 1701 1716 1736 vocabant;
1732 1699 1752 1730 i.
1769 1710 1796 1730 e.

1076 1751 1121 1781 uti
1136 1751 1201 1790 ipse
1216 1751 1433 1790 interpretatus
1447 1757 1503 1789 est,
1521 1751 1727 1781 Provocabant
1740 1752 1797 1780 ad-

1075 1805 1239 1834 versarios:
1264 1803 1472 1843 undequaque
1494 1812 1667 1842 perperam,
1694 1807 1726 1832 et
1747 1801 1796 1832 in·

1077 1854 1161 1891 scite,
1177 1860 1213 1884 ut
1227 1853 1306 1883 nihil
1323 1863 1423 1892 supra.

1121 1903 1201 1934 Ibid.
1228 1906 1322 1935 armis
1344 1905 1499 1935 vacabant.
1543 1903 1678 1940 Ennius,
1709 1903 1795 1935 Hec-

1078 1956 1151 1986 toris
1166 1955 1284 1995 Lytris:

1107 2038 1245 2068 Constitit,
1255 2038 1346 2069 credo,
1355 2038 1527 2063 scamander:
1541 2038 1646 2062 arbores
1656 2041 1735 2062 vento
1743 2045 1798 2063 va·

1197 2080 1265 2102 cant.

1077 2156 1229 2196 corrupte
1240 2156 1363 2187 Nonius
1374 2156 1450 2197 legit
1463 2162 1584 2196 vagant.
1608 2156 1707 2186 Illum
1716 2156 1799 2194 vide3

1076 2218 1149 2238 nam
1166 2208 1356 2246 Macrobius,
1373 2209 1410 2238 vi.
1427 2212 1455 2238 2.
1473 2208 1546 2238 citat
1561 2217 1598 2238 ex
1613 2207 1713 2238 satiris
1726 2207 1794 2238 En·

1077 2260 1134 2289 nii:

1106 2340 1255 2365 constitere
1267 2347 1358 2366 amnes
1371 2347 1513 2372 perennem
1530 2341 1635 2365 arbores
1649 2343 1730 2365 vento
1741 2346 1794 2364 va-

1197 2382 1265 2404 cane.

1570 2419 1793 2450 anunus.

1118 2502 1192 2531 Ver.
1219 2504 1309 2533 1549.
1341 2503 1463 2532 Nexilis
1491 2503 1596 2532 vestis:
1630 2499 1794 2535 nimirum,

1075 2558 1196 2594 tergora
1210 2553 1358 2590 ferarum,
1381 2563 1457 2583 verr.
1477 2555 1547 2584 952.
1564 2556 1654 2583 1009.
1676 2550 1793 2589 superi-

1073 2613 1124 2640 us;
1148 2603 1320 2634 earundem
1335 2603 1443 2639 nervis,
1459 2603 1507 2633 vel
1522 2602 1618 2633 obviis
1631 2600 1699 2631 aliis
1714 2600 1792 2641 liga-

1074 2656 1152 2685 turis
1165 2656 1412 2696 quibuscunque,
1428 2661 1543 2685 temere
1557 2662 1703 2683 connexa.
1726 2652 1792 2682 Lu-

1073 2716 1142 2736 cem
1167 2706 1255 2737 dabit
1279 2707 1328 2736 his
1356 2704 1586 2736 Acliaemenidis
1609 2703 1735 2733 vestitus
1757 2703 1794 2732 in

1074 2756 1222 2798 Virgilio,
1239 2758 1312 2788 AEn.
1327 2757 1369 2787 iii.
1384 2760 1455 2788 594.

1296 2837 1358 2862 Dira
1367 2836 1480 2865 illuvies,
1490 2834 1648 2867 inmissaque
1657 2834 1756 2864 barba-7

1104 2878 1246 2903 consertum
1255 2881 1369 2909 tegumen
1381 2875 1528 2909 spinis—.
