1926 3224
549 241 784 290 LIBER
832 240 1135 290 SEXTUS.
1500 256 1595 295 353

245 375 390 430 Nuper
409 374 480 415 ubi
500 374 748 416 exstinctum
769 374 1003 424 admoveas,
1034 373 1253 416 adcendier
1273 383 1386 426 ante,

246 449 385 498 Quam
405 449 537 506 tetigit
556 448 784 497 flammam;
817 448 1035 503 tedamque
1055 449 1145 503 pari
1165 449 1347 491 ratione?

246 523 463 578 Multaque
482 530 693 578 praeterea,
725 522 838 576 prius
856 522 946 575 ipso
966 530 1074 563 tacta
1096 537 1245 577 vapore

247 596 421 638 Eminus
441 596 672 645 ardescunt,
704 609 828 650 quam
848 595 1063 636 conminus
1083 596 1227 637 inbuat
1246 597 1366 653 ignis.

130 675 211 712 905
246 671 344 711 Hoc
362 670 486 726 igitur
507 669 595 710 fieri
615 683 778 724 quoque
798 668 841 708 in
861 667 930 708 illo
949 667 1064 709 funte
1083 669 1314 723 putandum
1335 680 1407 714 est.

302 742 428 792 Quod
449 757 570 797 super
589 750 662 792 est,
695 757 816 799 agere
834 742 1028 797 incipiam
1049 758 1132 798 quo
1151 742 1305 785 foedere
1325 744 1399 786 fiat.

242 816 429 864 Naturae,
461 815 561 870 lapis
581 815 683 856 hicc’
703 824 750 857 ut
769 815 922 857 ferrum
942 816 1092 857 ducere
1110 817 1252 871 possit,

243 889 380 938 Quem
403 888 605 945 Magneta
623 898 772 931 vocant
790 891 925 944 patrio
945 891 997 932 de
1017 891 1185 932 nomine
1206 891 1364 943 Graiei,

241 963 489 1020 Magnetum
509 964 605 1019 quia
625 964 675 1004 sit
694 964 839 1019 patriis
857 965 901 1006 in
922 964 1073 1007 finibus
1093 973 1219 1007 ortus.

97 1138 174 1170 nihil
190 1138 331 1169 dubitem
346 1136 385 1168 de
406 1137 525 1169 sincera
540 1138 667 1180 Virgilii
691 1138 822 1180 scriptu·

97 1190 131 1221 rai
146 1190 185 1221 ad
202 1191 275 1220 AEn.
291 1190 322 1220 ii.
339 1192 410 1221 517.

290 1270 385 1295 divom
395 1270 521 1303 amplexae
530 1271 670 1296 simulacra
679 1271 805 1297 tenebant.

97 1351 196 1382 Multi
211 1350 344 1390 codices,
367 1353 523 1387 sedebant;
548 1351 601 1382 sed
625 1351 703 1382 illud
728 1352 822 1394 longe

95 1403 225 1439 doctius,
248 1413 284 1433 ac
299 1413 391 1442 supra
405 1403 602 1433 librariorum
625 1403 752 1445 ingenia
767 1415 821 1444 po-

94 1454 199 1485 situm.
243 1454 288 1484 Et
315 1453 462 1484 Graecum
485 1455 610 1484 schema
635 1461 690 1492 est,
712 1455 760 1485 uti
782 1466 822 1486 ne

95 1505 219 1545 pueruli
236 1504 375 1545 quidem,
399 1505 461 1535 illis
486 1505 582 1535 literis
607 1505 727 1542 imbuti,
753 1517 822 1537 nes-

95 1557 191 1588 ciunt.
254 1556 427 1586 Lambinus
469 1556 607 1586 admovit
650 1564 824 1597 opportune

95 1614 247 1644 nostrum,
268 1609 288 1640 i.
306 1613 397 1640 1068.

124 1690 257 1722 Amplexei
267 1691 339 1721 quod
351 1690 439 1714 hahent
450 1696 573 1722 perverse
583 1690 670 1722 prima
680 1690 748 1716 via'i':

93 1771 178 1802 unde
192 1771 342 1811 scriptura
357 1771 488 1812 Virgilii
510 1772 635 1812 egregie
657 1771 821 1803 confirma-

94 1828 155 1853 tur.

136 1882 211 1912 Ver.
228 1886 298 1914 900.
321 1884 457 1913 lumina:
496 1883 534 1918 Q.
560 1885 692 1920 lumine,·
725 1887 759 1915 Δ.
781 1886 820 1914 li-

92 1936 347 1965 mina.···linwm:
375 1935 419 1965 sic
443 1935 642 1965 disertissime
671 1936 822 1975 scriptum

92 1991 250 2024 comparet
265 1985 298 2014 in
311 1986 351 2015 V.
367 1985 414 2015 ed.
431 1986 469 2016 B.
487 1986 524 2016 L.
541 1987 589 2016 M.
604 1987 642 2022 Q.
660 1992 694 2017 Δ.
710 1993 741 2017 et
755 1987 822 2017 vult

89 2042 249 2077 stuppeum
275 2037 471 2078 fimiculum,
507 2038 561 2078 qui
590 2037 624 2067 in
652 2038 712 2068 olei
742 2038 820 2069 testa

91 2089 275 2127 ponebatur,
313 2094 349 2118 ut
377 2090 543 2119 humorem
578 2088 753 2127 imbiberet‚
790 2096 822 2120 et

91 2141 240 2179 praeberet
263 2140 379 2170 lucem:
417 2141 455 2171 P.
485 2141 524 2171 O.
547 2143 710 2181 lyclznum;
737 2141 821 2182 quod

91 2191 158 2221 sine
172 2191 280 2221 caussa
295 2192 414 2231 placuit
434 2193 602 2223 editoribus
628 2200 735 2223 contra
754 2203 820 2223 me-

90 2242 182 2273 liores
197 2253 232 2273 ac
247 2243 351 2282 plures
373 2243 475 2280 libros,
498 2255 597 2284 quum
620 2244 821 2284 glossatorem

92 2294 203 2333 sapiat:
229 2294 325 2324 Vind.
343 2300 377 2326 Σ.
396 2297 495 2326 lumen
503 2311 513 2331 ;
540 2302 584 2326 Ω.
598 2297 715 2326 limum.
746 2295 818 2326 Flo-

90 2352 169 2376 rent.
185 2352 216 2376 et
231 2345 305 2376 Ald.
321 2347 415 2377 etiam
430 2349 538 2378 linum.
576 2347 662 2377 Illud
675 2349 819 2388 lychnum

91 2398 153 2428 huc
168 2397 351 2428 translatum
366 2404 475 2437 putem
490 2409 527 2429 ex
543 2409 570 2429 V.
587 2403 658 2431 296.
704 2399 821 2440 Agitur

89 2456 197 2480 autem
218 2449 258 2479 de
281 2449 390 2490 stuppa
415 2456 445 2480 et
469 2453 546 2482 tedis
570 2461 624 2490 per
649 2456 752 2481 totum
774 2451 820 2482 lo-

89 2511 173 2532 cum.

133 2560 214 2591 Ibid.
246 2568 396 2592 nocturna
425 2564 467 2592 ad
495 2564 624 2593 lumina.
671 2563 819 2594 Carmine

89 2612 257 2652 magnifico
272 2623 346 2643 sane
363 2614 571 2653 Mantuanus,
588 2615 663 2644 AEn.
679 2615 730 2645 vii.
748 2618 797 2645 15.

439 2697 572 2728 tectisque
582 2697 699 2728 superbis

148 2737 210 2762 Urit
222 2738 361 2763 odoratam
373 2742 496 2763 nocturna
508 2740 535 2764 in
551 2739 649 2764 lumina
660 2739 782 2764 cedrum.

90 2809 198 2842 Codex
213 2821 307 2850 unus,
323 2814 374 2848 ad,
392 2821 448 2850 pro
463 2814 496 2842 in
508 2827 518 2847 ;
546 2811 600 2842 sed
615 2812 658 2842 ibi
673 2811 764 2843 male.

132 2871 207 2902 Ver.
223 2876 295 2904 901.
317 2876 494 2904 admoveas:
521 2880 566 2904 Ω.
581 2875 753 2904 admoneas.

132 2931 210 2964 Ver.
229 2937 302 2966 904.
330 2936 439 2967 inhuat
468 2937 559 2976 ignis.
604 2934 818 2972 Quemadmo-

866 1146 942 1179 dum
959 1145 1170 1189 pereleganter
1184 1145 1389 1186 Claudianus,
1401 1155 1498 1189 quart.
1511 1157 1593 1181 cons.

868 1200 990 1230 Honor.
1007 1204 1080 1231 242.

882 1276 952 1298 Iram
963 1274 1101 1305 sanguinei
1111 1274 1184 1306 regio
1198 1274 1246 1298 sub
1256 1277 1366 1306 pectore
1376 1275 1462 1299 cordjs

880 1314 1008 1345 Protegit,
1022 1313 1136 1338 inbutam
1144 1313 1268 1344 flammis,
1278 1315 1440 1346 avidamque
1451 1316 1576 1340 nocendi.

865 1385 959 1416 Liber
994 1395 1087 1420 unus,
1134 1387 1304 1415 inbustam:

867 1437 1020 1467 Heinsius
1044 1438 1228 1473 ambustam
1253 1435 1337 1477 quod
1366 1436 1460 1477 longe
1484 1436 1595 1478 longe-

865 1498 926 1528 que
950 1487 1096 1523 deterius,
1126 1498 1184 1518 nec
1208 1487 1274 1517 viro
1299 1497 1424 1517 summo
1453 1487 1596 1528 dignum.

870 1539 1100 1569 Annotationes
1116 1538 1222 1568 confer
1238 1538 1277 1568 ad
1293 1538 1323 1568 ii.
1341 1541 1412 1568 501.
1428 1548 1520 1577 supra
1534 1549 1596 1570 ver.

872 1592 942 1621 172.
970 1590 1058 1620 Hinc
1090 1589 1290 1625 Prudentius,
1324 1590 1456 1620 cathem.
1482 1601 1508 1621 v.
1526 1595 1596 1622 129.

867 1641 907 1671 ad
928 1652 1023 1681 quem
1048 1641 1154 1671 locum
1178 1640 1276 1671 miror
1299 1640 1423 1671 haesisse
1445 1640 1596 1672 editorem

865 1703 1038 1732 nuperum:

1350 1384 1435 1414 unde
1471 1386 1596 1426 conjici-⁸.

928 1774 987 1796 Non
999 1772 1045 1801 sic,
1060 1774 1091 1796 ut
1103 1772 1225 1797 tenebras
1236 1771 1269 1797 de
1277 1771 1340 1802 face
1350 1771 1463 1803 fulgida,

928 1812 1041 1842 Surgens
1052 1818 1164 1841 oceano,
1179 1811 1269 1842 Iucffer
1279 1810 1377 1834 imbuit.

866 1885 916 1915 De
931 1883 1010 1920 face,
1028 1889 1064 1912 ut
1080 1896 1111 1913 en
1128 1882 1296 1922 λαμπαδος·
1320 1893 1372 1921 ope
1388 1881 1476 1912 facis:
1506 1883 1596 1912 Grae-

864 1946 908 1965 cae
923 1935 1088 1965 locutionis
1103 1932 1340 1974 formulfikalibi
1356 1932 1462 1963 notata
1477 1934 1575 1963 nobis.

907 1996 983 2026 Ver.
1000 1998 1071 2027 906.
1092 1994 1212 2036 faedere
1235 1995 1383 2024 Naturce.
1428 1993 1594 2034 Virgilius,

864 2057 932 2088 ge0.
948 2048 967 2077 i.
982 2051 1034 2078 60.

1027 2121 1074 2145 has
1088 2121 1168 2152 leges
1179 2124 1337 2150 aeternaque
1343 2119 1459 2150 saedere,
1471 2120 1550 2145 certis

896 2160 1016 2192 Inposuit
1027 2162 1129 2184 Natura
1139 2158 1273 2183 locis--.

907 2230 983 2261 Ver.
1004 2233 1074 2262 907.
1098 2232 1194 2270 lapis:
1220 2229 1319 2259 Vind.
1337 2229 1374 2265 Q.
1391 2234 1426 2260 Σ.
1442 2231 1530 2270 lapsi.

907 2290 988 2321 Ibid.
1011 2290 1137 2330 ferrum
1167 2292 1286 2321 ducere.
1330 2289 1519 2330 Elegantius
1547 2291 1594 2321 lo-

863 2349 1003 2383 quuntur
1019 2342 1132 2378 Graeci,
1160 2342 1261 2384 mBnpov
1287 2345 1464 2382 εφελκεσθιιι·
1489 2346 1512 2360 “
1530 2342 1594 2372 fer-

865 2397 887 2412 “
903 2404 976 2423 rum
990 2395 1031 2423 ad
1049 2404 1078 2424 se
1101 2393 1255 2423 ducerez”
1276 2399 1311 2423 ut
1328 2393 1490 2423 Homerus
1511 2393 1595 2424 scili-

864 2450 922 2480 cet,
949 2444 1010 2475 Od.
1029 2451 1069 2474 Π.
1087 2448 1157 2476 294.
1180 2450 1211 2475 et
1240 2444 1350 2474 Suidas
1375 2444 1408 2474 in
1422 2446 1594 2486 Ἣρακλειαν

864 2498 938 2526 >Amr
963 2495 1002 2525 de
1016 2496 1076 2525 hoc
1091 2495 1201 2535 lapide,
1219 2508 1400 2534 επισπωμενῆ
1419 2509 1466 2526 τον
1481 2495 1593 2538 affin-pov

863 2546 1006 2587 quamvis
1030 2546 1146 2577 ibidem
1163 2546 1286 2577 Pisides
1311 2553 1342 2576 et
1366 2546 1536 2586 Euripides
1560 2547 1594 2577 in

862 2597 961 2628 activa
981 2608 1065 2634 voce,
1092 2597 1135 2628 ad
1158 2597 1297 2628 Lucretii
1313 2607 1437 2637 prorsus
1459 2608 1592 2636 morem,

863 2650 993 2690 ὖφελκων
1008 2655 1039 2679 et
1057 2650 1142 2680 ἑλκει-

905 2709 981 2739 Ver.
1014 2712 1086 2741 908.
1127 2709 1241 2749 Quem:

861 2761 958 2792 Vind.
979 2766 1014 2793 Σ.
1025 2763 1081 2804 fic.
1592 2803 1594 2806 ‚

904 2820 986 2852 Ibid.
1004 2822 1120 2861 patriis
1130 2822 1263 2864 finibus.
1295 2820 1500 2858 Mantuanus,
1517 2820 1593 2851 AEm

862 2873 882 2904 i.
901 2876 973 2904 620.

1282 2713 1317 2741 Σ.
1359 2711 1467 2744 Quam.
1512 2708 1594 2738 Mox

958 2945 1059 2971 Finibus
1068 2946 1212 2980 expulsum
1221 2946 1384 2980 patriis—.
