1926 3224
591 230 824 281 LIBER
876 228 1176 278 SEXTUS.
1502 234 1596 279 247

262 363 460 420 Calliope!
494 364 651 420 requies
670 363 900 412 hominum,
922 361 1140 416 divomque
1159 358 1358 414 voluptas:

263 439 328 480 Te
347 439 464 488 duce,
487 447 533 479 ut
553 437 704 494 insigni
724 437 882 491 capiam
904 449 996 476 cum
1017 433 1137 475 laude
1157 447 1363 475 coronam.

177 518 232 555 95
323 512 546 566 Principio,
570 510 724 552 tonitru
745 508 983 563 quatiuntur
1003 507 1153 548 caerula
1172 506 1277 557 coeli,

265 587 502 640 Propterea,
524 583 618 638 quia
639 587 904 628 concurrunt,
928 578 1100 619 sublime
1115 579 1310 629 volantes,

263 658 466 701 AEtheriae
486 655 629 703 nubes,
651 661 794 694 contra
813 651 1092 708 pugnantibus
1112 652 1254 693 ventis.

263 732 352 773 Nee
372 730 418 770 fit
437 729 547 770 enim
567 728 721 769 sonitus
741 725 833 768 coeli
853 726 906 767 de
925 734 1043 781 parte
1063 725 1225 775 seren53

262 805 432 853 Verum,
455 803 732 858 ubiquomque
753 801 882 857 magis
902 800 1028 841 denso
1049 808 1143 841 sunt
1163 799 1326 856 agmine
1345 798 1488 850 nubes,

153 884 231 919 100
261 878 369 920 Tam
389 877 519 933 magis
539 876 635 917 hinc
657 890 811 932 magno
831 874 1014 924 fremitus
1033 874 1081 915 fit
1100 888 1312 915 murmure
1332 888 1451 929 saepe.

318 951 537 1000 Praeterea,
559 964 692 1006 neque
712 957 797 991 tam
819 948 1028 990 condenso
1049 962 1222 1003 corpore
1242 946 1371 988 nubes

120 1108 160 1139 iv.
183 1110 254 1139 117.
278 1107 312 1137 in
327 1105 447 1137 diversa
461 1105 601 1147 quidem,
624 1104 678 1135 sed
699 1115 762 1136 non
784 1104 844 1135 mi·

123 1169 184 1191 nus
209 1158 351 1199 elegante
374 1164 491 1196 tamen,
522 1157 722 1188 translatione
744 1166 844 1187 versa-

123 1217 189 1241 tur:
215 1220 308 1251 quem
323 1209 424 1240 adeas.

168 1261 240 1291 Ver.
257 1264 305 1293 95.
338 1260 401 1290 His
429 1258 638 1299 comparanda
666 1263 753 1297 sunt,
777 1268 846 1299 quae

122 1311 158 1343 in
172 1311 194 1342 i.
208 1315 234 1342 1.
250 1311 408 1353 leguntur.

168 1362 241 1393 Ver.
267 1365 317 1394 94.
339 1363 454 1401 insigni
477 1362 586 1392 laude.-
612 1365 719 1390 contra
741 1358 847 1398 libros,

121 1416 274 1454 insignem
303 1413 456 1444 dederunt
483 1413 624 1448 editores,
662 1412 846 1453 nequissimi

124 1471 158 1497 et
172 1465 368 1497 audacissimi
382 1475 495 1495 rerum.
533 1464 699 1505 Virgilius,
729 1465 803 1494 AEn.
827 1464 846 1494 i.

128 1522 200 1551 625.

187 1593 247 1624 Ipse
261 1591 344 1616 hostis
356 1593 477 1617 Teucros
487 1591 579 1624 insigni
588 1591 664 1616 laude
674 1591 786 1617 ferebat.

169 1671 244 1702 Ver.
267 1674 316 1703 95.
339 1672 468 1701 Horum
483 1670 712 1710 phaenomensm
728 1679 849 1700 caussas

127 1725 226 1756 varias
239 1725 395 1756 recensuit
412 1726 569 1764 Epicurus
590 1724 672 1764 apud
695 1724 737 1754 D.
752 1725 848 1754 La'et-

126 1776 221 1814 tium,
243 1787 272 1806 x.
292 1779 360 1807 loo.
385 1776 438 1817 qui
460 1775 670 1806 consulendus
692 1781 754 1813 est;
777 1775 850 1806 hinc

126 1828 216 1858 enim
230 1838 287 1858 sua
301 1828 466 1858 Lucretius
487 1827 650 1866 derivavit,
673 1833 706 1858 et
730 1827 851 1858 lectori-

128 1880 197 1917 bus,
213 1879 332 1919 opinor,
347 1879 478 1910 eruditis

190 1959 300 1984 Gratius
310 1966 348 1984 ex
358 1958 414 1991 ipso
424 1958 501 1984 fonte
511 1959 636 1984 bibentur
645 1965 736 1990 aquae.

173 2036 255 2068 Ibid.
283 2039 400 2068 tonitru
425 2039 612 2077 quatiuntur
633 2039 747 2068 caerula
777 2039 853 2068 coeli.

129 2088 303 2130 Magnifice
317 2089 430 2128 pariter
447 2089 611 2127 Manilius,
634 2089 654 2120 i.
672 2094 720 2121 99.

160 2176 256 2201 Nubila
265 2183 314 2201 cur
323 2179 400 2202 tanto
411 2179 574 2209 quaterentur
584 2176 660 2209 pulsa
663 2176 781 2209 fragore.

890 1106 912 1122 “
929 1101 1031 1133 terdiu
1054 1101 1106 1132 fax
1131 1103 1256 1133 sublime
1283 1103 1386 1133 volans
1411 1101 1608 1141 conspectaz''

888 1155 907 1186 i.
923 1166 949 1187 e.
972 1159 994 1174 “
1011 1155 1082 1185 a'e‘ra
1096 1164 1289 1194 percurrens,
1316 1163 1382 1184 non
1404 1153 1549 1184 decidens
1571 1155 1611 1184 ad

889 1211 912 1226 “
927 1207 1076 1238 terram.¹’
1089 1207 1211 1237 Mirum
1221 1212 1267 1237 est
1277 1216 1368 1246 opere
1377 1212 1493 1246 quanto
1504 1206 1612 1236 Schef-

888 1258 974 1289 ferus
987 1258 1026 1289 ad
1039 1258 1145 1288 locum
1167 1257 1350 1288 aestuaverit.
1396 1257 1487 1287 Idem
1513 1256 1610 1287 Obse-

890 1319 998 1350 quens,
1021 1319 1086 1348 cap.
1101 1319 1146 1339 cv.
1167 1309 1212 1339 ita
1225 1308 1405 1339 scribendus
1427 1313 1482 1345 est,
1505 1313 1536 1339 et
1551 1308 1612 1338 dis-

890 1359 1094 1400 tinguendus:
1140 1363 1161 1378 “
1186 1361 1261 1397 Fax,
1291 1359 1403 1390 ardens
1433 1359 1614 1400 Tarquiniis

891 1415 913 1429 “
929 1413 988 1441 alte
1013 1410 1088 1446 visa,
1115 1410 1216 1441 subito
1242 1410 1331 1449 lapsu
1355 1410 1498 1441 cadens.”
1543 1412 1614 1441 Alce

890 1467 1004 1497 autem,
1031 1463 1065 1492 in
1088 1463 1176 1492 coelo:
1201 1461 1284 1499 libri,
1309 1462 1369 1492 late
1377 1476 1389 1497 ,-
1416 1461 1539 1492 solitam
1561 1471 1616 1501 per

893 1513 1130 1544 aberrationem.

938 1573 1009 1604 Ver.
1038 1576 1088 1605 97.
1122 1573 1278 1603 AEtlzeriae
1315 1573 1416 1603 nubes.
1453 1572 1616 1603 Maximus

892 1628 1015 1668 Tyrius,
1030 1628 1090 1658 xiv.
1108 1630 1137 1659 7.
1155 1630 1216 1661 Ὦς
1234 1633 1342 1658 ΝΕΦΗ
1357 1632 1529 1663 ΑΙΘΕΡΙΑ,
1547 1628 1616 1658 2270·

892 1679 1033 1722 δραμοντα
1057 1694 1108 1714 την
1133 1681 1200 1712 ἥλιε
1219 1693 1337 1717 ακτινα,
1360 1681 1528 1720 απεκρυψεν
1542 1692 1619 1711 αντε

894 1745 927 1763 το
943 1740 1051 1771 φως-.
1086 1732 1191 1762 Aliter
1205 1732 1357 1770 scriptum
1371 1738 1417 1761 est
1433 1745 1458 1762 ει
1473 1734 1563 1772 wespa,
1587 1738 1619 1762 et

895 1786 984 1825 αιθερι·
1013 1783 1183 1824 legendum
1207 1783 1316 1823 igitur,
1337 1784 1399 1817 Ὠς
1424 1790 1488 1823 νεφη
1511 1789 1617 1814 ΕΝΑΙ-

898 1840 1071 1866 ΘΕΡΙΑ--.

938 1896 1013 1926 Ver.
1029 1900 1080 1928 99.
1103 1897 1193 1926 denso
1209 1896 1339 1935 agmine.
1361 1894 1528 1936 Virgilius,
1544 1896 1619 1926 AEn.

897 1947 928 1978 ii.
943 1949 1017 1979 450.

1183 2019 1228 2045 has
1238 2022 1346 2045 servant
1357 2019 1455 2051 agmine
1463 2019 1548 2044 denso.

940 2092 1014 2122 Ver.
1034 2095 1102 2121 100.
1124 2093 1214 2122 hinc.-
1241 2097 1282 2121 Π.
1298 2092 1363 2126 hic,-
1387 2100 1452 2120 non
1467 2089 1559 2120 male.

942 2148 1023 2179 Ibid.
1060 2159 1170 2188 mag-no
1200 2160 1366 2179 murmure.
1413 2148 1535 2179 Pariter
1569 2148 1623 2179 ille

902 2200 1110 2238 Mantuanus,
1133 2199 1241 2230 itidem
1262 2198 1303 2229 de
1316 2200 1466 2240 fulmine,
1492 2200 1568 2230 AEn.
1583 2199 1622 2230 iv.

131 2247 178 2278 Et
204 2247 351 2278 Valerius
377 2248 520 2288 Flaccus,
550 2248 571 2279 i.
597 2252 647 2279 82.
670 2248 859 2279 castissimus
904 2255 974 2283 160.

134 2298 239 2340 poeta:

573 2386 694 2411 turbidus
704 2390 763 2411 atro

165 2423 272 2449 AEthera
282 2425 417 2449 ceruleum
427 2428 539 2457 quateret
549 2432 612 2450 cum
624 2425 726 2457 Jupiter
738 2424 814 2450 imbre
821 2433 832 2450 .-

133 2506 190 2538 ubi
218 2507 403 2548 conjecturis
428 2508 648 2539 abstinendum
677 2514 731 2539 est.
790 2509 859 2539 Nec

134 2558 333 2591 Mantuanus
355 2559 449 2590 etiam
478 2559 552 2590 huic
576 2565 761 2601 argumento
784 2560 858 2591 alie-

135 2619 208 2647 nus,
235 2611 310 2642 AEn.
325 2611 377 2642 vii.
395 2615 465 2643 145.

165 2700 231 2725 Heic
242 2704 319 2732 pater
329 2700 500 2732 omnipotens
511 2703 553 2727 ter
564 2701 636 2727 coelo
644 2701 730 2727 clarus
739 2702 772 2727 ab
783 2701 838 2727 alto

168 2741 298 2770 Ιπιοηιιὶις
317 2743 448 2774 radiisque
458 2743 599 2768 ardentem
609 2743 674 2768 lucis
685 2747 713 2769 et
725 2750 801 2773 auro,

166 2781 237 2813 lpse,
246 2788 328 2806 manu
337 2782 463 2815 quatiens,
471 2783 587 2808 ostendit
595 2783 627 2807 ab
637 2783 740 2809 aethere
746 2783 845 2808 nubem.

1064 2337 1154 2364 magno
1164 2330 1272 2356 misceri
1281 2336 1412 2355 murmure
1422 2329 1596 2355 coelum—.

942 2403 1024 2435 Ibid.
1035 2404 1186 2445 fremitus
1208 2414 1377 2434 murmure.-
1401 2403 1562 2443 regredere
1586 2402 1626 2434 ad

899 2465 927 2485 v.
952 2458 1044 2486 1192.
1066 2461 1098 2486 et
1122 2454 1230 2485 confer
1253 2454 1327 2485 Stat.
1355 2453 1421 2485 silv.
1446 2453 1489 2485 iii.
1515 2458 1543 2486 2.
1571 2456 1621 2486 72.

903 2506 1057 2545 Catullus,
1073 2505 1149 2537 lxiii.
1165 2509 1217 2536 82.

933 2580 1002 2604 Face
1013 2582 1112 2604 cuncta
1122 2578 1255 2610 mugienti
1258 2577 1370 2609 fremitu
1382 2577 1440 2603 ioca
1451 2581 1571 2603 retonent.

946 2650 1020 2681 Ver.
1038 2654 1108 2682 101.
1129 2652 1238 2682 nubes:
1264 2650 1307 2680 sic
1322 2650 1357 2681 P.
1371 2650 1411 2681 Ο.
1425 2649 1480 2680 sed
1493 2649 1627 2689 optimo-

904 2712 976 2733 rum
996 2702 1147 2733 librorum
1171 2701 1437 2733 dissimilitudines
1461 2701 1628 2742 liquidissi-

904 2764 996 2785 mum
1010 2754 1139 2791 faciunt,
1161 2754 1258 2785 aliam
1271 2764 1379 2784 vocem
1400 2753 1581 2795 quampiam
1595 2754 1629 2783 in

880 2816 884 2819 ·
904 2817 995 2837 versu
1019 2807 1166 2837 Lucretio
1191 2806 1331 2837 relictam
1356 2816 1438 2836 esse:
1476 2805 1574 2836 Vind.
1595 2808 1629 2836 in

179 2853 256 2886 Ver.
284 2861 334 2888 96.
369 2859 494 2889 sublime
520 2860 659 2890 volantes.
702 2859 737 2890 J.
765 2858 863 2889 Obse-
907 2859 968 2895 ire;
993 2857 1033 2888 V.
1044 2857 1092 2888 ed.
1106 2858 1145 2889 L.
1161 2858 1210 2888 M.
1228 2864 1270 2888 11.
1285 2862 1321 2890 Σ.
1338 2864 1383 2888 Ω..
1398 2859 1490 2894 mire,·
1516 2863 1558 2888 Π.
1573 2859 1630 2887 mi-

137 2913 248 2946 qums,
269 2907 310 2938 de
332 2908 476 2951 prodigg.
492 2919 558 2950 cap.
577 2910 617 2942 ci.
641 2913 664 2930 “
681 2910 792 2941 Romae
815 2910 863 2942 in·
907 2921 961 2942 rae.
999 2910 1076 2942 Mea
1091 2909 1152 2941 sext
1165 2909 1283 2951 opinio,
1303 2909 1494 2950 transpositis
1509 2910 1547 2939 ab
1561 2907 1630 2939 iite-

181 2964 271 2997 Vor..
288 2966 361 2999 ΙΙΙ.
896 2969 929 3000 R
