1926 3224
319 213 414 254 322

818 204 880 252 T.
928 200 1310 251 LUCRETII

347 342 433 379 660
462 336 636 379 Exsistit
655 347 767 376 sacer
785 332 907 389 ignis,
928 339 970 374 et
989 332 1087 383 urit,
1110 345 1285 388 corpore
1304 345 1486 388 serpens,

463 412 809 463 Quamquomque
828 406 1024 461 adripuit,
1046 413 1224 461 partem,
1246 406 1436 462 repitque
1452 419 1529 461 per
1548 413 1680 458 artus3

458 483 682 532 Nimirum,
704 481 801 538 quia
819 488 914 522 sunt
933 480 1157 522 multarum
1178 480 1334 522 semina
1352 486 1516 535 rerum}

464 557 521 599 Et
540 557 635 598 satis
655 555 746 598 haec
766 555 882 597 tellus
903 554 1055 605 morbi,
1077 553 1322 609 coelumque,
1342 553 1439 594 mali
1458 553 1552 605 fert,

463 630 591 672 Unde
609 638 732 686 queat
751 629 810 670 vis
829 629 1004 671 inmensi
1022 641 1282 683 procrescere
1301 627 1451 669 morbi.

349 710 430 747 665
464 705 532 747 Sic
551 705 678 762 igitur
696 703 773 745 toti
798 703 917 753 coelo,
939 711 1158 758 terraeque,
1189 701 1422 756 putandum
1441 708 1501 743 est

464 779 535 821 Ex
554 779 718 820 infinito
739 777 836 819 satis
857 777 998 818 omnia
1023 775 1296 832 subpeditare,

320 962 502 992 —corpore.·
529 951 566 981 Ρ.
577 951 619 980 V.
635 949 681 981 ed.
697 961 821 990 corpora
827 966 839 987 ,·
863 959 927 980 non
942 951 1046 989 probo,
1085 947 1261 988 jugatione‚
1283 956 1394 977 verum
1415 947 1519 976 fuerat
1540 951 1628 977 extra
1647 952 1824 979 controver-

321 1013 421 1044 quum
457 1001 547 1033 solita
575 1001 615 1032 sit
650 1001 778 1032 omissio
812 1001 1047 1041 praepositionis.

321 1053 458 1092 Plinius,
479 1058 541 1084 nat.
563 1053 632 1084 hist.
654 1062 704 1082 xx.
719 1056 770 1083 54.
795 1055 817 1071 “
833 1052 1047 1092 Epinyctidas‚

322 1108 345 1124 “
361 1112 392 1136 et
406 1104 553 1150 quicquid
567 1103 655 1135 aliud
672 1107 765 1145 serpit
788 1106 822 1135 in
837 1115 966 1145 corpore,
989 1104 1050 1134 im-

322 1161 346 1177 “
362 1158 460 1197 posita
474 1157 585 1188 levat.'’
632 1157 700 1187 Nec
715 1163 821 1187 tamen
837 1166 900 1186 non
917 1156 997 1186 foret
1015 1155 1049 1185 in

322 1208 570 1250 exquisitissimae
598 1209 768 1239 venustatis
801 1206 946 1236 formulis
973 1205 1054 1235 illud

323 1272 448 1300 corpora
469 1271 599 1300 serpens.
647 1260 696 1290 Sic
722 1258 891 1293 Amemus,
915 1257 966 1287 lib.
981 1256 1001 1287 i.
1024 1267 1053 1296 p.

323 1315 373 1343 20.
398 1315 420 1330 “
434 1311 594 1351 Indigetes
609 1311 665 1346 illi,
675 1311 728 1350 qui
732 1311 856 1350 flumen
871 1307 1051 1348 κρατή-Ρ

324 1363 376 1393 De
391 1364 450 1393 hoc
465 1368 570 1392 autem
589 1361 740 1401 regimine
755 1358 971 1400 hujuscemodi
986 1369 1052 1390 ver.

323 1416 437 1446 borum
459 1424 516 1444 nos
541 1413 631 1453 plura
656 1412 696 1443 ad
719 1412 739 1443 i.
759 1416 848 1443 1060.
871 1412 903 1442 ii.
925 1415 999 1442 206.
1023 1416 1054 1441 et

322 1465 406 1496 alibi.
453 1465 620 1500 Caeterum,
639 1474 698 1494 vox
713 1465 777 1494 urit
792 1463 897 1494 minus
912 1463 1054 1504 elegante

322 1517 450 1557 ingenio
464 1516 562 1557 digna
577 1522 704 1557 apparet
718 1517 761 1547 sic
779 1516 887 1556 posita.
930 1515 1053 1556 Legen-

321 1569 412 1599 dum:

352 1651 462 1676 Exsistit
472 1657 545 1675 sacer
556 1650 630 1682 ignis,
641 1654 667 1675 et
679 1649 775 1679 haurit,
787 1656 900 1681 corpore
910 1655 1026 1681 serpens,

352 1702 581 1732 Quamquomque
592 1700 719 1732 adripuit,
730 1703 907 1732 partem—.

322 1786 429 1816 Verba
443 1788 552 1816 Ιιαιινίο
568 1791 599 1815 et
614 1796 668 1815 uro
684 1784 790 1815 scribae
805 1783 1054 1823 permiscuerunt

321 1836 363 1867 ad
379 1837 518 1874 Livium,
543 1846 612 1866 xxx.
630 1840 658 1867 6.
674 1839 703 1865 8.
729 1837 848 1866 IIaurit
865 1841 978 1870 autem,
996 1834 1050 1865 de-

321 1887 430 1928 pascit,
456 1887 592 1925 devorat,
615 1889 689 1924 edit,
711 1887 880 1916 consumit:
905 1885 969 1926 quai
987 1886 1051 1916 dic-

321 1940 406 1970 tione
421 1939 500 1969 nihil
518 1939 591 1969 huic
607 1938 676 1969 loco
691 1938 887 1969 commodius
893 1950 902 1976 ;
926 1938 996 1969 vide
1012 1939 1053 1969 sis

322 2001 379 2022 nos
393 1991 433 2022 ad
448 2001 475 2021 v.
492 1995 562 2023 989.
600 1990 765 2031 Virgilius,
783 1991 858 2021 AEn.
874 1991 906 2021 ii.
923 1994 994 2022 600.

321 2075 380 2105 Jam
394 2072 515 2096 flamma:
527 2071 648 2102 tulerint,
662 2071 785 2096 inimicus
797 2075 824 2096 et
836 2071 947 2096 hauserit
956 2071 1034 2104 ignis.-

320 2163 384 2194 quo
413 2152 509 2183 modo
537 2151 770 2182 rescribendum
800 2161 867 2181 esse
891 2161 949 2182 nos
978 2152 1053 2182 alibi

320 2204 499 2241 docuimus;
530 2214 566 2234 ac
591 2204 720 2244 phrasin
749 2203 892 2243 pluribus
918 2203 1051 2234 illustra-

320 2263 387 2287 tam
402 2256 504 2286 videas
519 2255 648 2286 eruditis
669 2256 741 2285 viris
762 2254 802 2285 ad
823 2255 944 2286 Lucan.
962 2266 991 2286 x.
1007 2259 1056 2287 71.

319 2307 387 2338 Liv.
403 2317 429 2337 v.
444 2311 472 2338 7.
486 2311 516 2338 3.
532 2313 564 2337 et
577 2307 716 2346 profecto
734 2307 808 2337 satis
823 2313 990 2348 pervagata
1003 2313 1057 2338 est.

320 2360 410 2391 Hinc
424 2360 551 2400 insuper
566 2360 694 2399 pulchre
719 2366 899 2400 congruunt
913 2360 966 2390 illa
982 2361 1055 2391 vir-

320 2412 449 2453 giliana,
463 2422 531 2453 geo.
547 2412 591 2442 iii.
606 2411 659 2442 fin.

477 2499 617 2521 contactos
626 2498 699 2521 artat
710 2503 779 2520 sacer
788 2495 853 2527 ignis
865 2501 990 2526 ΕΒΕΒΑΤ.

320 2569 372 2601 De
387 2571 435 2601 his
450 2580 522 2601 vero
536 2570 617 2602 docti
637 2569 795 2612 judicium
810 2570 921 2602 ferant.

362 2631 437 2662 Ver.
452 2635 525 2662 661.
547 2634 702 2672 repitque:
728 2631 769 2662 V.
784 2631 832 2662 ed.
849 2632 886 2662 B.
904 2631 943 2663 Ο.
963 2642 1046 2672 repe-

318 2685 423 2723 titque.
467 2683 536 2714 Nec
562 2689 668 2714 tamen
697 2682 736 2714 de
759 2683 934 2714 mutatione
963 2684 1047 2724 cogi·

319 2734 467 2773 tandum3
492 2736 551 2765 hoc
575 2736 662 2766 enim
687 2741 894 2776 cognatorum
921 2736 1052 2766 vocabu-

320 2785 423 2815 lorum
446 2787 625 2818 sodalitium
648 2794 751 2819 noster
765 2788 851 2819 haud
873 2794 1054 2828 aspernatus

320 2844 381 2868 est:
408 2839 548 2870 conferas
563 2842 656 2880 infra,
673 2852 749 2872 verr.
767 2845 861 2874 1119.
881 2845 973 2872 1120.
1020 2841 1053 2871 Si

322 2890 471 2922 dixissent
485 2892 690 2935 antiquissimi
712 2901 794 2935 reple
818 2895 851 2925 iu
875 2894 964 2926 tertie}
978 2904 1051 2925 con-

1091 1001 1171 1030 siam
1193 1001 1301 1039 reptic:
1328 998 1367 1028 de
1382 999 1440 1028 hac
1467 1003 1574 1028 autem
1588 1008 1622 1028 re
1645 999 1725 1029 nihil
1739 1010 1825 1032 com·

1092 1056 1214 1090 pertum
1230 1050 1339 1079 habeo.

1135 1113 1211 1142 Ver.
1235 1114 1306 1142 663.
1340 1111 1452 1140 morbi.-
1488 1109 1507 1140 i.
1537 1119 1563 1140 e.
1593 1112 1617 1128 “
1643 1109 1726 1141 Haec
1760 1109 1827 1150 ipsa

1092 1166 1114 1181 “
1131 1162 1224 1192 tellus
1238 1164 1313 1193 satis
1327 1163 1424 1192 morbi
1439 1161 1506 1198 fert,
1529 1161 1617 1192 unde
1632 1163 1677 1193 vel
1698 1164 1827 1194 immen-

1098 1216 1120 1231 “
1134 1224 1185 1244 sus
1201 1215 1319 1244 morbus
1341 1212 1437 1252 possit
1451 1213 1687 1252 procrescere:”
1711 1223 1788 1244 nam
1808 1224 1829 1248 a

1091 1267 1199 1306 parvis
1214 1265 1331 1295 caussis
1345 1274 1394 1295 res
1408 1267 1550 1296 mawimae
1565 1270 1744 1296 nascuntur.
1776 1265 1830 1296 sic

1096 1316 1192 1347 satius
1213 1315 1414 1346 scribendum
1441 1315 1538 1346 habui
1562 1325 1637 1346 cum
1659 1315 1829 1347 vetustissi-

1096 1367 1158 1397 mis
1173 1373 1204 1397 et
1217 1366 1344 1406 optimis
1359 1365 1600 1406 exemplaribus,
1623 1377 1719 1408 quam
1733 1368 1830 1406 nobis,

1096 1418 1181 1459 quod
1203 1418 1352 1448 exhibent
1367 1422 1402 1449 Δ.
1418 1423 1453 1450 Σ.
1480 1423 1512 1448 et
1535 1417 1609 1448 editi
1633 1418 1831 1457 recentiores,

1097 1479 1170 1500 cum
1186 1469 1383 1506 Florentium
1406 1468 1470 1504 sed,
1493 1468 1618 1508 opinor,
1640 1469 1754 1510 absque
1777 1478 1829 1499 co-

1097 1519 1361 1551 dicibus—mali.-
1389 1519 1426 1550 P.
1438 1518 1537 1550 Vind.
1549 1518 1588 1550 V.
1604 1518 1652 1550 ed.
1669 1525 1716 1551 Ω.
1733 1521 1829 1558 males

1096 1572 1150 1602 scd
1165 1571 1245 1602 nihil
1259 1571 1440 1602 novandum
1455 1577 1540 1611 puto.

1140 1630 1223 1661 Ibid.
1238 1631 1336 1661 morbi
1349 1632 1434 1661 ntuli.
1475 1630 1596 1668 CelsuS,
1611 1629 1643 1661 ii.
1659 1633 1688 1662 4.
1706 1633 1729 1649 “
1745 1631 1830 1662 Mali

1096 1685 1119 1701 ‘²
1136 1682 1231 1712 etiarn
1246 1684 1343 1713 nzorbi
1365 1682 1582 1712 testimonium
1600 1687 1647 1712 est
1660 1682 1828 1713 vehemen-

1094 1736 1119 1752 “
1135 1739 1182 1763 ter
1197 1739 1229 1763 et
1243 1734 1350 1763 crebro
1365 1732 1511 1772 spirare.”
1554 1733 1605 1763 Sic
1621 1738 1709 1765 Nsaeov
1724 1747 1831 1772 xoexm,

1098 1784 1136 1815 11.
1159 1792 1194 1816 A.
1211 1788 1260 1816 10.
1285 1785 1458 1816 Homerus.
1503 1785 1616 1826 Neque
1638 1785 1762 1816 alienus
1783 1790 1830 1819 est

1098 1836 1264 1876 Horatius,
1285 1842 1341 1867 art.
1355 1838 1436 1877 po'et.
1454 1840 1527 1868 453.

1127 1920 1166 1944 Ut
1177 1919 1244 1943 mala
1257 1926 1338 1950 quem
1356 1918 1465 1949 scabies,
1482 1921 1530 1944 aut
1549 1918 1648 1944 morbus
1667 1918 1766 1951 regius,
1785 1923 1831 1944 ur-

1219 1961 1338 1989 get—.

1138 2039 1212 2069 Ver.
1229 2042 1300 2069 664.
1324 2040 1471 2069 inmensi:
1496 2038 1540 2068 sic
1556 2037 1669 2068 diserte
1688 2044 1733 2069 Ω..
1755 2037 1828 2069 reli.

1096 2091 1163 2132 qui,
1186 2092 1492 2122 immensz'.—morbi:
1519 2090 1616 2121 Vind.
1633 2092 1721 2122 mobi.

1137 2152 1216 2182 Ver.
1232 2156 1304 2183 665.
1326 2154 1416 2183 coelo:
1442 2153 1483 2182 V.
1505 2151 1553 2182 ed.
1575 2153 1658 2188 coelc';
1683 2161 1759 2182 curn
1779 2151 1828 2183 in·

1099 2203 1241 2233 suaviore
1255 2213 1340 2238 sono,
1363 2208 1395 2233 et
1417 2213 1454 2233 ex
1478 2212 1581 2233 errore
1600 2202 1706 2233 forsan
1721 2212 1827 2242 opem-

1101 2265 1186 2286 rum:
1212 2255 1303 2286 aliter
1317 2255 1498 2294 exemplum
1508 2256 1694 2286 haberemus
1709 2254 1828 2286 formu-

1102 2305 1152 2343 lae,
1176 2306 1215 2336 de
1239 2306 1330 2347 cujus
1353 2306 1539 2347 proprietate
1555 2306 1830 2338 dubitabamusad

1103 2368 1166 2389 ver.
1185 2362 1256 2390 629.
1291 2359 1374 2389 Sane
1405 2359 1560 2390 auxilium
1588 2359 1674 2390 venit
1702 2358 1830 2389 auribus

1103 2410 1278 2442 delicatulis
1301 2411 1579 2451 praesentissimum
1604 2410 1702 2442 codex
1727 2415 1830 2441 noster

1110 2462 1151 2492 Ο.
1170 2461 1312 2493 ordinem
1326 2462 1481 2493 diversum
1497 2462 1661 2493 adhibens:

1273 2549 1325 2575 toti
1339 2553 1424 2580 rerrae,
1438 2549 1560 2582 coeloque,
1572 2551 1725 2582 putandum
1736 2552 1790 2575 est:

1093 2629 1151 2650 nec
1167 2625 1274 2650 tamen
1289 2631 1308 2651 a
1323 2620 1462 2662 vulgatis
1477 2621 1596 2653 discedi
1611 2620 1714 2652 velim.

1138 2679 1212 2711 Ver.
1228 2685 1301 2713 666.
1324 2684 1538 2723 subpeditare.-
1566 2685 1588 2701 “
1603 2680 1692 2722 quasi
1706 2682 1759 2712 sub
1772 2691 1827 2721 pe-

1098 2735 1120 2751 “
1137 2734 1237 2771 dibus,
1264 2744 1321 2773 pro
1344 2735 1410 2766 solo
1432 2745 1468 2766 ac
1486 2733 1694 2765 fundamento
1715 2733 1772 2772 rei,
1793 2743 1828 2764 se

1099 2787 1122 2802 “
1138 2784 1319 2823 praestare:”
1343 2785 1486 2816 absoluto
1500 2795 1610 2823 sensu;
1627 2785 1666 2816 de
1681 2795 1744 2826 quo
1759 2795 1827 2825 per-

1098 2835 1184 2876 legas
1200 2842 1349 2867 annotata
1363 2836 1404 2867 ad
1417 2836 1437 2866 i.
1454 2838 1525 2867 548.

1140 2896 1214 2926 Ver.
1231 2899 1302 2928 668.
1325 2907 1379 2928 ac.-
1406 2895 1449 2926 ita
1463 2895 1561 2927 Vind.
1585 2895 1622 2926 L.
1653 2896 1702 2927 Μ.
1729 2896 1770 2927 0.
1788 2900 1829 2927 -Δ,
