1926 3305
453 721 596 786 AD
676 717 1413 786 LUCRETIUM.

191 1143 446 1195 DOCTE·
471 1140 724 1200 POETA,
757 1139 882 1190 vale!
918 1148 1082 1188 ternos
1105 1140 1224 1188 mihi
1249 1158 1366 1190 cura
1386 1158 1474 1207 per
1497 1158 1670 1203 annos;

255 1244 321 1291 Et
344 1260 476 1291 nunc
502 1258 617 1290 cura
638 1240 779 1288 mihi:
816 1255 980 1287 DOCTE
1004 1256 1182 1298 POETA,
1205 1240 1331 1290 vale!

191 1341 381 1390 Lucida
405 1341 522 1389 dum
544 1340 692 1388 rutilo
717 1339 797 1388 Sol
820 1339 1007 1404 spicula
1028 1340 1192 1388 mittet
1215 1341 1274 1388 ab
1300 1357 1435 1400 arcu,

253 1441 390 1487 Dum
413 1456 545 1487 mare
568 1438 845 1501 fluctifrago
867 1438 1010 1486 litore
1033 1438 1180 1486 laedet
1204 1455 1368 1502 aquas,

191 1537 326 1585 Dum
350 1544 664 1601 tempestates
686 1535 944 1584 variabunt
967 1544 1174 1600 quatuor
1198 1554 1396 1595 annum,

254 1635 424 1699 Usque
448 1641 647 1683 recente
670 1640 785 1681 tuus
807 1633 953 1680 laude
976 1634 1155 1681 virebit
1178 1635 1346 1684 honos.

190 1732 410 1781 Forsitan
434 1740 484 1780 et
507 1739 727 1780 nostrum
751 1747 838 1795 per
862 1746 967 1778 sera
988 1730 1213 1778 volubilis
1238 1732 1329 1779 aevi

253 1830 497 1894 Tempora
521 1847 633 1877 cum
659 1830 786 1878 CARI
810 1830 1007 1878 nomine
1031 1846 1210 1877 nomen
1234 1837 1329 1878 eat.

190 1928 385 1976 Merces
408 1936 545 1992 parta
568 1927 704 1986 mihi,
733 1928 874 1977 sociis
896 1928 1120 1976 volitabit
1142 1928 1193 1975 in
1216 1928 1360 1975 undis

254 2026 408 2074 Parva
432 2042 594 2075 comes
617 2041 809 2089 magnae
833 2023 872 2071 si
895 2040 1004 2071 mea
1028 2025 1202 2089 cymba
1224 2026 1340 2084 rati3

190 2124 548 2188 Posteritasque
571 2140 705 2172 meos
733 2123 866 2170 dicet
888 2129 1066 2170 testata
1085 2122 1294 2182 labores,

253 2229 286 2250 ‘⁶
311 2222 490 2271 Nonne
513 2221 786 2287 patrocinio
810 2221 1005 2286 dignius
1027 2221 1151 2269 illud
1173 2222 1356 2286 opus?''

189 2320 335 2369 Certe
358 2320 577 2369 venturis
599 2321 668 2368 ita
689 2319 1036 2368 vociferabitur
1059 2320 1197 2367 annis

253 2417 428 2465 Naenia
450 2418 609 2467 Pierio
632 2426 797 2467 nostra
821 2419 1035 2466 notanda
1059 2419 1231 2467 choro:

186 2521 220 2543 ‘⁶
246 2515 448 2580 Sceptra
470 2516 813 2566 Britannorum
838 2517 955 2565 dum
979 2533 1187 2566 TERTIUS
1209 2515 1301 2565 iste
1324 2517 1514 2566 teneret

254 2619 287 2641 “
314 2613 597 2675 GEORGIUS,
619 2616 671 2663 in
693 2615 855 2665 lucem
878 2616 1063 2681 prodiit
1085 2615 1227 2664 hicce
1249 2615 1427 2665 liber!'’

187 2711 370 2760 Audax
393 2713 475 2762 ille
499 2714 661 2773 nimis,
685 2714 828 2763 nimis
851 2731 956 2763 aevo
982 2713 1208 2763 credulus
1231 2713 1330 2774 ille,

249 2809 349 2866 Qui
372 2811 459 2858 tali
481 2819 673 2861 tantum
699 2829 894 2862 carmen
918 2812 1072 2862 adivit
1094 2830 1198 2862 ave.

235 2890 344 2934 VoL.
367 2892 448 2934 ΙΙΙ.
930 2910 956 2936 a
