1926 3224
553 211 786 261 LIBER

845 210 1148 260 SEXTUS

1501 221 1594 260 323

253 343 378 386 Unde
397 351 564 399 repente
583 350 706 399 queat
725 342 840 384 tellus
868 357 1066 384 concussa
1085 343 1256 393 moveri,

250 417 412 474 Perque
432 432 559 468 mare,
581 433 629 459 ac
649 425 791 467 terras,
814 416 980 471 rapidus
1000 431 1240 471 percurrere
1261 415 1398 467 turbo,

251 491 365 549 Ignis
385 492 596 534 abundare
616 490 824 539 AEtnaeus‚
846 489 1122 530 flammescere
1143 490 1290 531 eoelum
1301 508 1315 540 3

137 566 218 607 670
251 566 301 607 Id
322 581 484 622 quoque
504 566 613 606 enim
633 564 695 613 fit,
725 570 765 603 et
785 562 1003 603 ardescunt
1023 563 1201 604 coelestia
1221 564 1384 619 templa.

254 640 310 681 Et
329 646 586 694 tempestates
606 637 756 692 pluviae
775 637 965 693 graviore
987 644 1133 677 coortu

254 715 375 763 Sunt,
397 712 468 754 ubi
488 711 593 753 forte
612 712 670 752 ita
689 726 732 752 se
751 710 974 752 tetulerunt
995 710 1150 751 semina
1169 725 1384 766 aquarum.

307 787 368 828 At
385 785 506 827 nimis
527 793 587 826 est
606 785 752 842 ingens
771 785 952 826 incendii
973 784 1162 826 turbidus
1183 784 1325 826 ardor!

107 964 144 992 Σ.
164 966 208 991 Ω.
223 958 330 1000 vulgo,
343 965 388 996 et;
407 958 477 990 vide
491 959 511 990 i.
526 963 578 990 31.
602 959 738 990 Deamat
753 960 833 990 hanc

106 1012 292 1054 particulam
306 1011 481 1042 Lucretius.

152 1071 226 1102 Ver.
245 1075 317 1103 669.
351 1073 440 1111 Ignis
477 1072 634 1102 abundare
672 1073 829 1103 AEtnoeus.

109 1123 210 1153 Hunc
226 1122 345 1153 fontem
358 1122 479 1153 videtur
491 1122 646 1163 Virgilius
661 1122 834 1159 accessisse,

109 1173 149 1205 ad
163 1184 231 1214 geo.
248 1174 268 1204 i.
286 1176 359 1205 472.
769 1178 779 1182 ”

273 1255 382 1286 Quoties
394 1255 545 1287 Cyclopum
556 1255 684 1280 effervere
695 1255 721 1279 in
732 1261 809 1287 agros

109 1303 241 1334 Vidimus,
250 1303 389 1328 undantem
400 1303 485 1335 ruptis
496 1302 659 1334 fornacibus,
676 1305 816 1328 AEtnam—
823 1303 836 1328 ?

111 1372 194 1405 Vide
226 1374 367 1406 Servium
399 1375 474 1406 ibid.
513 1380 545 1405 et
581 1375 656 1405 AEn.
682 1375 736 1406 xii.
763 1378 835 1406 675.

109 1425 212 1456 Haud
226 1425 315 1456 aliter
331 1426 456 1462 Seneca,
474 1425 604 1466 Hippoi.
621 1429 692 1457 102.

171 1509 204 1532 Et
215 1508 291 1533 ardet
303 1507 384 1538 intus,
401 1507 485 1539 qualis
495 1509 597 1533 AEmaeo
608 1514 692 1540 vapor

173 1556 298 1581 Exundat
309 1559 398 1581 antro.

110 1627 155 1658 Et
193 1627 398 1667 Claudianus,
435 1626 520 1667 idyl).
546 1626 598 1658 vii.
634 1631 685 1658 55.
727 1626 837 1658 eodem

112 1677 222 1710 modo:

139 1755 199 1786 Ipse
209 1752 392 1780 redundantem
402 1752 519 1779 frenavit
530 1753 660 1779 Mulciber
670 1756 788 1779 AEtnam.

110 1824 218 1857 Julius
235 1825 418 1866 Obsequens
432 1825 536 1861 etiam,
552 1835 617 1864 cap.
635 1829 684 1856 82.
701 1825 756 1856 ubi
772 1835 836 1856 non

110 1876 203 1907 latuit
238 1881 342 1906 noster
379 1876 658 1915 Oudendorpium:
701 1880 723 1895 “
741 1878 838 1907 Mons

112 1930 135 1946 “
152 1929 254 1958 AEtna
270 1926 396 1967 ignibus
424 1927 622 1958 abzmclavc't.''
668 1928 767 1959 Plura
793 1928 837 1958 vi-

111 1977 185 2009 deas
206 1978 360 2018 exempla,
390 1979 526 2009 Heinsio
548 1985 703 2020 congesta,
727 1980 767 2011 ad
784 1981 838 2012 Sil.

112 2030 156 2061 It.
172 2030 223 2061 vii.
238 2032 312 2062 355.
338 2030 467 2061 Addam
495 2031 640 2070 Statium,
671 2031 770 2062 Theb.
796 2032 840 2064 iii.

112 2085 184 2115 595.
207 2083 246 2114 de
261 2082 372 2114 eodem
387 2089 507 2114 monte:

461 2157 554 2188 procul
565 2157 653 2189 igneus
664 2157 747 2182 antris

175 2204 252 2227 Mons
263 2206 354 2228 tonat:
372 2203 506 2229 exundant
517 2205 675 2236 apices—.

115 2278 306 2310 Ammianus
322 2278 537 2315 Marcellinus,
553 2278 625 2309 xvii.
637 2278 739 2309 iv.—-“
756 2278 843 2317 facis,

114 2334 137 2349 “
154 2329 283 2359 —velut
309 2330 482 2360 abundanti
503 2329 631 2359 flamma
650 2330 840 2360 candentis.’'

117 2381 220 2411 Graeci
238 2380 379 2420 magistri
394 2380 547 2419 praeivere.
595 2381 645 2411 Sic
662 2381 840 2421 Euripides,

115 2433 204 2464 :Med
223 2436 315 2463 1187.

152 2513 255 2546 Χρυσυς
268 2519 321 2542 μεν,
336 2517 402 2544 ons-opt
416 2520 494 2545 xpm-c
507 2519 622 2542 κειμένας,
637 2515 728 2539 πλοκῆς

152 2561 314 2592 Θαυμαστον
328 2558 354 2584 ἵει
369 2559 474 2584 NAMA
487 2566 622 2593 παμφωγὲ
636 2561 760 2586 ΠΥΡΟΣ.

113 2634 159 2665 Et
186 2634 364 2665 committas
383 2633 564 2670 Pindarum,
589 2634 681 2674 Pyth.
709 2635 730 2665 i.
758 2639 843 2667 40-

113 2691 165 2718 44.
187 2696 261 2717 cum
286 2686 384 2717 doctis
413 2686 453 2716 ad
481 2686 646 2717 Claudiae.
663 2693 739 2726 rapt.
756 2688 842 2719 Pros.

114 2737 136 2769 i.
154 2742 224 2770 169.
247 2748 305 2768 nos
319 2738 405 2768 enim
420 2738 493 2769 alibi
507 2738 609 2769 fusius
621 2738 659 2769 de
675 2740 732 2769 hac
744 2746 842 2771 meta-

115 2790 221 2831 phora.

160 2849 243 2880 Ibid.
258 2852 471 2891 flammescere
499 2852 615 2881 ecclam.
661 2851 735 2881 Hoc
764 2851 844 2881 forte

115 2910 157 2931 an
179 2901 353 2943 Virgilium
377 2901 538 2943 impulerit
569 2902 609 2934 ad
638 2901 671 2933 id
696 2902 843 2938 audaciae,

877 964 912 988 ut
927 958 1089 989 nonnullis
1105 957 1338 1001 παρατραγῳδειν
1354 959 1406 989 ille
1420 959 1560 990 videatur
1574 959 1609 990 in

876 1011 935 1040 hoc
951 1017 1149 1050 argumento,
1167 1010 1211 1040 ad.
1226 1012 1300 1041 AEn.
1316 1011 1358 1041 iii.
1375 1015 1446 1043 574.

876 1092 1044 1124 Adtollitque
1055 1092 1147 1124 globos
1158 1092 1344 1123 flammarum,
1361 1097 1388 1118 ct
1400 1093 1482 1118 sidera
1495 1094 1590 1119 lambit.

879 1165 988 1202 Porro,
999 1165 1129 1195 verbum
1145 1170 1190 1194 est
1205 1164 1299 1204 longe
1312 1165 1609 1206 rarissimumflmn-

880 1228 981 1248 mesco.
1015 1216 1201 1247 Ambrosius
1214 1217 1288 1246 hinc
1303 1216 1430 1256 excepit,
1454 1217 1487 1246 in
1504 1212 1614 1258 hymn}

879 1268 917 1299 iv.
935 1272 964 1299 7.

1034 1341 1193 1365 Flammescat
1203 1340 1266 1372 igne
1275 1340 1399 1366 charitas.

881 1421 949 1452 Nec
965 1421 1074 1462 glossis
1088 1421 1184 1451 etiam
1199 1420 1328 1451 vetustis
1344 1427 1391 1451 est
1405 1420 1610 1461 praeteritum:

882 1475 904 1490 ‘⁶
920 1474 1153 1508 flammescere,
1185 1468 1383 1511 vamtatem?
1412 1477 1448 1502 ut
1479 1471 1612 1502 vicissim

884 1524 1018 1555 Latinae.

924 1590 999 1619 Ver.
1016 1592 1088 1620 671.
1111 1590 1172 1619 Et:
1198 1588 1242 1619 sic
1265 1598 1374 1618 omnes
1392 1588 1462 1618 libri
1485 1588 1595 1619 vetusti
1602 1601 1620 1627 ;.

881 1640 936 1670 sed
959 1639 1091 1670 editores
1120 1639 1159 1669 de
1185 1650 1243 1669 suo
1268 1641 1325 1670 Ut:
1351 1639 1553 1678 ineptissime,
1577 1650 1614 1670 ac

881 1691 941 1721 loci
957 1701 1048 1730 scopo
1071 1690 1268 1721 reclamante.
1316 1690 1417 1720 Po'eta
1431 1690 1547 1720 scilicet
1561 1690 1616 1720 dat

880 1752 1006 1781 operam
1020 1742 1173 1780 evincere,
1187 1741 1236 1771 vel
1250 1741 1392 1781 ingentia
1404 1734 1511 1770 AEtnae
1523 1751 1614 1771 mon-

880 1793 919 1822 tis
947 1792 1092 1822 incendia
1115 1792 1229 1822 exoriri
1258 1802 1347 1830 posse
1375 1792 1547 1822 seminibus
1575 1793 1616 1822 ab

881 1844 969 1874 omni
991 1850 1078 1883 parte
1106 1842 1348 1880 confluentibus,
1377 1848 1407 1871 et
1429 1853 1466 1872 ex
1489 1842 1616 1872 infinito

881 1894 1100 1934 suppeditatis:
1121 1899 1157 1924 ut
1173 1904 1206 1924 se
1220 1904 1270 1924 res
1284 1895 1376 1925 habet
1392 1894 1424 1923 in
1437 1893 1564 1932 morbis,
1574 1900 1618 1933 et,

883 1945 968 1986 quod
983 1945 1153 1985 appositius
1168 1951 1214 1976 est
1233 1955 1273 1976 ae
1285 1945 1397 1986 majus,
1420 1945 1454 1975 in
1470 1946 1615 1986 gravium

883 1998 1061 2037 pluviarum
1077 1999 1117 2028 vi.
1165 1998 1261 2036 Nam,
1286 1997 1311 2028 si
1337 1997 1455 2027 nimius
1470 2003 1617 2036 appareat

883 2053 934 2083 hic
949 2052 1150 2082 flammarum
1166 2054 1268 2090 turbo,
1281 2052 1314 2081 in
1326 2051 1434 2081 caussa
1445 2057 1491 2080 est
1506 2051 1616 2082 inscita

884 2103 1060 2141 admiratio,
1083 2103 1192 2133 omnia
1207 2113 1288 2132 nova
1305 2102 1385 2144 (redi
1401 2108 1492 2132 notas
1506 2102 1540 2132 in
1554 2113 1616 2134 ver.

885 2155 973 2195 654.)
997 2164 1062 2184 esse
1084 2154 1184 2183 nimia
1209 2153 1424 2190 existimantis,
1450 2164 1551 2194 neque
1573 2154 1623 2190 ad,

884 2205 1128 2236 inenarrabilem
1151 2216 1283 2236 summae
1304 2205 1400 2235 totius
1419 2205 1615 2236 immensita-

884 2262 949 2287 tem
965 2257 1038 2287 satis
1053 2257 1220 2298 diligenter
1235 2257 1379 2287 animum
1393 2256 1588 2289 advertentis.

930 2317 1011 2348 Ibid.
1048 2324 1167 2349 coorta.-
1206 2328 1265 2348 vox
1295 2318 1494 2354 Lucretiana,
1527 2318 1615 2357 prius

885 2368 1026 2400 adhibita
1040 2369 1073 2399 in
1089 2370 1120 2400 ii.
1140 2373 1230 2402 1105.
1252 2380 1322 2411 quae
1339 2370 1484 2400 notitiam
1499 2370 1614 2402 lexico-

884 2422 1076 2462 graphorum
1092 2422 1184 2463 fugit.

928 2482 1001 2513 Ver.
1017 2487 1089 2514 672.
1109 2485 1292 2515 tetulerunt.-
1321 2483 1360 2513 Ο.
1376 2487 1411 2514 Δ.
1426 2484 1613 2521 retulerunt,-

882 2536 923 2566 V.
945 2534 992 2566 ed.
1024 2541 1068 2565 Ω.
1095 2538 1285 2566 detulerunt:
1311 2545 1407 2575 quarn
1435 2534 1615 2571 lectionem,

882 2586 983 2617 verbis
997 2587 1142 2628 trajectis,
1159 2587 1290 2617 minime
1305 2587 1485 2626 spreverim:

900 2680 963 2688 —
973 2667 1018 2692 ubi
1028 2667 1100 2693 forte
1110 2668 1148 2693 ita
1159 2668 1303 2693 detulerunt
1313 2676 1338 2693 se
1349 2668 1451 2693 semina
1461 2674 1602 2700 aquarum.

886 2748 938 2777 De
950 2747 1072 2786 recepta
1081 2758 1163 2784 voce,
1177 2748 1321 2778 consulas
1331 2748 1485 2784 Nonium,
1498 2747 1529 2778 ii.
1542 2751 1614 2779 859.

886 2798 1054 2829 Terentius
1076 2799 1180 2838 posuit
1205 2799 1238 2829 in
1265 2799 1350 2830 And.
1372 2799 1410 2830 iv.
1434 2802 1462 2830 5.
1487 2802 1534 2829 15.
1557 2799 1619 2829 ubi'

886 2851 1027 2881 similiter
1050 2851 1120 2881 libri
1144 2851 1296 2882 fluctuant
1318 2851 1400 2882 inter
1416 2853 1510 2882 retuli
1524 2857 1554 2881 et
1569 2857 1613 2881 te-

886 2906 959 2939 tuli,-
980 2903 1110 2935 Plautus
1125 2910 1230 2935 autem
1241 2903 1456 2945 frequentavit.
1480 2902 1612 2934 Utinam
