1926 3224
581 299 820 348 LIBER
862 298 1164 348 SEXTUS.

155 437 236 473 360
266 431 493 482 Deficiunt,
525 447 658 488 neque
677 439 771 473 sunt
791 440 875 473 tam
895 431 1022 472 denso
1042 445 1215 486 corpore
1246 430 1387 472 nubes.

272 507 387 548 Inter
408 515 597 562 utrasque
616 506 742 562 igitur
761 519 887 559 quom
908 505 998 545 coeli
1017 513 1204 558 tempora
1224 510 1428 554 constant,

272 581 384 622 Tum
406 581 529 621 variae
549 592 700 620 caussae
720 585 973 618 concurrunt
993 575 1171 616 fulminis
1192 591 1345 618 omnes.

271 655 380 696 Nam
401 653 524 693 fretus
544 652 629 705 ipse
648 650 745 690 anni
765 649 984 703 permiscet
1003 648 1146 705 frigus,
1179 656 1219 689 et
1239 657 1384 690 aestum
1391 667 1404 699 3

270 727 459 776 Quorum
480 732 698 778 utrumque
717 735 821 776 opus
841 729 900 762 est
919 720 1157 763 fabricanda
1176 722 1230 763 ad
1250 722 1421 764 fulmina
1441 721 1574 773 nobis,

158 805 239 842 365
272 800 333 841 Ut
352 797 555 839 discordia
575 796 624 836 sit
644 809 797 845 rerum,
819 809 1053 852 magnoque
1071 795 1249 837 tumultu

267 871 438 929 Ignibus
457 878 498 912 et
516 870 646 911 ventis
665 868 909 910 furibundus
928 869 1096 910 fluctuet
1117 871 1198 910 ae’r.

266 946 407 988 Prima
427 944 571 986 caloris
591 944 701 986 enim
721 958 831 999 pam,
854 951 894 985 et
913 952 1121 999 postrema
1140 945 1301 1001 rigoris,

124 1129 127 1133 ’
167 1123 248 1156 Ibid.
271 1130 403 1165 tempora
421 1134 450 1155 se
471 1123 549 1156 veris
566 1123 719 1164 pandunt.
764 1120 846 1154 Haec

121 1177 280 1218 eleganter
309 1177 546 1207 illustrabuntur
574 1175 757 1215 Virgilianis
784 1175 846 1205 illis

122 1228 163 1260 ad
178 1238 245 1269 geo.
261 1229 280 1258 i.
298 1230 370 1259 217.
387 1228 426 1257 iv.
443 1230 494 1258 52.
511 1229 560 1257 77.
586 1226 745 1266 Serviique
760 1235 845 1255 com-

121 1279 296 1310 mentariis:
334 1278 374 1309 ad
403 1289 473 1319 quae
501 1278 597 1308 lector
633 1277 848 1308 amandandus

123 1337 178 1362 est.

165 1383 240 1414 Ver.
269 1384 342 1414 559.
381 1383 513 1421 Frigore
523 1395 533 1412 .·
572 1381 619 1411 M.
651 1382 849 1421 Frigora.—

122 1437 260 1475 ventique
283 1436 398 1466 calore:
429 1433 526 1464 Vind.
558 1435 695 1473 ventique
716 1435 842 1469 colores;

121 1485 165 1516 V.
189 1485 237 1515 ed.
262 1487 413 1525 ventisque
435 1495 551 1520 caores,·
575 1485 613 1514 L.
632 1485 679 1514 M.
697 1489 743 1514 Ω.
767 1486 849 1514 venti

120 1543 211 1576 etque
226 1537 339 1567 calores
346 1552 356 1573 ,-
383 1537 423 1567 O.
443 1537 524 1566 venti
538 1537 659 1566 calores.
704 1535 768 1564 Hae
790 1545 845 1565 au-

122 1592 187 1618 tem
204 1589 454 1618 membranarum
469 1586 682 1625 discrepantiae
696 1596 761 1616 non
773 1592 846 1616 sunt

121 1640 182 1669 hoc
210 1644 349 1677 tempore
377 1638 494 1668 vitiosae
519 1637 608 1667 nucis
636 1637 844 1674 aestimandae3

120 1689 199 1720 nihil
221 1689 317 1727 enim,
340 1689 461 1727 opinor,
484 1698 624 1728 unquam
639 1687 700 1717 fuit
716 1687 845 1727 receptis

120 1741 305 1772 lectionibus
319 1740 419 1780 magis
434 1739 656 1770 indubitatum.

164 1800 244 1832 Ibid.
268 1802 408 1841 Frigore,
432 1810 488 1839 pro
509 1803 613 1840 hyeme
618 1815 630 1836 ‚·
661 1805 697 1830 ut
717 1809 744 1830 v.
768 1803 841 1832 640.

118 1859 150 1884 et
164 1855 272 1889 calore,
288 1862 344 1892 pro
357 1858 477 1889 aestate;
500 1858 536 1882 ut
550 1852 570 1883 i.
587 1854 657 1883 175.
680 1851 842 1893 Virgilius,

120 1915 188 1947 geo.
202 1905 241 1935 iv.
256 1908 307 1936 56.

526 1989 593 2014 Nam
602 1988 703 2021 frigore
711 1988 792 2014 mella

119 2036 199 2069 Cogit
209 2036 302 2069 hyems,
311 2038 460 2068 eademque
470 2037 538 2062 calor
548 2037 692 2069 liquefacta
702 2037 827 2063 remittit.

161 2111 236 2143 Ver.
250 2115 323 2143 560.
352 2113 532 2155 Deficiunt.-
560 2111 599 2143 V.
621 2111 669 2143 ed.
690 2113 838 2156 Destitua-

119 2163 223 2193 nescio
236 2173 278 2193 an
293 2172 370 2199 vere,
386 2173 427 2193 an
441 2173 480 2193 ex
498 2173 609 2199 errore,
627 2163 667 2194 ad
681 2174 757 2194 eum
771 2164 841 2193 fon-

120 2218 185 2243 tem
199 2213 370 2250 referendo,
394 2224 489 2254 quem
511 2213 690 2253 aperuimus
712 2214 745 2244 in
760 2215 842 2244 notis

116 2264 158 2295 ad
179 2264 210 2295 ii.
228 2268 318 2296 1045.
364 2265 513 2296 Conferas
534 2265 653 2295 interea
673 2265 763 2306 Virg.
783 2265 839 2295 ecl.

118 2315 149 2347 ii.
165 2319 216 2346 22.

160 2367 236 2398 Ver.
250 2371 322 2399 561.
355 2374 513 2409 utrasque:
550 2368 594 2399 ita
618 2368 768 2408 scriptum
797 2374 842 2399 est

117 2419 152 2449 in
178 2418 275 2449 Vind.
293 2418 332 2449 V.
357 2419 407 2450 ed.
438 2420 477 2459 Q.
509 2424 543 2451 A.
575 2424 611 2451 Σ.
637 2426 682 2450 Ω..
705 2419 840 2449 Florent.

117 2469 213 2501 etiam
238 2476 332 2511 atque
355 2470 429 2501 Ald.
455 2470 539 2501 editt.
569 2470 745 2502 doctissime
773 2471 842 2511 qui-

116 2521 201 2558 dem,
224 2527 256 2552 et
269 2521 362 2563 longe
377 2522 532 2563 longeque
553 2533 646 2562 supra
661 2528 787 2561 captum
803 2522 840 2552 li-

115 2572 306 2611 brariorum3
329 2579 365 2603 ut
379 2583 443 2603 non
458 2573 497 2603 sit
507 2575 574 2603 haec
590 2574 718 2604 varietas
731 2583 841 2604 eorum

114 2625 348 2656 oscitationibus
364 2625 412 2656 vel
433 2625 719 2665 importunitatibus
737 2626 840 2666 impu-

114 2677 218 2708 tanda.
263 2676 397 2717 Vulgari
413 2677 500 2715 solet,
516 2684 678 2717 utrumque
684 2693 694 2714 ;
722 2677 775 2708 sed
787 2689 838 2708 me

114 2741 298 2772 persuasum
313 2732 412 2762 habeo
431 2732 474 2762 sic
495 2731 585 2761 scribi
601 2737 708 2761 contra
721 2737 840 2762 veteres

115 2784 209 2815 libros
225 2785 321 2816 MSS.
344 2785 370 2815 si
391 2785 486 2815 modo
507 2784 667 2815 collatores
681 2795 747 2815 rem
762 2785 838 2815 fide-

114 2834 185 2864 liter
198 2834 316 2866 inventi
336 2841 438 2865 essent
459 2835 696 2867 administrasse.
741 2836 838 2867 Nem-

113 2896 165 2925 pe,
182 2899 216 2917 ero
229 2893 372 2927 utrasque
387 2887 518 2918 latenter
533 2887 657 2927 respicit
671 2887 840 2918 dictionem

115 2944 314 2978 tempestatem
336 2939 370 2970 in
392 2941 520 2971 nomine
541 2946 674 2981 tempora
702 2951 842 2980 compre-

114 2989 256 3022 hensam:
283 2990 386 3023 videas
401 2998 548 3024 annotata
568 2993 608 3024 ad
630 2993 649 3024 i.
666 2996 737 3025 555.
761 2999 791 3024 et
809 2993 843 3023 in

889 1119 991 1152 indice
1005 1119 1113 1152 critico
1133 1118 1309 1150 uberiorem
1331 1117 1546 1159 exemplorum
1567 1130 1614 1150 se-

889 1179 1001 1213 getem.
1047 1171 1179 1211 Nempe,
1206 1170 1350 1201 formulis
1365 1170 1475 1209 poe'tici
1499 1181 1616 1200 sermo·

890 1225 939 1254 nis
961 1223 1220 1265 exquisitissimis,
1250 1228 1281 1253 et
1303 1222 1440 1253 maxime
1465 1222 1620 1261 speciosis,

889 1275 1034 1305 omnium
1048 1281 1188 1305 veterum
1203 1284 1287 1304 unus
1305 1279 1351 1303 est
1366 1273 1531 1303 Lucretius
1546 1282 1618 1302 nos-

890 1333 937 1357 ter
951 1326 1246 1360 abundantissimus,
1268 1331 1360 1366 atque
1374 1324 1452 1355 adeo
1467 1325 1618 1355 universae

892 1377 1069 1409 Latinitatis
1083 1383 1192 1408 auctor
1205 1376 1474 1416 locupletissimus.

935 1436 1015 1467 Ibid.
1047 1442 1185 1467 constant
1222 1436 1273 1465 hic
1309 1440 1409 1475 potest
1439 1434 1620 1474 simpliciter

891 1494 978 1523 sunt;
1015 1497 1118 1528 neque
1147 1486 1237 1517 aliter
1265 1486 1298 1516 in
1325 1486 1471 1517 Maronis
1493 1487 1567 1518 AEn.
1591 1496 1618 1517 v.

893 1541 964 1570 748.

1052 1622 1114 1648 quae
1127 1623 1199 1642 nunc
1210 1616 1301 1641 animo
1311 1616 1446 1642 sententia
1455 1618 1558 1641 constet.

888 1695 1021 1732 Ennius,
1042 1701 1078 1726 ut
1092 1695 1223 1734 videtur,
1240 1695 1273 1725 in
1293 1695 1356 1726 Cic.
1373 1695 1466 1726 Tusc.
1483 1695 1581 1735 dispp.
1599 1694 1618 1725 i.

890 1751 938 1779 16.

917 1841 979 1849 —
988 1828 1035 1853 ubi
1044 1827 1129 1860 rigida
1139 1830 1234 1852 constat
1245 1833 1331 1852 crassa
1341 1827 1427 1859 caligo
1439 1826 1569 1853 inferum.

888 1909 1007 1941 Glossae
1035 1914 1166 1940 veteres:
1226 1911 1248 1926 “
1283 1909 1439 1945 Constant,
1475 1910 1618 1942 mnaso-vn-

884 1964 907 1980 “
925 1960 1024 1992 uuest
1070 1960 1113 1991 D.
1149 1960 1288 1991 Jacobus
1323 1958 1473 1994 similiter,
1510 1958 1555 1988 iii.
1587 1962 1617 1996 6,

886 2013 975 2047 οὕτως
1011 2013 1028 2045 ἧ
1059 2019 1186 2052 ’γλωσσαι
1218 2015 1466 2042 ΚΑΘΙΣΤΛΤΑῙ
1506 2023 1531 2041 εν
1559 2023 1618 2045 τοις

884 2071 999 2105 μέλεσιν
1014 2064 1100 2103 ἤμων.

927 2123 1003 2154 Ver.
1017 2125 1090 2153 565.
1103 2121 1213 2162 frigus
1240 2126 1285 2150 et.-
1310 2119 1348 2150 P.
1374 2118 1472 2149 Vind.
1493 2119 1535 2149 V.
1565 2118 1616 2149 ed.

887 2175 926 2206 Ο.
960 2180 996 2205 Δ.
1026 2179 1061 2205 Σ.
1089 2179 1132 2203 Ω.
1146 2172 1308 2213 frigidus,-
1345 2170 1483 2207 Nonius,
1505 2171 1617 2211 frigus

885 2228 944 2256 ad:
968 2224 1023 2265 qui
1040 2232 1165 2254 versum
1180 2222 1299 2262 profert
1312 2221 1346 2251 in
1362 2221 1405 2251 iii.
1422 2225 1472 2253 92.

928 2283 1009 2314 Ibid.
1020 2283 1126 2323 fretus
1141 2284 1229 2313 anni.
1259 2281 1431 2322 Eleganter
1442 2287 1473 2311 et
1483 2281 1618 2321 signate3

885 2346 959 2366 nam
974 2344 1029 2374 per
1044 2337 1172 2365 incertos
1187 2344 1311 2370 menses,
1328 2338 1365 2362 ut
1378 2331 1505 2372 Virgilii
1517 2332 1618 2362 verbis

885 2393 965 2424 utar,
979 2388 1120 2427 fluctuat
1135 2385 1198 2423 aer,
1224 2391 1406 2424 aestuatque,
1424 2384 1616 2423 tempestati-

883 2441 942 2469 bus
964 2437 1220 2478 confligentibus:
1246 2436 1353 2467 redeas
1373 2441 1480 2466 autem
1510 2435 1551 2466 ad
1576 2435 1616 2467 iv.

887 2493 978 2521 1024.

926 2541 1000 2571 Ver.
1015 2543 1087 2571 564.
1093 2539 1286 2580 fabricanda
1303 2540 1344 2568 ad
1350 2538 1504 2579 fulmina.
1528 2538 1616 2568 Pari-

884 2598 931 2623 ter
946 2592 1044 2630 Naso,
1060 2596 1134 2622 met.
1152 2591 1172 2621 i.
1190 2594 1262 2622 259.

913 2670 971 2695 Tela
982 2672 1161 2701 reponuntur,
1173 2652 1435 2700 inanibusfabricata
1452 2667 1614 2700 Cyclopum.

926 2750 998 2780 Ver.
1013 2754 1087 2781 565.
1109 2752 1166 2780 sit.-
1194 2754 1228 2780 Σ.
1252 2760 1321 2780 cum
1328 2764 1339 2785 ;
1365 2754 1409 2779 Ω..
1434 2750 1498 2779 sic.-
1522 2758 1614 2779 exsu-

881 2801 927 2831 lat
940 2807 1046 2832 autem
1060 2800 1171 2831 vocula
1191 2799 1285 2829 Vind.
1302 2805 1333 2829 et
1348 2799 1387 2829 V.
1403 2798 1450 2828 ed.

928 2862 1008 2893 Ibid.
1031 2873 1140 2902 magno
1158 2862 1303 2892 tumultu.
1348 2859 1515 2900 Virgilius,
1530 2858 1606 2891 AEn.

884 2914 923 2944 vi.
944 2918 1015 2945 858.

1144 3001 1234 3026 magno
1247 2993 1372 3019 turbante
1382 2991 1533 3017 tumultu-1

841 3052 905 3083 Te
