1926 3224
591 235 826 284 LIBER
874 234 1231 292 QUINTUS.
1562 238 1650 279 109

192 371 274 407 635
307 366 506 409 Mobilius
525 367 726 418 videatur,
758 368 811 408 ad
831 367 938 408 hanc
958 368 1054 423 quia
1074 368 1191 424 signa
1211 365 1401 407 revisunt.

366 441 432 482 Fit
453 456 630 497 quoque,
652 449 698 483 ut
718 457 740 482 e
759 441 905 482 mundi
926 441 1166 482 transvorsis
1185 439 1369 495 partibus
1389 438 1472 489 a'e'r,

306 515 502 565 Alternis,
527 524 639 556 certo
658 516 784 555 fluere
804 515 903 554 alter
923 523 1108 567 tempore
1127 515 1269 568 possit,

309 589 392 637 Qui
415 583 535 643 queat
555 587 703 627 aestivis
724 587 863 626 lunam
884 586 1102 626 detrudere
1122 587 1248 641 signis
1286 614 1290 618 -

307 660 534 702 Brumaleis
555 674 682 714 usque
702 659 755 699 ad
775 658 920 707 flexus,
941 658 1204 714 gelidumque
1224 660 1418 715 rigorem:

191 741 274 777 640
307 734 360 774 Et
385 733 454 788 qui
476 733 630 787 rejiciat
649 732 793 788 gelidis
813 732 864 772 ab
885 731 1047 788 frigoris
1069 731 1224 772 umbris

304 806 519 848 AEstiferas
540 821 667 862 usque
685 806 728 846 in
749 806 915 860 parteis,
939 814 979 847 et
999 805 1154 847 fervida
1173 806 1302 863 signa.

189 966 308 997 Optuma
318 971 435 996 qnaeque
445 964 499 991 dies
510 964 609 991 miseris
620 964 776 990 mortalibus
789 966 844 990 aevi

189 1004 276 1028 Prima
287 1004 300 1028 f
301 1004 357 1036 ugit
366 1012 373 1029 ε

160 1073 180 1104 i.
196 1084 222 1103 e.
239 1075 322 1113 viget
337 1074 454 1114 majore
468 1074 648 1105 mobilitate.

206 1125 285 1155 Ibid.
309 1128 349 1156 ad
373 1129 452 1156 lianc
475 1129 627 1157 revisunt:
660 1125 768 1156 redeas
790 1126 830 1157 ad
852 1127 884 1157 ii.

162 1178 236 1207 359.
256 1180 328 1206 3¹30.

204 1229 277 1259 Ver.
305 1233 376 1260 656.
405 1241 421 1260 e
444 1232 571 1260 mundi:
606 1237 651 1261 Ω.
674 1233 814 1268 emundi;
840 1237 880 1261 Π.

160 1283 262 1310 eundi.

203 1332 276 1361 Ver.
293 1335 366 1363 657.
392 1334 546 1363 Alternis:
567 1338 602 1363 Δ.
619 1335 757 1364 Alterius
763 1350 773 1370 ,·
791 1345 886 1375 quam

159 1384 434 1422 permutationem,
451 1385 490 1414 ob
505 1383 640 1414 similem
656 1384 814 1415 literarum
827 1385 885 1415 cir-

160 1445 396 1470 cumcaesuram‚
419 1436 452 1464 in
475 1435 684 1474 superioribus
707 1437 820 1466 factam
841 1437 886 1466 vi-

160 1486 276 1516 dimus:
304 1486 343 1516 de
368 1487 481 1526 quibus
505 1486 600 1516 index
626 1487 751 1518 criticus
773 1498 886 1518 consu-

159 1536 272 1567 lendus
286 1543 340 1567 est.

204 1589 285 1619 Ibid.
300 1591 378 1620 alter
393 1592 462 1626 a'em
486 1590 540 1630 qui
555 1589 687 1621 alternet
701 1600 809 1620 cursus
824 1590 885 1631 sig-

159 1650 272 1670 norum
289 1640 412 1676 scilicet,
436 1651 473 1670 ea
497 1641 686 1671 remittendo
709 1643 747 1671 ab
767 1648 884 1672 austra-

158 1691 240 1722 libus
255 1692 401 1731 partibus,
424 1698 494 1731 post
509 1703 604 1733 quam
627 1692 711 1732 prior
732 1694 784 1722 a'essr
809 1693 884 1724 illuc

159 1752 179 1773 a
192 1743 368 1773 borealibus
383 1742 537 1783 dejecerit.

203 1793 277 1824 Ver.
305 1798 376 1824 658.
398 1796 523 1825 lunam:
559 1795 664 1835 vulgo,
690 1797 778 1826 solem
785 1811 796 1832 ;
831 1795 886 1826 sed

159 1846 216 1875 has
231 1856 329 1881 voces,
352 1846 403 1876 hic
418 1853 450 1876 et
469 1847 503 1876 in
517 1857 577 1876 ver.
600 1851 674 1877 642.
697 1847 784 1878 sedes
806 1847 884 1877 invi·

158 1906 228 1926 cem
237 1897 485 1934 commutavisse,
495 1897 572 1928 vidit
582 1898 778 1938 sagacissime
788 1899 886 1928 Bent-

160 1946 258 1984 leius;
281 1954 311 1977 et
336 1953 422 1978 extra
447 1948 673 1979 cavillationem
699 1959 827 1979 omnem
850 1959 886 1979 ac

156 1997 383 2028 dubitationem
403 1999 486 2039 jacet
507 2000 573 2029 haec
590 2000 645 2029 viri
665 2000 782 2030 summi
799 2000 886 2030 resti-

160 2049 248 2079 tutio.
287 2050 402 2087 Nemo,
427 2056 533 2080 tenore
547 2051 606 2080 loci
622 2050 802 2091 diligentius
816 2062 885 2091 per-

158 2110 265 2140 penso,
281 2101 495 2141 refragabitur.
534 2102 633 2132 Plura
648 2102 751 2132 videas
765 2103 805 2133 ad
819 2113 882 2134 ver.

159 2156 231 2183 6452.
262 2153 288 2183 si
316 2153 407 2192 plura
436 2153 602 2192 desideres,
641 2164 680 2184 ex
708 2154 883 2185 abundanti

158 2204 248 2236 dicta.

204 2257 284 2288 Ibid.
306 2265 396 2299 queat
412 2262 466 2290 αἰέν
482 2262 649 2291 detrudere.
689 2260 741 2290 Sic
762 2261 884 2291 censuit

160 2309 255 2339 etiam
272 2311 498 2350 Anaximenes,
515 2318 592 2342 teste
609 2311 791 2348 Plutarcho,
807 2312 883 2351 plac.

158 2359 234 2398 phil.
260 2360 291 2390 ii.
316 2365 366 2391 23.
392 2365 575 2402 Αναξιμενης,
600 2364 655 2394 ὑπο
681 2375 886 2403 πεπυκνωμενε

158 2425 233 2454 αερος
265 2426 315 2443 και
345 2427 492 2445 αντιτυπε
521 2417 671 2453 εξωθεισθαι
701 2429 741 2446 τοι
770 2429 880 2458 αστρακ

157 2462 242 2502 quod
269 2463 424 2502 Epicurus
450 2466 642 2505 nuncupavit
663 2467 884 2505 compressiore

156 2513 261 2552 phrasi
277 2527 351 2554 αερος
368 2516 526 2554 αντεξωσιν,
550 2516 635 2555 apud
658 2517 753 2557 Diog.
779 2517 882 2548 La'e'rt.

155 2574 185 2595 x.
203 2568 251 2597 93.

200 2615 282 2646 Ibid.
313 2619 426 2648 oestivis
456 2619 562 2648 lunam
590 2621 749 2650 detrudere
773 2621 881 2659 signis.

157 2666 364 2698 Consimilem
392 2669 526 2709 figuram
550 2669 657 2700 versus
687 2672 883 2702 Mantuanus

155 2716 285 2749 forsitan
300 2719 374 2749 hinc
390 2720 522 2758 effinxit,
534 2721 574 2751 ad
591 2722 665 2752 AEn.
681 2721 720 2752 vi.
736 2725 807 2753 584.

365 2793 519 2825 superisque
529 2795 625 2825 Jovem
636 2794 768 2819 detrudere
778 2795 873 2827 regnis.

197 2866 273 2898 Ver.
289 2870 360 2899 639.
383 2871 532 2909 rigarem:
559 2870 601 2901 V.
614 2869 661 2901 ed.
683 2873 798 2911 rigore,-
824 2881 880 2911 pro

155 2918 263 2955 rigor?-

972 965 1053 996 Ibid.
1073 967 1209 1005 gelidum
1234 975 1382 1004 rtgorem:
1416 962 1436 994 i.
1462 975 1488 995 e.
1517 964 1654 1005 rigidam

927 1018 1048 1047 brumae
1075 1017 1216 1058 glaciem.
1255 1017 1409 1047 Manilius
1425 1015 1464 1046 de
1479 1015 1598 1055 brumd,
1621 1016 1654 1046 ii.

928 1071 1000 1098 419.

944 1141 1012 1165 Hinc
1024 1140 1102 1173 rigor,
1113 1144 1141 1165 et
1150 1140 1252 1172 glacies,
1269 1139 1428 1172 nivibusque
1438 1141 1554 1165 albentia
1567 1147 1638 1164 rura.

928 1203 1106 1234 Martianus
1124 1203 1261 1242 Capella,
1285 1203 1336 1233 lib.
1353 1203 1372 1233 i.
1390 1214 1418 1243 p.
1444 1208 1471 1234 9.
1487 1203 1534 1233 ed.
1552 1202 1655 1243 Lugd.

925 1258 991 1278 —“
1008 1254 1100 1294 plena
1122 1255 1249 1285 undosae
1274 1254 1419 1294 Hyemis,
1442 1260 1534 1294 atque
1557 1255 1657 1293 algidi

931 1308 953 1323 “
969 1308 1090 1345 rigoris,
1130 1316 1186 1336 nec
1219 1316 1284 1336 non
1314 1306 1408 1336 etiam
1439 1303 1656 1344 pruinarum.’'

933 1357 1046 1397 Neque
1061 1358 1150 1387 aliter
1165 1357 1226 1388 alii.

973 1408 1048 1439 Ver.
1067 1412 1140 1440 640.
1159 1411 1288 1448 gelidis.-
1310 1415 1353 1440 Ω.
1366 1409 1593 1449 gelidus.—-ah.·
1614 1407 1658 1437 sic

931 1459 968 1490 P.
984 1460 1025 1490 ad
1040 1460 1180 1490 Lucretii
1195 1470 1332 1497 morem3
1355 1471 1457 1500 neque
1479 1459 1566 1490 aliud
1591 1459 1659 1489 vult.

932 1524 966 1541 ‘ro
981 1513 1022 1542 ad
1037 1512 1070 1541 in
1082 1512 1124 1542 V.
1140 1511 1186 1542 ed.
1211 1511 1330 1551 Vulgo,
1341 1523 1369 1542 α.
1394 1513 1512 1551 Atque,
1524 1512 1564 1541 ob
1576 1511 1657 1541 mol-

930 1561 1042 1592 liorem
1063 1562 1224 1593 literarum
1247 1562 1279 1591 in
1302 1561 1488 1601 proferendo
1504 1561 1657 1592 commix-

930 1613 1060 1652 tionem,
1084 1625 1148 1644 non
1171 1613 1323 1651 dubitem,
1347 1614 1422 1654 quin
1440 1613 1594 1653 Virgilius
1614 1613 1659 1643 sic

930 1665 1091 1704 scripserit,
1107 1665 1147 1695 ad
1162 1664 1217 1694 ecl.
1231 1665 1281 1694 vii.
1299 1669 1326 1695 6.
1343 1675 1441 1705 quum
1452 1665 1540 1695 codd.
1558 1664 1658 1695 MSS.

929 1717 1093 1747 collatores
1114 1718 1170 1747 has
1192 1717 1343 1747 minutias
1365 1717 1451 1747 haud
1473 1717 1551 1747 tanti
1574 1716 1656 1747 fece-

928 1767 992 1797 riut
1007 1767 1202 1807 plerumque,
1226 1773 1262 1797 ut
1281 1768 1463 1798 recensione
1474 1768 1586 1808 dignas
1601 1778 1655 1798 ex-

928 1819 1116 1849 istimarent:

1029 1887 1095 1912 dum
1107 1891 1212 1912 teneras
1221 1887 1340 1913 defendo
1352 1886 1383 1912 ab
1396 1887 1496 1919 frigore
1507 1890 1652 1919 myrtos-m

930 1945 994 1976 Pro
1009 1947 1132 1982 umbris,
1150 1952 1194 1976 Ω..
1210 1947 1333 1982 unhrain
1357 1944 1442 1976 unde
1464 1945 1504 1976 V.
1527 1945 1574 1976 ed.
1596 1947 1655 1975 im-

929 1998 1000 2027 bris.

974 2048 1054 2079 Ibid.
1067 2049 1224 2089 frigoris:
1248 2048 1268 2079 i.
1289 2059 1315 2079 e.
1336 2050 1468 2085 brumae,·
1491 2054 1529 2078 ut
1551 2048 1655 2083 Maro,

928 2099 986 2131 ecl.
1004 2100 1035 2130 ii.
1051 2103 1100 2131 22.

942 2176 997 2199 Lac
1009 2174 1077 2198 mihi
1090 2181 1143 2199 non
1156 2178 1242 2199 «estate
1253 2181 1369 2204 novum,
1379 2180 1433 2199 non
1436 2173 1548 2206 frigore,
1559 2172 1636 2198 defit.

927 2241 1035 2271 Nimis
1058 2249 1166 2272 autem
1191 2248 1264 2272 sunt
1287 2241 1404 2281 arguti,
1427 2251 1502 2271 cum
1528 2240 1655 2270 distinc—

927 2293 1085 2324 tionesua
1100 2294 1217 2331 subtili,
1242 2299 1311 2333 post
1325 2299 1440 2328 aestate,
1454 2292 1613 2322 Heinsius
1626 2298 1658 2322 et

930 2346 1134 2376 Burmannus
1142 2358 1152 2384 ς
1179 2355 1256 2387 quos
1282 2345 1430 2385 Heynius
1451 2344 1655 2384 prudentissi-

928 2408 980 2428 me
994 2398 1140 2438 neglexit.

972 2449 1054 2480 Ibid.
1077 2451 1199 2480 umbris.
1236 2449 1310 2479 Hoc
1337 2448 1414 2479 dicit
1438 2448 1478 2478 ob
1502 2447 1655 2488 majorem

926 2503 1060 2532 noctium
1078 2501 1271 2531 brumalium
1286 2499 1527 2540 longitudinem.
1559 2499 1653 2529 Simi-

927 2551 996 2582 liter
1026 2553 1233 2587 Mantuanus,
1263 2551 1303 2582 de
1332 2551 1490 2582 continuis
1521 2550 1654 2590 Scythiae

925 2604 1064 2633 noctibus
1080 2613 1136 2642 per
1150 2604 1307 2643 hyemem,
1325 2602 1359 2632 in
1374 2612 1443 2642 geo.
1459 2601 1503 2632 iii.
1517 2605 1590 2632 562.
1606 2601 1653 2631 lo-

926 2659 1017 2684 cutus
1031 2660 1092 2684 est:

925 2728 1001 2751 Tum
1012 2727 1050 2751 sol
1060 2727 1182 2759 pallentis
1190 2727 1263 2752 haud
1270 2733 1402 2758 umquam
1413 2726 1523 2751 discutit
1530 2725 1632 2750 umbras
1633 2732 1647 2753 ‚-

929 2768 983 2792 Nec
995 2774 1091 2798 quum,
1108 2768 1234 2793 invectus
1254 2768 1339 2799 equis,
1354 2767 1441 2792 altum
1459 2767 1528 2798 petit
1538 2764 1652 2795 aethera,

1036 2814 1086 2833 nec
1116 2816 1183 2833 uum

923 2815 1208 2879 Praecipitemqoceani
1219 2848 1299 2873 rubro
1310 2848 1375 2873 lavit
1385 2853 1496 2879 aequore
1506 2852 1627 2872 currum:

929 2922 948 2952 i.
966 2932 991 2952 e.
1016 2926 1040 2942 ‘⁶
1055 2922 1109 2960 sol,
1133 2923 1187 2964 qui
1203 2923 1321 2955 caeteris
1343 2922 1487 2964 gentibus
1502 2921 1541 2952 de
1560 2920 1650 2951 solito
