1926 3224
533 255 763 304 LIBER
813 252 1166 310 QUINTUS.

1542 252 1602 292 89

255 390 410 433 Passim
430 404 504 444 per
524 388 614 429 coeli
635 387 804 428 volvunt
824 384 1006 425 inmania
1023 382 1199 437 templa3

256 465 363 514 Sive,
385 462 548 505 aliunde
567 461 696 501 fluens
718 456 939 513 aliquunde
959 456 1224 504 extrinsecus,
1257 456 1326 495 aiir

254 539 293 578 V
296 547 404 579 orsat
424 550 547 592 agens
567 534 696 590 igneis
703 550 716 580 ;
752 531 834 571 sive
854 529 953 583 ipsei
975 543 1136 582 serpere
1155 536 1343 582 possunt,

141 617 221 654 5⁶25
255 612 352 661 Quo
372 610 596 666 quoiusque
617 605 730 646 cibus
750 610 886 652 vocat,
909 609 1030 656 atque
1051 601 1214 650 invitat,
1241 610 1396 651 euntes,

114 770 277 800 Hactenus
298 764 486 795 Lambinus:
513 773 548 793 ac
571 772 628 792 nos
654 761 771 799 videas,
794 759 835 790 ad

111 820 134 850 i.
152 822 241 850 1015.
273 815 398 856 Tragici
423 820 529 846 autem
553 823 677 844 versum
702 813 746 842 sic
770 822 835 842 esse

112 867 327 909 castigandum
341 872 434 906 puto:

156 953 194 978 0!
215 958 314 983 magna
331 951 433 983 templa
449 950 586 980 coeHtum,
602 952 719 974 contexta
741 947 836 973 stelleis

234 991 401 1025 splendideis.

112 1055 391 1093 Quemadmodum
405 1060 474 1095 post
489 1054 566 1084 alios
581 1053 728 1089 Nonnus,
754 1052 834 1082 Dio-

113 1118 180 1148 nys.
196 1108 279 1137 xviii.

131 1188 182 1211 Kou
196 1184 263 1218 ζοφον
274 1189 420 1218 §zamma-ev
432 1182 460 1217 ἕῳ
473 1183 531 1217 χροΐ
540 1186 647 1213 σιγαλεη
661 1183 721 1213 Νυξ,

131 1235 237 1268 Ουρανον
251 1233 480 1258 ΑΣΤΕΡΟΕΝΤΙ
497 1230 679 1265 διαγρανψασαι
693 1229 836 1254 ΧΙΤΩΝΙ.

114 1310 272 1352 Adjiciam
290 1309 510 1344 Claudianum,
526 1314 602 1347 rapt.
620 1308 707 1338 Pros.
721 1307 751 1337 ii.
763 1310 838 1338 565.

523 1396 577 1418 stat
587 1392 708 1424 pronuba
717 1393 799 1422 juxta

144 1436 275 1461 stellantes
286 1437 352 1460 Nox
358 1435 431 1466 picta
445 1433 530 1458 sinus:

112 1512 133 1542 i.
147 1521 172 1541 c.
187 1510 358 1551 stelligeros
369 1508 512 1545 amictus,
526 1507 681 1538 sidereum
695 1505 832 1545 peplum:

113 1561 254 1593 conferas
278 1571 384 1590 versus
407 1559 558 1600 quosdam
588 1559 645 1588 sub
674 1568 734 1588 ver.
765 1560 837 1588 565.

114 1614 233 1644 citatos.
279 1611 418 1642 Accedat
432 1611 527 1640 etiam
545 1610 703 1648 Orpheus,
716 1610 837 1648 Argon.

115 1667 189 1696 509.
206 1670 243 1694 ut
256 1663 343 1694 locus
364 1663 458 1703 longe
480 1662 633 1701 longeque
653 1660 840 1699 depravatis-

114 1716 213 1747 simus
227 1715 433 1746 emaculetur:

155 1793 221 1819 Am:
233 1792 301 1818 'OT'
315 1793 360 1818 ΕΣ
374 1801 489 1818 commoto
500 1791 549 1826 ῥοον
562 1787 696 1819 ἔκστιζετο
707 1790 802 1818 Tmou,

156 1843 229 1869 Μηνη
256 1839 277 1865 δ’
301 1848 457 1874 οιστροχιτων
481 1846 559 1868 scra-se
594 1836 842 1861 MAAAKA‘ITEA

253 1887 451 1911 MOP‘DHN-z

119 1953 225 1994 vulgo,
248 1954 326 1983 Αλλ’
350 1953 396 1983 ὅτε
418 1953 460 1992 γ’,
484 1956 515 1981 et
528 1958 720 1991 μελαναυγεα
737 1957 842 1992 ορφνην·

119 2005 190 2035 vide
207 2004 279 2036 silv.
298 2003 373 2034 Crit.
390 2004 421 2034 ii.
436 2013 465 2042 p.
482 2006 552 2033 152.
583 2001 736 2040 Avienus,
754 2002 843 2032 Arat.

121 2059 192 2088 955.

623 2127 690 2150 Agre
699 2125 766 2158 pepli

180 2167 268 2193 Sidera
279 2167 395 2192 nocturni
404 2167 426 2191 si
437 2169 589 2198 suspectare
600 2165 764 2190 libebit—.

124 2231 174 2261 Sic
187 2230 374 2271 legendum;
397 2230 460 2260 nisi
482 2229 716 2269 perelegantem
741 2228 845 2258 Grotii

122 2282 347 2312 divinationem
361 2282 465 2319 malis,
489 2283 613 2312 Aurea:
642 2280 724 2317 libri,
748 2281 843 2310 Ae'ra.

123 2336 199 2366 Non
213 2334 333 2364 alienus
347 2339 393 2364 est
408 2333 585 2363 Martianus
602 2331 740 2371 Capella,
766 2330 796 2361 ii.
812 2341 843 2370 p.

122 2390 174 2418 55.

138 2465 235 2496 EtJ'am
247 2467 313 2488 tunc
324 2470 390 2487 roseo
400 2464 544 2487 subtexere
554 2462 638 2487 sidera
649 2462 727 2494 peplo

139 2505 268 2536 Coeperat
279 2502 441 2526 ambrosium
453 2508 579 2533 promens
589 2503 692 2527 Aurora
705 2500 846 2532 pudorem.

125 2579 191 2610 Hic
216 2583 323 2608 autem
348 2576 424 2606 libet
449 2575 623 2606 emaculare
653 2575 850 2615 Bacchylidis

123 2631 338 2672 fragmentum
360 2629 445 2669 apud
467 2628 628 2668 Apollonii
654 2629 848 2665 scholiasten,

126 2684 245 2724 Argon.
267 2682 312 2712 iii.
337 2685 412 2713 467.
455 2680 538 2721 quod
562 2691 600 2710 ex
623 2686 709 2720 parte
735 2681 848 2710 Ruhn-

125 2734 236 2769 kenius
249 2732 427 2763 emendavit
441 2732 474 2762 in
486 2731 568 2762 notis
578 2731 618 2762 ad
630 2732 729 2762 Hom.
740 2732 846 2771 hymn.

129 2785 198 2815 Cer.
214 2788 266 2815 24.
281 2783 335 2814 sed
350 2784 393 2814 ita
407 2789 526 2821 tamen,
542 2788 579 2813 ut
589 2782 749 2822 reliquerit
759 2792 850 2821 porro

127 2835 375 2865 emendandum:
414 2837 534 2864 ‘Emere
560 2832 712 2876 δᾳδοφορος,
739 2839 851 2867 Num-05

879 759 977 795 Libri,
1000 764 1230 798 μεγαλοκολπε.
1276 754 1391 786 Nostra
1414 754 1602 785 divinatione

879 810 960 840 nihil
974 810 1083 840 verius.
1129 808 1239 839 Alexis
1261 807 1294 836 in
1311 806 1492 846 Thesprofis
1513 812 1603 836 teste-

880 867 940 897 tur,
964 871 1002 891 ex
1019 861 1185 895 Athenaeo‚
1208 858 1260 889 xii.
1278 861 1326 889 13.
1343 857 1375 887 in
1390 857 1521 888 transitu
1537 867 1604 886 cor-

880 913 1044 954 rigendus:

878 1007 970 1041 'Epfaem
992 1007 1136 1031 ΦΘῙΤΩΝ
1148 1014 1286 1040 apotastare,
1308 1015 1354 1030 και
1373 1004 1510 1030 &mamas

880 1056 1005 1089 Κληρκχε,
1030 1055 1126 1080 Num-Q
1138 1062 1216 1085 ομμοι
1227 1063 1270 1080 της
1286 1051 1573 1076 ΜΕΛΑΜΙΙΕΠΛΟΥ.

881 1133 980 1170 Libri,
1003 1133 1087 1162 θεων·
1112 1139 1247 1170 magnus
1264 1129 1478 1166 casaubonus,
1504 1142 1605 1170 νεκρων.

883 1185 1016 1214 Nosmet
1031 1193 1086 1222 pro
1101 1182 1213 1212 nostris
1234 1180 1425 1210 confidenter
1447 1180 1605 1220 depugne-

882 1246 962 1266 muS.
984 1235 1079 1272 Vide,
1096 1245 1165 1275 quae
1174 1232 1428 1263 annotaverimus
1442 1232 1482 1262 ad
1498 1232 1605 1270 Eurip.

884 1287 952 1317 Ion.
972 1290 1063 1317 1169.
1086 1284 1232 1315 Lucretio
1246 1283 1381 1323 denique
1400 1282 1607 1313 Germanicus

883 1349 972 1369 suam
987 1343 1080 1368 navet
1101 1346 1227 1376 operam
1250 1334 1446 1374 illustrando,
1470 1335 1504 1364 in
1522 1335 1608 1364 Arat.

885 1394 958 1422 451.

917 1469 1016 1501 Templa
1028 1468 1073 1493 sed
1087 1467 1182 1492 ‘etherii
1192 1467 1270 1491 simul
1283 1474 1314 1491 ac
1326 1465 1470 1498 possederit
1480 1465 1556 1497 ignis,

917 1509 1014 1533 Omnia
1025 1509 1116 1532 mixta
1127 1507 1266 1532 feret—.

884 1587 948 1617 His
963 1587 1059 1627 igitur
1075 1585 1244 1626 perpensis,
1270 1584 1319 1614 vel
1336 1584 1480 1614 in'tantis
1495 1583 1609 1613 scriba-

885 1650 957 1669 rum
972 1639 1080 1674 turbis‚
1104 1649 1144 1668 ne
1159 1637 1316 1668 levissima
1337 1637 1466 1677 quidem
1487 1635 1609 1666 lectori-

885 1692 944 1720 bus
959 1690 1112 1720 dubitatio
1128 1689 1166 1719 de
1180 1687 1252 1718 vera
1267 1687 1399 1717 lectione
1410 1686 1515 1716 versiis
1523 1686 1610 1717 vide-

885 1748 936 1772 tur
952 1741 1119 1770 insessura:
1144 1739 1283 1779 alioquin
1298 1738 1332 1767 in
1349 1748 1447 1767 manu
1462 1737 1552 1766 nobis
1567 1743 1612 1767 est

885 1792 1074 1832 conjectura,
1103 1800 1172 1830 quae
1199 1799 1256 1819 nec
1282 1788 1400 1818 nasutis
1426 1787 1611 1826 displicebit,

886 1850 917 1874 et
946 1842 1068 1883 magnis
1094 1841 1271 1872 auctoribus
1300 1838 1453 1870 suffulciri
1482 1844 1612 1878 poterat,

887 1895 1039 1925 lectorum
1051 1892 1172 1934 judicio
1187 1889 1424 1922 committenda:

949 1977 1045 2002 Passim
1057 1983 1104 2008 per
1115 1976 1180 2001 coeli
1189 1975 1306 2000 volvunt
1316 1974 1434 1998 sublimia
1445 1973 1556 2006 templa.

930 2051 1006 2080 Ver.
1021 2052 1092 2081 525.
1115 2051 1242 2079 aliunde
1268 2049 1453 2088 aliquunde:
1483 2047 1502 2076 ἰ.
1528 2057 1553 2076 e.
1577 2057 1616 2076 ex

888 2102 949 2131 alio
965 2103 1067 2141 quovis
1083 2100 1166 2137 loco;
1190 2102 1362 2138 αλλαχοθεν
1379 2101 1466 2129 ποθεν.
1506 2097 1614 2137 Vulgo

890 2152 982 2183 scribi
996 2151 1082 2187 solet,
1106 2152 1250 2181 alicunde
1256 2165 1266 2185 ;
1294 2160 1350 2179 nos
1371 2155 1477 2179 autem
1498 2148 1614 2178 in·hu—

835 2227 842 2233 .
884 2203 1059 2244 juscemodi
1075 2202 1218 2232 minutiis
1232 2200 1463 2239 nobismetipsis
1476 2205 1617 2230 constare

888 2256 1043 2291 volumus,
1066 2264 1124 2284 nec
1140 2253 1269 2283 incertis
1283 2252 1439 2282 erroribus
1453 2251 1616 2281 fluctuare.

889 2308 1057 2345 Praeterea,
1098 2305 1322 2336 Cassiodorum
1358 2303 1532 2339 audiamus,
1574 2303 1617 2333 sic

890 2360 1075 2395 edicentem,
1099 2358 1132 2387 in
1158 2362 1291 2387 tractatu
1317 2355 1356 2386 de
1386 2354 1616 2394 orthographia,

888 2422 917 2450 p.
945 2414 1038 2441 2314.
1087 2413 1110 2428 “
1127 2410 1307 2449 Aliquande
1334 2418 1389 2446 per
1414 2418 1498 2447 quun
1525 2406 1618 2436 debet

893 2466 915 2480 “
930 2461 1037 2498 scribi3
1060 2460 1170 2490 divisio
1185 2460 1270 2490 enim
1285 2458 1371 2488 illius
1386 2464 1442 2496 est,
1466 2459 1569 2497 aliquo
1586 2463 1617 2486 et

893 2518 915 2532 “
932 2516 1029 2550 unde;
1045 2514 1105 2542 hoc
1119 2517 1177 2550 est,
1192 2523 1226 2542 ex
1238 2513 1340 2551 aliquo
1356 2512 1430 2540 loco.
1457 2509 1518 2539 Sed
1533 2515 1616 2539 certe

894 2569 915 2584 “
930 2577 964 2604 n,
980 2575 1045 2595 non
1060 2576 1102 2600 m,
1121 2559 1199 2600 eri35
1221 2562 1295 2602 quia
1311 2563 1391 2592 unde
1406 2571 1461 2601 per
1474 2572 1495 2591 η
1511 2560 1618 2590 scribi-

894 2620 916 2635 “
932 2615 1013 2646 tur.’‘
1038 2616 1082 2646 Et
1095 2614 1215 2654 phrasis
1229 2619 1275 2643 est
1290 2622 1440 2652 magnam
1454 2621 1547 2650 super
1560 2612 1619 2641 hac

893 2679 927 2699 re
942 2667 1171 2698 dubitationem
1187 2665 1338 2695 indicans.

933 2728 1007 2757 Ver.
1024 2730 1095 2758 524.
1126 2727 1230 2757 Versat
1245 2736 1355 2765 agens:
1381 2724 1422 2754 V.
1438 2723 1488 2753 ed.
1513 2724 1620 2753 Versa-

893 2786 924 2810 ta
938 2789 1022 2818 gens.

940 2829 1020 2860 Ibid.
1057 2831 1162 2860 Versat
1185 2839 1288 2869 agens.
1334 2825 1486 2857 Gemellis
1511 2825 1620 2855 formis

130 2890 450 2917 ΜΕΛΑΝΟΚΟΛΠΟΤ
473 2887 613 2926 eloym-sp.-
650 2884 672 2914 i.
703 2894 729 2914 e.
751 2886 854 2923 nigros
898 2881 1053 2922 Virgilius
1077 2887 1145 2920 post
1174 2881 1301 2911 Graecos
1322 2879 1443 2910 laetatus
1468 2883 1521 2908 est.
1569 2875 1619 2908 Sic

125 2938 213 2968 sinus
241 2939 368 2977 tudam,
404 2937 453 2968 vel
488 2936 692 2977 caliginosam
726 2941 852 2967 vestem.

898 2943 966 2974 geo.
981 2933 1023 2964 iii.
1040 2935 1112 2963 419.

839 2993 912 3024 G?
