1926 3224
284 253 374 292 122

737 245 797 293 T.
850 243 1227 293 LUCRETII

419 377 550 434 Inque
568 376 653 416 dies
672 375 802 430 majus
819 373 958 415 lumen
978 381 1220 415 convortere
1239 358 1359 415 nobis

307 451 388 492 705
420 451 489 492 Ad
509 449 698 505 speciem,
719 456 919 505 quantum
939 448 1032 489 solis
1051 447 1202 490 secedit
1221 448 1273 489 ab
1292 448 1407 499 orbe,

420 524 568 566 Donec
588 537 682 564 eum
701 530 846 564 contra
863 522 986 577 pleno
1004 521 1110 563 bene
1129 521 1282 563 lumine
1301 521 1426 573 fulsit,

420 598 558 652 Atque
578 597 712 638 oriens
731 596 866 638 obitus
886 597 971 652 ejus
990 610 1111 651 super
1131 595 1240 637 edita
1260 595 1380 636 vidit:

420 671 524 712 Inde
543 671 776 712 minutatim
796 678 907 712 retro
927 670 1040 725 quasi
1061 669 1238 711 condere
1258 669 1396 711 lumen

419 745 555 786 Debet
576 745 689 795 item,
711 752 866 800 quanto
885 745 1053 799 propius
1067 744 1154 799 jam
1174 744 1267 785 solis
1285 743 1338 785 ad
1358 744 1495 800 ignem

308 821 390 859 710
420 819 595 860 Labitur
614 833 667 860 ex
685 819 763 860 alifi
783 820 995 876 signorum
1013 826 1130 874 parte
1149 833 1223 874 per
1243 818 1400 860 orbem:

317 986 435 1014 Ελλαπις,
456 984 497 1010 aba
515 993 614 1017 μενυσιν
624 984 890 1011 ἘΛΙΣΣΟΜΕΝΗΝ
904 983 997 1009 AMA-

433 1033 552 1057 ΡΥΓΗΝ.

321 1105 393 1136 Ver.
407 1108 482 1138 697.
507 1112 614 1146 atque:
642 1109 676 1136 Δ.
698 1111 805 1146 nequ&
831 1112 874 1136 Π.
890 1116 998 1136 nec.—

278 1168 443 1198 emergere:
469 1157 565 1187 vind.
593 1163 635 1187 Π.
660 1168 791 1196 mergere
797 1173 807 1193 ‚·
832 1156 871 1187 V.
896 1157 943 1187 ed.
966 1168 997 1187 e·

278 1220 376 1249 merge
382 1225 393 1246 ,·
418 1219 530 1248 nempe
546 1218 600 1248 pro
614 1212 746 1248 emergE:
766 1214 800 1240 Σ.
816 1209 998 1248 injungere.

320 1261 395 1291 Ver.
412 1265 483 1293 699.
505 1263 623 1292 veniat:
644 1267 684 1290 n.
704 1265 737 1292 Σ.
754 1263 851 1296 venit‚·
875 1260 999 1300 elegan-

279 1312 352 1350 tius,
373 1313 398 1343 si
413 1313 543 1342 metrica
557 1312 720 1342 necessitas
737 1317 902 1350 pateretur.
951 1311 999 1341 Si-

279 1363 393 1394 donius
410 1363 611 1402 Apollinaris,
626 1362 712 1401 epist.
729 1362 769 1392 iv.
786 1365 838 1392 18.

311 1453 433 1480 Dumque
444 1449 521 1474 venit
541 1449 670 1478 Christus,
692 1448 804 1480 populos
825 1448 870 1479 qui
891 1447 1002 1472 suscitat

404 1496 507 1518 omnm,

340 1531 470 1561 Perpetuo
481 1529 578 1554 durent
590 1528 708 1553 culmina
718 1527 850 1559 Perpetui.

323 1606 403 1636 Ibid.
418 1608 575 1638 radiatum
592 1609 712 1646 insigne
728 1608 807 1637 diei:
825 1606 845 1636 i.
858 1616 883 1636 e.
903 1609 925 1624 “
942 1606 1004 1646 sig.

281 1661 303 1676 “
320 1667 408 1693 num,
435 1657 485 1688 vel
500 1664 733 1695 ornamentum,
749 1657 823 1694 diei,
848 1657 941 1687 radiis
955 1658 1003 1687 in-

282 1712 303 1728 “
320 1709 513 1740 structum:''
535 1712 678 1741 diadema
693 1710 817 1740 scilicet.
840 1708 1004 1750 Virgilius,

283 1761 359 1790 AEn.
377 1761 408 1790 ii.
423 1764 495 1792 592.

568 1837 709 1870 clypeique
719 1837 815 1867 insigne
826 1837 969 1862 decorum:

284 1908 301 1936 i.
318 1916 344 1936 c.
369 1909 392 1924 ‘⁴
407 1913 618 1937 ornamentum
645 1905 812 1943 decorum;
833 1916 898 1936 non
921 1905 1007 1936 enim

285 1961 307 1974 ‘⁴
324 1962 397 1986 sunt
419 1956 484 1987 duo
507 1957 651 1995 epitheta,
676 1957 761 1997 quod
781 1957 864 1996 apud
879 1957 1008 1987 Latinos

284 2011 307 2025 “
323 2007 470 2038 vitiosum
485 2007 560 2038 est.'’
609 2007 732 2038 Servius
751 2007 792 2037 ad
806 2007 918 2038 locum.
944 2008 1006 2037 Ac-

285 2059 470 2090 commodus
483 2065 529 2090 est
546 2060 709 2099 Apuleius,
725 2067 798 2090 met.
812 2060 855 2090 iii.
871 2060 939 2090 init.
960 2060 1005 2090 lo-

285 2112 462 2142 cutionibus
476 2111 683 2142 curiosissime
697 2112 859 2150 contextis,
875 2118 910 2142 ut
919 2111 1008 2142 adso-

286 2163 340 2200 let,
356 2162 562 2194 efflorescens:
590 2167 612 2182 “
632 2163 843 2194 Commodum
858 2164 1008 2203 punican-

287 2218 309 2232 “
326 2215 410 2244 tibus
422 2216 567 2254 phaleris,
587 2215 722 2251 Aurora,
734 2225 858 2245 roseum
870 2217 1011 2255 quatiens

287 2268 308 2282 “
326 2265 488 2302 lacertum,
499 2265 613 2295 coelum
625 2265 891 2306 inequitabat-—.“
918 2265 1011 2296 Idem

290 2316 394 2353 Maro,
412 2316 485 2346 AEn.
501 2326 528 2345 v.
544 2319 617 2346 310.

302 2393 403 2418 Primus
414 2400 527 2425 equum,
534 2392 646 2426 phaleris
657 2394 790 2426 insignem,
800 2394 887 2420 victor
904 2394 1013 2420 habeto.

293 2463 353 2494 Sed
368 2464 448 2494 nihil
463 2475 552 2505 aeque
576 2464 650 2495 facit
673 2464 714 2495 ad
736 2465 874 2496 Lucretii
898 2465 1014 2502 locum,

289 2521 381 2556 atque
397 2526 443 2555 ep.
459 2516 502 2546 iii.
519 2516 569 2546 lib.
586 2527 613 2546 v.
626 2516 756 2547 Anthol.
772 2517 840 2547 Lat.
856 2517 1013 2548 Burman-

289 2567 335 2604 ni,
351 2567 405 2608 qui
423 2567 633 2598 consulendus
648 2573 694 2598 est
711 2567 839 2598 ibidem:

323 2656 434 2681 Roscida
447 2657 562 2688 puniceo
573 2656 711 2682 Pallantias
722 2657 781 2682 exit
792 2657 905 2687 amictu,

354 2694 510 2727 Astrigerum
521 2695 643 2721 inficiens
653 2696 713 2722 luce
725 2698 838 2723 rubente
849 2697 953 2729 polum.

325 2733 366 2757 Sol
379 2734 475 2766 insigne
484 2739 566 2767 caput
576 2735 707 2760 radiorum
718 2737 828 2762 ardente
838 2736 929 2761 cotonei

355 2774 466 2803 promit,
478 2775 511 2799 ab
523 2776 655 2806 :equoreis
666 2776 790 2809 Tethyos
800 2781 875 2802 ortus
884 2777 968 2808 aquis.

297 2853 347 2882 Sic
362 2852 484 2890 malim,
492 2863 565 2883 cum
576 2855 736 2886 nonnullis
745 2856 912 2894 codicibus,
924 2866 1019 2896 quam

296 2903 494 2943 Aser-fferam,
511 2905 594 2945 quod
610 2913 656 2936 est
670 2907 703 2937 iu
726 2906 832 2938 editis:
857 2907 923 2938 redi
937 2907 1020 2938 dicta

1039 972 1074 1002 in
1097 982 1156 1002 ver.
1173 975 1245 1003 565.
1268 971 1424 1010 superius:
1451 977 1482 1001 et
1503 970 1644 1002 conferas
1667 971 1762 1003 velim

1043 1021 1134 1052 ovid.
1150 1027 1222 1052 met.
1238 1021 1268 1052 ii.
1288 1025 1359 1052 124.
1382 1021 1468 1060 epist.
1485 1021 1524 1052 iv.
1541 1025 1612 1053 159.

1084 1074 1157 1103 Ver.
1175 1076 1247 1104 700.
1268 1075 1360 1104 etiam
1383 1075 1475 1113 quia:
1503 1079 1549 1103 Ω.
1573 1075 1646 1113 quia
1661 1074 1763 1104 etiam.

1041 1125 1085 1155 Et
1100 1129 1134 1156 Σ.
1152 1127 1200 1155 sit.

1086 1176 1160 1205 Ver.
1177 1178 1247 1205 702.
1260 1176 1408 1215 faciunt:
1435 1175 1472 1205 P.
1495 1175 1536 1206 V.
1559 1174 1606 1206 ed.
1624 1176 1662 1206 B.
1675 1175 1765 1216 faci-

1042 1228 1325 1265 ant.—desurgere.-
1343 1226 1387 1256 sic
1403 1226 1441 1257 P.
1456 1227 1496 1256 V.
1510 1226 1557 1257 ed.
1574 1227 1611 1257 B.
1628 1231 1663 1256 Δ.
1678 1232 1719 1257 11.
1731 1231 1766 1258 Σ.

1045 1284 1090 1308 Ω..
1106 1277 1202 1317 vulgo
1214 1276 1389 1316 separatim,
1403 1279 1440 1307 de
1453 1276 1766 1317 surgere.—Deinde,

1044 1327 1078 1358 in
1093 1327 1178 1358 libris
1191 1328 1338 1358 omnibus
1354 1333 1465 1367 praeter
1482 1328 1521 1358 B.
1539 1328 1576 1358 L.
1597 1328 1646 1358 M.
1665 1333 1700 1358 Δ.
1714 1337 1766 1358 ve·

1045 1379 1093 1408 nit
1108 1388 1169 1408 ver.
1186 1380 1257 1409 715.

1086 1428 1161 1458 Ver.
1174 1431 1245 1458 705.
1263 1439 1407 1467 percussa
1417 1442 1426 1458 :
1445 1429 1481 1459 P.
1496 1428 1593 1458 Vind.
1612 1429 1652 1458 V.
1668 1427 1716 1458 ed.
1730 1428 1768 1459 L.

1048 1478 1087 1509 Ο.
1114 1484 1148 1509 A.
1166 1485 1206 1509 Π.
1223 1484 1256 1510 Σ.
1274 1481 1433 1519 ]›erculsa,·
1457 1480 1587 1509 omnino
1611 1479 1769 1509 vitiosissi-

1046 1539 1111 1559 me:
1138 1529 1278 1570 perlegas
1292 1529 1399 1567 modo,
1423 1540 1493 1571 quae
1508 1530 1717 1561 notaverimus
1731 1529 1771 1560 ad

1047 1581 1069 1609 i.
1089 1583 1140 1610 13.
1164 1586 1194 1610 et
1210 1586 1336 1610 centum
1353 1580 1428 1611 locis
1442 1582 1604 1620 po'e'tarum
1618 1592 1668 1612 res
1685 1588 1771 1612 extra

1047 1630 1261 1660 controversiae
1276 1637 1375 1660 metas
1389 1632 1526 1669 ponitur.

1091 1681 1171 1712 Ibid.
1194 1682 1314 1712 Pariter
1343 1683 1510 1722 Epicurus,
1540 1683 1625 1723 apud
1650 1684 1770 1725 Dioge·

1048 1742 1121 1762 nem
1150 1733 1321 1768 Laenium,
1352 1743 1384 1764 x.
1414 1737 1462 1765 94.
1485 1734 1530 1764 sic
1557 1735 1755 1766 scribendum
1764 1747 1774 1773 ς

1048 1794 1123 1814 nam
1156 1785 1349 1815 Meibomius
1378 1786 1492 1824 partim
1526 1786 1712 1823 emendavit,
1742 1793 1773 1817 et

1049 1835 1161 1873 partim
1177 1835 1217 1865 de
1231 1845 1312 1866 novo
1326 1837 1474 1875 corrupit,
1497 1837 1617 1867 locum:
1647 1842 1775 1872 Κενυηις

1051 1899 1083 1917 τε
1098 1894 1214 1921 camus
1228 1901 1278 1918 nm
1294 1894 1384 1918 Δπόιλιν
1400 1895 1565 1929 πληρωσεις,
1583 1890 1677 1929 (quod
1701 1891 1775 1920 atei.

1050 1944 1100 1970 net
1114 1940 1336 1970 exinanitiones
1350 1945 1378 1970 et
1394 1941 1580 1979 impletiones
1603 1939 1702 1980 lunoe)
1725 1954 1775 1971 και

1053 2002 1137 2020 κατα
1152 1997 1271 2031 στροφην
1295 2002 1333 2021 τε
1358 2003 1492 2029 σωματος
1518 2003 1590 2021 aeu‘ro
1613 1989 1721 2022 hume*
1743 2004 1777 2021 a·

1053 2042 1186 2079 γινισέαι,
1203 2053 1253 2070 και
1269 2054 1352 2071 aava
1367 2053 1580 2080 σχηματισμες
1597 2054 1671 2082 cupos
1699 2042 1776 2081 ὃμοι-

1051 2105 1099 2125 ως·
1117 2104 1157 2121 sera
1173 2104 1204 2123 τε
1221 2105 1271 2122 και
1289 2105 1371 2122 κατα
1388 2094 1598 2134 πραςθετησεις,
1625 2106 1675 2123 και
1693 2105 1775 2124 κατα

1053 2155 1168 2177 τινι-τως
1185 2155 1298 2184 τραπείς.

1095 2195 1170 2225 Ver.
1187 2198 1260 2226 704.
1285 2196 1401 2237 majus.-
1425 2196 1469 2226 ita
1485 2196 1521 2227 P.
1544 2196 1642 2234 solus;
1666 2196 1776 2237 reliqui

1053 2251 1170 2276 veteres
1185 2246 1325 2286 impressi
1340 2252 1372 2277 et
1391 2257 1500 2278 omnes
1522 2249 1636 2287 scripti,
1658 2251 1775 2288 magis,-

1053 2306 1147 2336 quem
1163 2306 1300 2327 errorem
1314 2307 1351 2327 ex
1363 2298 1431 2328 soni
1448 2298 1653 2329 similitudine
1668 2305 1779 2330 natum

1054 2353 1138 2385 puto.
1163 2347 1205 2378 O.
1228 2354 1259 2379 et
1275 2354 1310 2380 A.
1332 2348 1453 2380 addunt
1477 2357 1518 2388 et,
1542 2350 1648 2381 versus
1667 2350 1778 2382 sufful-

1058 2398 1160 2429 ciendi
1189 2399 1308 2440 gratiiu
1329 2411 1501 2440 perperam.
1550 2402 1646 2433 Hanc
1674 2408 1780 2433 autem

1058 2449 1227 2480 scribarum
1249 2451 1476 2482 aberrationem
1501 2462 1565 2483 esse
1595 2453 1778 2494 frequentis-

1058 2500 1180 2538 simam,
1205 2501 1352 2533 lectorem
1367 2503 1440 2533 satis
1455 2503 1584 2535 doctum
1599 2505 1685 2536 dabit
1696 2504 1778 2535 Dra—

1057 2552 1236 2584 kenborcbii
1253 2560 1335 2590 nota,
1351 2554 1391 2585 ad
1406 2555 1473 2586 Liv.
1489 2555 1570 2586 xxvi.
1582 2559 1631 2586 41.
1645 2559 1694 2586 16.

1100 2604 1175 2634 Ver.
1191 2607 1262 2636 705.
1276 2607 1361 2637 orbe:
1380 2606 1421 2636 V.
1437 2606 1485 2637 ed.
1500 2618 1566 2643 ore,·
1581 2607 1675 2637 etiam
1689 2607 1781 2644 bene,

1059 2654 1112 2684 sed
1123 2662 1279 2695 receptam
1291 2656 1401 2687 malim
1412 2657 1446 2687 in
1457 2658 1515 2687 hoc
1526 2656 1594 2687 loco
1603 2656 1779 2688 dictionem.

1059 2705 1135 2735 Jam
1150 2715 1222 2736 vero
1247 2706 1286 2736 de
1311 2707 1554 2737 commutatione
1581 2717 1693 2737 vocum
1714 2709 1781 2739 orbe

1060 2761 1092 2785 et
1107 2767 1168 2794 ore,
1185 2756 1287 2787 videas
1302 2767 1362 2788 var.
1378 2757 1459 2788 lectt.
1474 2762 1506 2787 et
1519 2757 1600 2787 viros
1613 2757 1719 2788 doctos
1741 2757 1783 2788 ad

1064 2808 1155 2839 Ovid.
1179 2816 1252 2839 met.
1269 2820 1316 2840 xv.
1330 2812 1404 2840 274.
1428 2809 1462 2839 in
1485 2810 1533 2840 Ib.
1556 2813 1606 2841 74.
1632 2809 1684 2841 Sil.
1710 2809 1780 2841 Ital.

1061 2858 1104 2889 iii.
1121 2863 1192 2890 654.
1207 2867 1238 2890 et
1252 2860 1324 2890 alibi
1338 2869 1428 2899 saepe.

1106 2910 1178 2940 Ver.
1196 2913 1267 2941 706.
1291 2911 1416 2942 Donec.-
1440 2910 1484 2940 ita
1499 2910 1533 2941 P.
1552 2910 1646 2942 vind.
1669 2911 1710 2943 V.
1733 2911 1780 2942 ed.
