1926 3224
295 220 383 259 128

777 216 834 263 Τ.
893 213 1266 264 LUCRETII

434 343 605 392 Reddit3
640 343 800 398 Hyems
820 343 1017 398 sequitur,
1048 344 1252 398 crepitans
1272 359 1320 385 ac
1340 344 1529 387 dentibus
1549 347 1670 405 Algu.

435 417 534 465 Quo
554 417 688 456 minus
707 424 767 457 est
785 416 951 466 mirum,
984 418 1016 457 si
1037 426 1148 458 certo
1168 425 1351 472 tempore
1371 418 1466 459 luna

435 490 648 545 Gignitur,
680 498 721 530 et
740 498 852 531 certo
870 490 1029 532 deletur
1048 499 1233 546 tempore
1253 505 1410 541 rursus;

436 563 577 611 Quom
598 562 686 603 fieri
703 563 862 617 possint
881 571 965 604 tam
986 571 1098 604 certo
1117 572 1302 618 tempore
1321 564 1461 605 multa.

318 638 400 678 750

289 805 333 837 Et
347 806 459 835 harum
473 805 648 846 imaginum
663 805 750 843 ordo,
773 806 919 836 Lucretio
938 817 1008 845 pro-

290 856 419 895 positus,
454 856 590 885 versibus
620 856 734 886 Avieni
763 857 1011 888 commodissime

289 907 402 946 poterit
415 905 572 944 illustrari,
588 907 621 936 in
639 908 726 938 Arat.
741 911 813 940 597.

305 1004 386 1028 Tunc
397 1002 497 1027 succisa
507 1004 575 1027 ceres
586 1003 658 1027 strati
670 1010 733 1028 cum
745 1005 859 1036 mergite
868 1005 950 1029 culmi

304 1043 475 1068 construitur
486 1052 494 1074 ς
513 1043 594 1068 flavos
604 1045 752 1069 tondentur
761 1045 863 1069 semina
872 1045 956 1070 crines

305 1084 412 1113 Omnia,
424 1087 452 1108 et
462 1084 588 1108 advectas
598 1084 651 1109 late
663 1085 754 1116 coquit
764 1092 825 1110 area
834 1092 940 1110 messes.

303 1123 386 1147 Tunc
396 1126 424 1147 et
435 1122 556 1148 Threicii
566 1127 692 1154 repetunt
703 1123 822 1148 animosa
833 1124 965 1156 Aquilones

304 1160 394 1185 Flabra
405 1161 466 1192 polo
477 1168 483 1185 ε
502 1164 567 1186 tunc
580 1168 712 1187 oceanum
723 1165 789 1187 stata
797 1162 909 1192 flamina
919 1162 983 1187 coe'j

305 1199 459 1231 Propellunt
471 1199 647 1232 pelagus—.

289 1286 333 1317 In
347 1296 438 1317 versu
454 1286 560 1326 primo
573 1287 644 1318 libri
658 1287 745 1326 daut,
767 1291 886 1324 statim;
912 1288 1011 1318 unde-

290 1347 413 1378 quaque
435 1337 715 1368 mendosissimum.
771 1338 904 1377 Nempe,
934 1339 1011 1369 olim

289 1395 450 1419 exaratum
465 1395 530 1419 erat
547 1394 629 1420 scoti.

335 1447 415 1477 Ibid.
440 1449 544 1478 Etesia
566 1449 673 1488 flabra
704 1449 900 1488 Aquilonum.
946 1449 1010 1479 Lu-

288 1498 357 1529 cius
383 1498 559 1537 Ampelius‚
588 1508 652 1538 cap.
682 1502 710 1530 5.
736 1503 758 1517 ‘⁴
777 1500 859 1530 Item
890 1501 1012 1536 Etesiae,

291 1553 314 1568 “
329 1550 382 1590 qui
412 1550 496 1579 statis
528 1550 636 1580 diebus
665 1550 741 1580 flant
767 1561 820 1590 per
845 1553 1013 1582 aestatem.”

289 1599 441 1638 Isidorus,
467 1600 565 1641 origg.
582 1601 645 1631 xiii.
663 1605 710 1632 ll.
734 1602 774 1632 de
794 1603 939 1633 Lucretio
964 1613 1014 1633 co-

289 1651 420 1691 gitabat:
448 1654 471 1669 “
488 1653 604 1682 Etesiae
619 1658 726 1682 autem
731 1655 838 1694 flabra
855 1655 1016 1694 Aquilonis

292 1708 315 1722 ‘⁴
331 1711 419 1736 sunt:
444 1706 557 1746 quibus
572 1716 688 1736 nomen
704 1707 839 1737 inditum
855 1713 908 1742 est,
932 1706 1016 1747 quod

293 1758 316 1772 “
332 1762 411 1786 certo
421 1758 500 1786 anni
511 1763 639 1796 tempore
651 1756 740 1787 flatus
750 1767 841 1797 agere
853 1757 1014 1796 incipiunt.

292 1809 315 1824 “
332 1807 458 1838 ΕΤΟΣ”
482 1807 576 1848 (libri,
601 1808 737 1847 maun-05)
762 1812 784 1827 “
801 1809 885 1839 enim
909 1809 1016 1839 Graece

293 1859 315 1875 “
331 1867 432 1888 annus
447 1858 558 1888 Latine
579 1859 722 1889 dicitur.'’
766 1860 918 1891 Vividum
940 1862 1015 1894 Ete-

292 1907 409 1938 siarum
431 1909 584 1948 impetum
604 1911 648 1939 sic
673 1911 798 1941 uberius
820 1918 851 1942 et
879 1914 1016 1944 ornatius

292 1959 475 1990 Mincianus
490 1967 574 1991 vates
587 1962 736 2000 exposuit,
752 1963 784 1992 in
800 1973 868 2003 geo,
886 1964 930 1995 iii.
944 1969 1013 1997 196.

292 2020 361 2050 quae
387 2022 445 2049 res,
471 2013 602 2042 minime
627 2013 795 2052 intellecta,
826 2015 928 2045 fraudi
954 2016 1013 2047 fuit

291 2062 422 2092 eruditis
437 2063 507 2093 viris
521 2064 560 2094 ad
576 2064 692 2095 locum:

291 2154 381 2185 Qualis
393 2156 567 2187 Hyperboreis
578 2157 667 2189 Aquilo
678 2165 762 2188 quum
774 2159 870 2184 densus
880 2160 912 2183 ab
923 2160 974 2185 oris

291 2193 428 2224 Incubuit,
445 2195 618 2227 Scytliiaeque
629 2196 732 2227 hyemis
743 2201 824 2228 atque
836 2199 907 2222 arida
917 2199 1005 2224 differt

290 2234 402 2258 Nubila:
420 2238 479 2259 tum
490 2239 578 2267 segetes
589 2236 663 2266 altae,
675 2237 818 2269 campique
828 2241 960 2269 natantes,

291 2273 398 2298 lenibus
409 2274 565 2300 horrescunt
574 2275 735 2305 stabrIJ——.

294 2358 376 2389 Sane
405 2360 502 2399 possis
529 2360 724 2400 interpretari
751 2363 886 2394 Lenibus
899 2365 1014 2405 flabris

292 2408 332 2438 de
344 2415 436 2440 vento
447 2410 634 2449 pedetentim
647 2412 820 2452 ingruente,
833 2420 863 2443 et
873 2414 1014 2445 nondum

293 2467 416 2492 maturo
445 2463 613 2494 violentiae:
650 2464 703 2494 sed
732 2465 840 2496 malim
870 2467 1013 2507 equidem

293 2521 402 2552 capere
422 2514 463 2544 de
486 2519 508 2533 “
523 2515 627 2545 flabris
648 2516 772 2547 modico
793 2519 935 2557 tepore;”
961 2519 1013 2549 fri-

291 2574 367 2604 gore
390 2565 554 2602 nimirum,
581 2568 664 2608 quod
689 2568 853 2609 distinguit
886 2571 1015 2611 Aquilo-

294 2624 366 2644 nem
382 2615 450 2646 aliis
465 2618 540 2647 anni
555 2619 756 2658 temporibus,
771 2620 918 2651 emollito.
957 2622 1014 2652 Ni-

293 2665 338 2694 hil
359 2666 456 2706 igitur
481 2670 586 2699 Etesia
598 2672 705 2710 flabra
733 2672 921 2711 Aquilonum
947 2672 1016 2712 pul-

293 2716 397 2747 chrius
412 2718 534 2758 signare
549 2726 679 2758 poterat,
703 2732 799 2762 quam
824 2723 883 2753 hoc
898 2723 1015 2762 epithe-

293 2770 357 2795 ton.
403 2769 553 2799 Conferas
567 2781 634 2810 geo.
654 2772 685 2802 ii.
705 2776 772 2803 113.
789 2776 859 2804 404.
883 2775 957 2804 AEn.
972 2774 1014 2805 iii.

293 2819 365 2847 284.
388 2817 426 2848 iv.
441 2821 512 2851 309.
527 2824 599 2852 310.

338 2874 409 2906 Ver.
427 2878 499 2908 742.
522 2878 619 2910 Deest
642 2887 682 2911 Π.
706 2883 824 2913 Euius:
863 2883 958 2914 vind.
976 2883 1015 2914 V.

1042 969 1181 1009 fulmine
1188 984 1197 1000 :
1240 969 1277 1000 V.

486 635 592 677 Solis
611 636 709 677 item
729 650 890 692 quoque
910 636 1103 687 defectus,
1133 636 1323 692 lunaeque
1342 637 1529 688 latebras,

1052 806 1099 836 ed.
1130 807 1169 838 Ο.
1196 812 1233 838 Δ.
1259 813 1294 839 Σ.
1318 810 1458 844 euchius;
1492 807 1528 839 P.
1554 810 1699 850 culzyz'us;
1731 815 1776 841 n..

1053 860 1350 890 eulzinus.—Euan.·
1376 859 1416 889 V.
1432 858 1479 889 ed.
1493 870 1611 895 aenam‚·
1639 865 1673 890 Δ.
1688 871 1766 890 una.

1098 918 1170 949 Ver.
1187 922 1259 950 744.
1285 922 1414 951 Auster:
1442 920 1483 950 V.
1508 920 1555 951 ed.
1573 922 1611 951 B.
1635 932 1779 952 unser.—

1312 971 1358 1000 ed.
1387 971 1526 1011 fulmen;
1566 976 1600 1002 Δ.
1625 972 1778 1012 fulmina.

1056 1019 1133 1049 Pius
1153 1021 1314 1059 proposuit
1323 1023 1476 1061 flamine5
1499 1022 1634 1060 pessimo
1652 1028 1779 1053 conatu.

1056 1070 1195 1110 Vulgata
1219 1071 1323 1101 firmat
1347 1072 1497 1108 Isidorus,
1523 1073 1623 1113 origg.
1649 1073 1713 1104 xiii.
1730 1076 1780 1104 11.

1055 1124 1226 1161 —pollenm
1255 1128 1289 1153 Δ.
1299 1125 1423 1162 pellens.

1100 1180 1181 1210 Ibid.
1202 1183 1379 1213 Altitonans
1403 1184 1577 1222 Volturnus,
1594 1186 1706 1215 Auster
1710 1185 1782 1226 ful-

1055 1234 1137 1262 mine
1148 1234 1270 1271 pollens.
1303 1233 1482 1264 Vulturnus
1497 1240 1543 1264 est
1557 1234 1660 1265 affinis
1674 1237 1761 1266 Euro
1768 1251 1781 1273 ,-

1056 1289 1087 1312 et
1101 1283 1229 1323 hujusce
1251 1284 1310 1313 loci
1326 1284 1447 1315 videtur
1461 1296 1582 1316 memor
1595 1285 1691 1316 fuisse
1705 1285 1780 1316 Vir-

1053 1334 1162 1374 gilius,
1177 1334 1217 1364 ad
1232 1345 1298 1375 geo.
1315 1336 1334 1366 i.
1348 1339 1420 1367 570.

1055 1423 1090 1448 At
1099 1424 1183 1447 Boreae
1194 1424 1227 1448 de
1237 1427 1314 1455 parte
1323 1424 1405 1449 trucis
1418 1432 1503 1456 quum
1508 1426 1646 1458 fulminat,
1657 1431 1684 1453 et
1695 1433 1779 1459 quum

1056 1462 1184 1492 Eurique,
1196 1463 1375 1494 Zephyrique,
1385 1467 1456 1488 tonat
1467 1465 1648 1490 domus-—:

1057 1540 1076 1570 i.
1093 1551 1118 1571 e.
1144 1544 1165 1560 ⁴‘
1182 1551 1253 1571 cum
1271 1543 1415 1574 Bonitas
1436 1554 1645 1582 ῑυιΜιΝΛτ,
1666 1552 1697 1576 et
1711 1546 1779 1577 Eu·

1059 1595 1080 1610 ‘⁴
1097 1603 1149 1622 rus
1164 1594 1279 1623 tonat.”
1325 1595 1466 1625 Sentisne
1480 1606 1553 1626 vero
1570 1597 1688 1627 Carum
1709 1607 1785 1628 nos·

1058 1648 1141 1672 trum
1159 1643 1252 1683 longe
1274 1644 1429 1685 longeque
1451 1645 1605 1684 optimum
1626 1657 1692 1677 esse
1708 1647 1781 1678 Ma-

1059 1693 1142 1722 ronis
1169 1694 1369 1733 interpretem
1377 1707 1386 1732 ;
1426 1695 1605 1736 neminique
1633 1697 1668 1726 in
1697 1698 1782 1728 hunc

1058 1753 1156 1783 usque
1181 1744 1265 1774 diem
1290 1746 1345 1775 hos
1367 1755 1471 1776 versus
1492 1748 1588 1785 probe
1611 1747 1783 1778 intellectos

1059 1795 1142 1826 esse?
1181 1796 1323 1826 Sentisne
1345 1797 1482 1836 insuper,
1493 1799 1618 1838 fulmen
1648 1805 1679 1828 et
1703 1801 1784 1830 toni.

1058 1853 1150 1882 trum,
1174 1853 1208 1877 ut
1223 1847 1298 1877 alias
1320 1859 1533 1887 saepenumero
1554 1849 1686 1888 factum,
1708 1861 1783 1881 con-

1059 1896 1190 1928 sociari?
1220 1898 1304 1928 unde
1326 1906 1430 1929 actum
1459 1905 1515 1936 est,
1545 1910 1582 1930 ex
1611 1901 1784 1933 abundanti

1059 1947 1183 1983 scilicet,
1217 1958 1289 1978 cum
1323 1949 1372 1979 Pii
1392 1951 1538 1990 flamine.
1585 1951 1648 1981 His
1676 1957 1783 1982 autem

1057 2005 1172 2036 motus,
1197 2009 1248 2029 me
1270 2010 1452 2038 persuasum
1473 2001 1583 2038 habeo,
1607 2009 1782 2033 commuta-

1057 2050 1173 2080 tionem
1206 2051 1422 2082 creberrimam
1451 2051 1593 2092 frangere
1623 2053 1686 2084 vim
1722 2054 1782 2085 loci

1057 2100 1201 2131 sublimis
1228 2101 1262 2130 in
1285 2101 1395 2131 eodem
1421 2102 1565 2139 Marone,
1591 2103 1631 2134 ad
1657 2105 1732 2136 AEn.
1750 2106 1781 2136 ii.

1063 2160 1130 2187 115.

1403 2246 1476 2272 saepe
1486 2240 1543 2265 illos
1554 2247 1644 2272 aspera
1655 2241 1733 2273 ponti

1089 2279 1243 2304 interclusit
1255 2281 1360 2312 hyems,
1372 2286 1399 2306 et
1410 2282 1499 2306 terruit
1511 2284 1603 2306 Auster
1612 2282 1709 2307 euntis.

1086 2319 1232 2351 Praecipue,
1255 2327 1340 2350 quum
1353 2322 1409 2352 jam
1427 2321 1482 2351 hic,
1503 2322 1620 2346 trabibus
1636 2325 1781 2349 contextus

1179 2365 1289 2389 acernis,

1090 2399 1175 2423 Staret
1187 2405 1280 2430 equuS‚
1290 2402 1350 2423 toto
1362 2402 1497 2424 tonuerunt
1509 2400 1612 2426 aethere
1621 2401 1709 2427 nimbi.

1058 2482 1178 2522 Vulgo,
1200 2490 1381 2514 sonuerunt.-
1409 2484 1478 2514 vide
1493 2494 1545 2515 me
1559 2485 1598 2515 ad
1619 2485 1639 2515 i.
1657 2488 1727 2517 918.
1748 2485 1780 2515 ii.

1058 2538 1129 2564 618.
1174 2535 1397 2566 Emendationi
1420 2547 1499 2566 meae
1520 2537 1658 2567 multum
1676 2537 1781 2566 favent

1058 2595 1172 2620 versus,
1199 2586 1387 2617 sublimitate
1411 2587 1634 2626 praecellentes,
1656 2587 1690 2617 in
1705 2587 1780 2617 AEn.

1059 2635 1096 2665 vi.
1113 2640 1184 2668 590.

1074 2717 1205 2742 Demens!
1225 2718 1270 2748 qui
1282 2717 1386 2748 nimbor,
1396 2721 1423 2743 et
1434 2724 1487 2742 non
1500 2717 1627 2742 imitabile
1633 2716 1748 2748 fulmen,

1074 2756 1136 2780 AEre
1148 2760 1176 2781 et
1186 2757 1361 2788 cornipedum
1373 2757 1449 2788 pulsu
1461 2756 1590 2780 simularet
1600 2762 1746 2787 equorum:

1059 2840 1096 2864 ut
1115 2835 1231 2874 optime
1254 2835 1397 2866 nonnulli
1422 2835 1551 2867 codices.
1597 2835 1717 2876 Vulgo,
1738 2837 1780 2867 si-

1058 2888 1203 2917 mulctrat.
