1926 3224
295 220 389 260 300

787 218 848 264 Τ.
906 216 1287 265 LUCRETII

494 345 715 394 Praeterea,
737 358 863 399 quom
882 353 1094 386 rarescunt
1113 360 1277 402 quoque
1296 347 1435 388 nubila
1454 350 1597 400 ventis,

436 419 524 459 Aut
543 417 817 458 dissolvuntur
837 417 930 458 solis
950 433 1071 473 super
1093 419 1175 462 icta
1194 419 1343 471 calore,

438 490 616 531 Mittunt
634 490 850 532 humorem
871 491 1072 546 pluvium3
1105 493 1293 544 stillante,
1315 495 1429 550 quasi
1447 494 1535 551 igni

325 567 407 604 515
439 563 542 604 Tela
561 578 684 619 super
703 564 850 615 calido,
882 565 1090 607 tabescens
1109 567 1251 617 multa,
1281 567 1487 622 liquescat.

438 636 521 678 Sed
540 636 756 678 vehemens
775 637 908 679 imber
927 638 989 689 fit,
1020 639 1115 680 ubei
1135 640 1396 681 vehementer
1414 639 1587 696 utraque

437 709 591 751 Nubila
608 710 664 761 vi,
687 710 907 761 cumulata,
928 719 1187 765 premuntur,
1214 721 1256 754 et
1274 714 1411 768 inpete
1430 714 1553 755 venti.

335 880 410 911 Ver.
433 884 506 913 511.
539 884 690 923 Urguens,
718 884 766 915 vel
803 887 940 926 Urgens:
976 887 1020 918 ita

293 932 382 963 codd.
406 933 649 965 emendatissimi
680 942 711 966 et
735 937 952 978 antiquissimi,
981 939 1018 969 L.

293 982 343 1014 M.
365 985 479 1022 caeteri,
514 986 605 1025 Urget
632 993 679 1023 ει,-
700 997 753 1018 me
772 988 891 1028 judice,
915 989 1020 1019 minus

293 1040 431 1071 venuste,
460 1035 523 1066 sive
547 1038 783 1068 constructionis
803 1039 948 1070 habueris
969 1050 1018 1070 ra-

292 1083 423 1124 tionem,
443 1086 506 1116 sive
521 1087 640 1118 sonitus
654 1089 879 1120 sonantis—ex
892 1101 998 1130 supero
1006 1103 1016 1120 .-

293 1134 337 1164 sic
362 1135 441 1166 solet
467 1137 644 1176 Lucretius3
669 1139 774 1169 videas
799 1140 829 1170 ii.
854 1143 925 1171 227.
949 1143 1019 1170 241.

292 1188 365 1216 248.
397 1191 491 1227 atque
519 1199 547 1226 e,
573 1195 612 1225 et,
647 1201 693 1227 ex,
724 1190 875 1220 confundi
905 1190 1018 1220 solent:

293 1236 379 1267 unde
402 1248 467 1268 non
497 1240 609 1270 erubui
631 1250 668 1270 ex
692 1241 820 1280 ingenio
850 1242 1019 1271 restituere.

290 1287 413 1328 Vulgo,
434 1300 451 1320 e
468 1300 593 1329 supero,-
620 1290 673 1320 sed
689 1290 785 1320 Vind.
801 1302 819 1321 a
836 1302 958 1331 supero;
982 1292 1019 1322 L.

292 1338 342 1369 Μ.
353 1346 381 1370 et
392 1351 498 1380 super‚·
515 1341 599 1380 quod
614 1341 693 1371 forte
705 1341 827 1371 fluxerit
838 1343 877 1372 ab
887 1353 1022 1383 ecsuper,

292 1390 414 1421 solenni
436 1391 610 1422 mutatione
624 1403 640 1423 c
656 1398 687 1422 et
700 1399 821 1424 c.—ac:
850 1400 894 1424 Ω.
917 1401 953 1425 et.

334 1449 409 1479 Ver.
425 1451 496 1480 515.
518 1452 588 1481 solis
614 1453 674 1481 icta
703 1452 811 1483 calore.
857 1452 930 1483 Hoc
955 1453 1017 1483 ele-

290 1500 508 1541 gantissimum
520 1501 646 1532 dicendi
658 1512 758 1542 genus
769 1513 826 1533 nos
841 1504 874 1533 in
890 1505 1018 1544 hujusce

291 1551 507 1582 commentarii
530 1552 662 1583 decursu
684 1553 862 1594 frequenter
883 1554 1017 1586 illustra-

291 1609 361 1632 tum
376 1601 531 1638 dedimus,
553 1613 652 1643 quum
667 1603 833 1634 Lucretius
848 1606 886 1635 sit
908 1606 1019 1636 talium

290 1653 434 1693 leporum
450 1654 678 1686 refertissimus.
723 1656 860 1687 Pulchre
879 1667 945 1688 non
960 1659 1018 1689 mi-

291 1715 352 1735 nus
366 1705 399 1734 in
415 1704 526 1736 eadem
542 1716 575 1735 re
591 1706 752 1746 Lucanus,
768 1708 808 1738 ix.
823 1712 896 1740 596.

385 1784 429 1808 Me
439 1783 507 1808 calor
516 1784 643 1810 aetherius
651 1785 807 1816 seriat—.

292 1856 381 1887 Hinc
406 1863 511 1888 autem
535 1859 730 1898 periclitabor
753 1861 1016 1899 emendationem,

290 1919 362 1950 quae
391 1910 469 1939 mihi
494 1920 614 1950 semper
640 1911 703 1942 visa
726 1918 771 1942 est
793 1913 962 1952 verissima,
984 1915 1018 1945 in

293 1960 336 1991 D.
351 1960 486 1992 Joannis
501 1961 711 2002 apocalypsin,
727 1973 792 2002 cap.
808 1964 858 1994 vii.
874 1975 952 1995 com.
970 1969 1018 1996 16.

291 2018 334 2043 0⁰
357 2025 514 2044 πεινασεσιν
538 2019 615 2051 ETI,
642 2013 686 2045 ωδε
708 2014 859 2052 διψησυσιν
875 2022 950 2046 ETt·
976 2016 1019 2047 ⁸32

293 2077 335 2103 μη
353 2069 483 2111 muza
508 2069 570 2094 ETl
587 2077 676 2098 avem
701 2066 714 2095 ὅ
737 2068 876 2105 ‘muoz
902 2067 947 2098 ωδε
963 2080 1021 2099 «ην

293 2123 445 2148 ΚΑΎΜΑ.
482 2118 592 2159 Vulgo
607 2119 757 2150 humilius
773 2133 846 2163 areop
862 2122 906 2152 εντ’
922 2135 1021 2157 avo-⁸5.

293 2169 345 2199 Ita
372 2169 539 2200 Hebra'Icis
565 2170 604 2200 ad
625 2171 777 2201 amussim
791 2178 970 2212 congruunt
984 2173 1018 2203 in

292 2219 408 2250 Psalm.
423 2220 503 2250 cxxi.
520 2224 548 2251 6.
572 2221 615 2251 sic
637 2223 766 2252 verbum
780 2224 875 2253 verbo
889 2223 1020 2254 fideliter

291 2270 471 2301 reddendis:
500 2275 522 2290 “
541 2271 682 2302 Interdiu
711 2283 775 2302 non
799 2275 842 2304 sol
867 2279 897 2304 te
909 2274 1019 2315 feriet,

293 2325 315 2340 “
332 2328 362 2352 et
390 2325 466 2353 lema
500 2323 627 2353 noctu.’'

291 2374 454 2414 scriptores
476 2385 508 2405 se
523 2374 563 2405 ad
579 2376 692 2406 veteris
707 2376 906 2407 instrumenti
929 2378 1019 2416 phra-

291 2424 339 2454 sin
363 2425 475 2464 passim
503 2435 700 2466 componere,
725 2437 826 2463 nemo,
851 2428 899 2458 his
923 2428 1020 2458 literis

291 2476 341 2506 vel
365 2477 533 2508 leviuscule
566 2478 717 2516 imbutus,
745 2486 845 2518 potest
868 2481 1019 2520 ignorare.

291 2528 368 2560 Jam
390 2538 473 2567 vero,
497 2540 593 2570 quam
614 2531 706 2561 facile
723 2537 759 2561 ’Π
783 2532 815 2561 in
840 2539 869 2562 Π
887 2533 1020 2573 migrare

291 2585 418 2619 queant,
434 2586 470 2610 ut
484 2591 517 2611 re
533 2580 604 2611 vera
619 2592 699 2621 saepe
714 2582 933 2622 migraverunt,
949 2584 1019 2624 qui-

292 2631 338 2661 vis
366 2630 475 2662 videat.
520 2633 676 2672 Exempla
701 2639 775 2663 sunt
803 2634 842 2664 ad
871 2645 1001 2665 manum
1009 2647 1019 2673 ;

292 2682 346 2712 sed
361 2683 578 2714 annotationes
593 2691 706 2715 nostrae
729 2685 796 2716 sine
811 2686 859 2716 his
874 2687 1018 2718 accretio-

293 2732 386 2762 nibus
409 2744 463 2773 per
489 2745 522 2765 se
543 2735 617 2765 satis
638 2735 856 2767 intumescent.
903 2737 1021 2768 Confer

293 2790 398 2813 autem
415 2785 526 2816 Horat.
542 2787 591 2817 od.
609 2787 640 2817 ii.
660 2791 706 2819 15.
726 2793 753 2820 9.

336 2834 411 2864 Ver.
427 2838 498 2866 514.
523 2837 563 2867 In
578 2839 627 2868 his
641 2839 779 2869 versibus
796 2839 1020 2870 constituendis

292 2883 382 2915 nullo
402 2885 497 2916 modo
520 2888 748 2929 nobismetipsis
770 2891 931 2930 potuimus
951 2890 1016 2930 pla·

679 2324 886 2365 Evangelicos
914 2332 1033 2357 autem·

1061 898 1143 920 cere:
1168 889 1253 930 quod
1267 899 1304 920 ex
1320 889 1474 920 variarum
1487 887 1660 919 lectionum
1676 897 1782 919 recen-

1062 939 1148 970 sione
1162 940 1282 981 liquido
1295 941 1609 979 patebit—stillante.-
1634 939 1654 969 i.
1666 949 1692 969 e.
1709 942 1732 957 ‘⁴
1747 948 1785 969 eo

1063 993 1085 1008 “
1101 991 1233 1021 humore
1247 989 1412 1021 stillante.'’
1458 991 1534 1020 Pius
1555 989 1668 1020 maluit
1689 989 1784 1019 inter-

1064 1041 1187 1079 pretari,
1210 1045 1232 1060 “
1251 1041 1374 1072 Stillare
1401 1045 1533 1080 cogente
1562 1045 1594 1070 et
1619 1039 1783 1070 effluere:’'

1062 1093 1125 1128 sed,
1151 1103 1192 1122 an
1218 1093 1277 1122 hoc
1294 1093 1459 1123 ferendum
1480 1093 1529 1129 sit,
1553 1102 1616 1123 non
1641 1092 1786 1132 equidem

1063 1149 1179 1173 temere
1204 1143 1355 1180 dixerim
1380 1149 1411 1173 et
1434 1143 1556 1181 saltem,
1585 1149 1709 1184 propter
1737 1153 1785 1174 se·

1062 1194 1199 1234 quentia,
1225 1193 1442 1224 duriusculum
1465 1194 1594 1231 videtur,
1620 1205 1657 1225 ac
1678 1203 1785 1234 super-

1063 1255 1246 1283 vacaneum,
1268 1246 1327 1275 hoc
1343 1251 1489 1285 tempore.
1533 1246 1620 1277 Editi
1635 1245 1786 1276 recentio-

1063 1307 1119 1333 res,
1142 1307 1179 1327 ex
1195 1297 1410 1327 emendatione
1425 1297 1591 1333 Lambini,
1607 1302 1713 1327 contra
1733 1306 1785 1327 ve·

1063 1354 1128 1379 tera
1158 1348 1356 1388 exemplaria,
1385 1351 1579 1389 stillantque;
1604 1355 1635 1379 et
1662 1348 1785 1379 utinam

1062 1400 1185 1431 codices
1197 1400 1398 1431 addixissent:
1417 1401 1493 1430 mihi
1511 1407 1616 1431 autem
1625 1411 1689 1431 non
1698 1400 1787 1431 valde

1062 1451 1125 1481 veri
1141 1451 1243 1481 simile
1257 1458 1314 1489 est,
1336 1457 1402 1481 tam
1417 1450 1586 1482 dilucidam
1602 1451 1786 1490 scripturam

1063 1504 1107 1534 sic
1131 1504 1277 1534 omnibus
1291 1504 1376 1534 libris
1391 1503 1423 1533 in
1448 1505 1593 1541 stillante,
1616 1513 1690 1534 cum
1707 1513 1787 1534 una-

1062 1555 1141 1585 nimi
1156 1554 1319 1586 concordia
1340 1554 1550 1591 aberrationis‚
1572 1554 1786 1595 migraturam.

1061 1607 1208 1645 Juntina,
1240 1609 1400 1644 sez'lland05
1438 1607 1522 1648 quod
1550 1607 1652 1638 multo
1680 1607 1786 1638 minus

1060 1659 1211 1699 patienter
1225 1657 1439 1697 accipiendum
1453 1663 1507 1689 est.

1106 1718 1178 1749 Ver.
1195 1722 1267 1750 515.
1295 1720 1376 1750 Tela.
1422 1719 1554 1758 Propter
1566 1729 1714 1760 magnam
1730 1729 1786 1750 an-

1061 1771 1219 1812 tiquarum
1249 1770 1365 1801 artium
1394 1776 1486 1811 atque
1522 1771 1786 1802 consuetudinum

1059 1821 1284 1862 ignorantiam,
1300 1822 1333 1852 in
1347 1821 1408 1862 qua
1423 1832 1480 1852 nos
1490 1832 1574 1852 nunc
1584 1822 1707 1852 dierum
1717 1832 1785 1852 ver-

1061 1884 1175 1910 samur,
1191 1874 1270 1904 mihi
1285 1874 1317 1903 in
1332 1873 1490 1914 religionis
1505 1879 1591 1913 parte
1606 1873 1785 1914 ponendam

1061 1925 1233 1956 existimavi
1250 1925 1513 1955 conservationem
1529 1925 1696 1964 scriptura’,
1719 1925 1789 1964 plu-

1062 1976 1148 2006 ribus
1171 1982 1200 2006 et
1228 1976 1489 2006 emendatioribus
1513 1975 1600 2006 libris
1627 1975 1786 2014 exhibitae,

1063 2037 1176 2066 nempe
1192 2026 1286 2057 Vind.
1302 2027 1344 2057 V.
1368 2027 1415 2057 ed.
1441 2027 1478 2057 L.
1503 2027 1550 2057 M.
1575 2032 1610 2058 Σ.
1628 2033 1672 2058 Ω.
1698 2037 1785 2065 nam,

1064 2078 1147 2119 quod
1162 2084 1319 2117 comparet
1332 2078 1365 2108 in
1382 2078 1419 2108 P.
1436 2078 1475 2108 Ο.
1493 2080 1567 2110 Cera
1585 2078 1709 2114 scilicet,
1724 2087 1785 2108 un-

1065 2130 1103 2160 de
1117 2130 1282 2160 hodiernas
1303 2129 1454 2160 editiones
1475 2130 1646 2169 occupavit,
1668 2140 1787 2161 correc-

1064 2188 1164 2212 torem
1178 2182 1307 2219 redolet,
1331 2181 1443 2220 scripta
1457 2182 1645 2220 exemplaria
1658 2182 1785 2212 concul-

1062 2238 1198 2264 cantem:
1227 2239 1261 2264 Δ.
1291 2233 1504 2264 Tarm—Non
1520 2232 1660 2272 displicet
1682 2233 1788 2264 Vossii

1063 2285 1252 2325 conjectura,
1278 2285 1376 2320 Teda,·
1399 2283 1452 2314 sed
1474 2294 1525 2314 me
1547 2285 1585 2314 ab
1608 2284 1787 2315 innovando

1064 2346 1170 2366 versus
1185 2335 1330 2372 Homeri,
1346 2336 1379 2365 in
1397 2335 1436 2366 Il.
1453 2340 1488 2368 Σ.
1504 2339 1576 2367 595.
1598 2335 1707 2375 lectus,
1729 2345 1787 2376 po·

1065 2387 1223 2418 tissimum
1237 2389 1435 2418 absterrebat:

1082 2483 1141 2508 Tam
1155 2480 1187 2511 δ’,
1202 2480 1230 2506 ou'
1242 2490 1287 2514 μεν
1300 2486 1395 2510 zerem
1408 2481 1553 2508 ΟΘΟΝΔΣ
1573 2489 1637 2515 tzor,
1661 2480 1684 2507 oi
1695 2481 1720 2508 δι
1733 2482 1785 2508 XI-

1180 2537 1309 2563 ΤΩΝΑΣ

1083 2592 1173 2618 'Eiuro
1187 2601 1292 2623 εωητυς,
1306 2602 1360 2621 ηκα
1372 2592 1607 2619 ΣΤΙΛΒΟΝΤΔΣ
1628 2591 1755 2632 EAA113:

1064 2683 1135 2714 licet
1161 2694 1234 2714 sane
1259 2690 1325 2714 tam
1350 2683 1529 2719 scholiastis,
1552 2692 1646 2723 quam
1669 2682 1787 2713 Eusta-

1066 2735 1141 2772 thio,
1164 2735 1315 2775 placuerit
1328 2746 1417 2766 voces
1429 2735 1516 2776 quasi
1531 2744 1584 2774 per
1604 2735 1785 2765 similitudi-

1062 2799 1130 2819 nem
1149 2794 1270 2818 tantum
1294 2788 1406 2828 positas
1420 2787 1571 2826 accipere3
1593 2796 1658 2816 non
1672 2786 1786 2825 peniti-

1064 2849 1101 2869 us
1119 2839 1258 2878 sortasse,
1283 2848 1378 2880 quam
1403 2842 1535 2875 nosmet,
1559 2847 1680 2867 morem
1701 2843 1784 2867 vete-

1062 2901 1132 2921 rum
1148 2901 1240 2930 snper
1255 2892 1312 2921 hac
1325 2900 1358 2921 rc
1373 2889 1564 2921 callentibus.
1602 2889 1713 2930 Neque
1727 2887 1789 2919 ali-
