1926 3224
500 261 733 311 LIBER
779 259 1140 317 QUINTUS.

111 400 196 437 260
225 394 502 450 Omniparens
521 394 664 435 eadem
683 407 820 435 rerum
841 406 1045 434 conrnune
1067 391 1310 448 sepulcrum,

229 468 344 526 Ergo
363 477 472 510 terra
493 468 566 509 tibi
586 469 750 517 libatur,
773 476 814 508 et
833 474 951 508 aucta
971 466 1170 508 recrescit.

289 541 416 590 Quod
437 555 557 595 super
577 548 651 589 est,
673 540 848 580 humore
866 553 975 579 novo
996 554 1123 590 mare,
1144 540 1329 590 flumina,
1351 537 1513 587 funteis,

234 617 404 670 Semper
422 613 647 663 abundare,
669 619 710 652 et
728 611 865 652 latices
884 625 1053 652 manare
1072 614 1302 667 perenneis‚

37 775 41 779 ”
91 782 153 814 quo
167 769 241 812 quid
255 767 475 809 portentosius‚
497 773 528 798 et
549 777 642 807 scopo
656 767 812 808 scriptoris

91 821 239 855 alienius?
263 819 362 850 Terra
376 820 527 850 nimirum
543 819 635 851 celeri
649 819 738 859 lapsu
753 819 812 849 flu·

92 875 133 905 vii
147 873 321 910 delibatur;
344 871 475 902 colluvie
497 871 583 902 fluvii
605 871 745 912 ejusdem
760 880 812 901 ex-

93 923 239 955 undantis
253 922 387 954 vicissim
402 922 517 954 crescit.
562 922 653 953 Nihil
665 921 814 953 manifes-

94 976 166 1007 tius.

138 1026 217 1057 Ibid.
231 1027 289 1057 tibi
299 1025 468 1057 venustatis
479 1025 588 1056 caussa
602 1026 739 1066 positum
747 1038 757 1064 3
771 1025 819 1056 uti

96 1078 220 1109 monuit
248 1078 433 1117 Lambinus,
462 1084 493 1108 et
522 1087 580 1108 nos
608 1078 682 1108 alibi
711 1078 819 1108 docui-

98 1140 181 1161 mus:
215 1129 285 1160 vide
308 1135 398 1161 notas
423 1129 463 1160 ad
492 1130 602 1170 Eurip.
634 1130 730 1161 Herc.
760 1130 820 1160 fur.

98 1185 170 1213 627.
185 1181 224 1212 de
233 1181 294 1222 qua
303 1180 427 1212 dicendi
438 1181 663 1213 consuetudine
674 1192 732 1212 nos
747 1181 821 1212 mit-

97 1233 136 1263 tit
152 1233 390 1273 Havercampus
415 1233 455 1264 ad
477 1233 508 1265 J.
539 1234 578 1264 G.
604 1233 761 1270 Vossium,
784 1233 824 1264 de

98 1290 261 1315 construet.
289 1295 354 1324 cap.
379 1287 428 1316 59.
452 1285 522 1315 vide
550 1295 635 1324 mox,
664 1295 725 1316 ver.
751 1288 821 1317 295.

100 1336 168 1366 Nec
183 1335 288 1365 minus
298 1335 475 1376 frequentat
489 1337 570 1366 hanc
585 1336 761 1378 elegantem
774 1347 822 1367 re-

100 1386 308 1418 dundantiam
322 1387 486 1428 Virgilius.
511 1387 563 1418 Sic
577 1398 644 1430 geo,
662 1389 682 1420 i.
698 1391 748 1420 45.

134 1468 261 1499 Depresso
270 1467 380 1499 incipiat
386 1467 444 1498 jam
455 1471 515 1493 tum
526 1468 587 1493 mihi
597 1471 689 1493 taurus
699 1471 787 1494 aratro

134 1508 351 1538 ingemere—z

104 1592 140 1616 ut
155 1586 317 1617 Homerus
330 1587 424 1626 prior,
451 1586 489 1617 Il.
507 1592 539 1618 E.
557 1590 628 1619 249.

521 1671 586 1704 μηδε
597 1673 662 1698 M01
675 1671 737 1698 οὕτω

162 1719 225 1743 Ome
239 1717 282 1743 δια
294 1727 518 1752 προμοιχων-.

150 1791 233 1823 Ibid.
255 1793 387 1823 libatur:
420 1792 440 1822 i.
464 1802 491 1823 e.
521 1791 689 1823 deraditur.
728 1792 832 1824 Varro

108 1854 233 1883 prorsus
246 1844 281 1873 in
292 1843 387 1874 simili
399 1849 551 1883 potestate
560 1844 643 1875 vocis
653 1844 834 1884 exemplum

110 1894 207 1933 dedit,
229 1894 268 1924 de
290 1904 324 1924 re
344 1900 419 1925 rust.
435 1894 465 1925 ii.
486 1898 514 1925 2.
534 1898 649 1926 16.-“
664 1895 750 1935 palos
765 1895 832 1926 affi-

113 1949 135 1964 “
152 1952 240 1986 gunt,
263 1951 294 1976 et
309 1946 348 1976 ad
370 1957 423 1976 eos
438 1946 567 1987 alligant
595 1947 722 1988 (agnos)
745 1947 838 1986 libro,

112 2000 134 2016 “
150 2003 205 2027 aut
219 1996 280 2037 qua
291 1996 352 2027 alia
365 2007 398 2027 re
414 1997 494 2035 laevi,
517 1997 681 2035 distantes;
703 2008 755 2036 ne,
771 2004 837 2029 toto

115 2051 138 2067 ‘⁶
153 2047 203 2077 die
228 2053 385 2078 cursantes
406 2048 488 2078 inter
513 2059 556 2086 se,
586 2048 684 2079 teneri
705 2050 836 2080 delibem

115 2101 138 2116 “
153 2097 272 2138 aliquid
283 2099 525 2130 membrorum.”
551 2100 657 2135 Quem
671 2099 776 2130 locum
788 2100 836 2130 in-

115 2150 295 2189 tempestive
317 2151 518 2189 importunus
543 2151 678 2181 Ursinus
703 2151 837 2182 solicita-

115 2201 166 2231 vit.
214 2201 334 2231 Glossae
348 2207 477 2232 veteres:
508 2205 530 2220 “
547 2204 715 2241 Delibavit‚
744 2216 839 2243 εμειω-

118 2254 142 2269 “
158 2251 231 2282 σεν.”
269 2252 354 2282 Vide
375 2252 480 2283 locum
499 2252 628 2283 Anthol.
644 2253 713 2284 Lat.
729 2253 840 2285 Burm.

116 2302 159 2333 iii.
175 2307 245 2335 293.
263 2307 311 2336 15.
323 2305 390 2345 jam
403 2305 577 2336 adhibitum
589 2307 679 2336 nobis
693 2306 728 2336 in
743 2316 841 2337 anno-

118 2354 190 2384 tatis
205 2355 244 2385 ad
259 2355 278 2385 i.
295 2359 365 2386 251.
411 2357 568 2398 Denique,
594 2358 752 2397 appositus
767 2358 840 2389 ade-

118 2404 159 2434 rit
176 2404 321 2443 ovidius,
344 2407 433 2445 epist.
450 2408 489 2438 iv.
505 2412 554 2439 27.
577 2409 651 2439 hinc
672 2410 767 2448 probe
790 2409 839 2440 in-

119 2454 319 2495 telligendus:

151 2537 197 2561 Tu
209 2542 280 2562 nova
290 2541 404 2563 servatae
419 2539 506 2571 capies
516 2539 639 2565 libamina
650 2540 805 2566 famae—:

122 2608 143 2638 i.
170 2618 196 2638 e.
219 2614 311 2639 tuum
327 2609 386 2639 erit
409 2619 489 2640 meae
503 2610 660 2650 pudicitiae
682 2613 845 2644 detrimen-

121 2667 196 2692 tum.

166 2712 248 2744 Ibid.
272 2720 364 2744 aucta
391 2717 550 2746 rec-rescit.-
580 2715 602 2745 i.
620 2726 648 2746 e.
673 2719 695 2734 “
710 2721 791 2747 terra
814 2716 848 2747 in

125 2767 148 2783 ‘⁶
164 2765 222 2795 hac
237 2771 324 2804 parte
338 2765 589 2797 additamentum
605 2768 792 2798 nanciscitur
807 2779 848 2798 ae-

126 2818 148 2833 ⁶⁶
162 2815 253 2855 quale
263 2815 405 2856 jacturae,
421 2827 515 2858 quam
531 2827 617 2857 passa
632 2823 678 2848 est
692 2818 726 2849 in
738 2818 849 2857 alter&

128 2868 150 2884 “
166 2871 259 2906 atque
274 2866 352 2897 adeo
366 2868 407 2899 ad
421 2868 673 2910 magnitudinem
691 2869 853 2910 pristinam

133 2918 157 2935 “
173 2917 363 2950 revertitur.''

898 769 972 799 Ver.
984 771 1054 799 265.
1065 770 1242 808 perennez's:
1263 774 1308 799 Ω.
1319 766 1405 804 liber,
1418 772 1578 809 peremnis.

900 819 981 850 Ibid.
1003 830 1146 850 ntanare:
1182 819 1204 849 i.
1229 829 1255 849 e.
1286 818 1451 857 destillare,
1476 820 1577 850 effun-

857 870 944 909 dere3
977 872 1170 913 exquisitius,
1204 872 1244 902 ad
1272 872 1403 902 activam
1432 873 1578 903 virtutem

858 924 951 954 verbi.
987 924 1038 954 Sic
1054 924 1218 961 Horatius,
1235 923 1321 963 epist.
1337 923 1358 953 i.
1378 927 1426 955 19.
1442 927 1494 955 45.

1056 1004 1115 1028 fidis
1125 1005 1197 1029 enirn
1209 1011 1314 1028 manare
1325 1004 1432 1036 po'citica
1442 1004 1522 1029 mella

924 1045 967 1068 Te
979 1043 1076 1073 solum,
1095 1043 1143 1067 tibi
1154 1043 1274 1075 pulcher.

865 1114 917 1146 De
931 1116 990 1146 hac
1006 1121 1112 1145 autem
1134 1124 1168 1143 re
1181 1113 1378 1153 perlegendae
1393 1120 1465 1143 sunt
1481 1113 1583 1144 Hein-

864 1167 903 1198 sii
913 1166 1130 1197 annotationes
1138 1164 1334 1203 doctissimae,
1351 1164 1390 1194 ad
1407 1164 1498 1195 Ovid.
1510 1171 1585 1195 met.

866 1220 905 1250 vi.
919 1222 992 1250 512.

910 1270 992 1302 Ibid.
1013 1271 1119 1301 latices
1139 1280 1267 1300 manare
1286 1270 1455 1309 perenneis.
1487 1268 1592 1298 Locus

865 1327 917 1358 hic
939 1337 990 1357 me
1014 1326 1151 1358 Minucii
1173 1325 1286 1356 Felicis
1307 1325 1465 1360 admonet,
1497 1333 1592 1364 quem

867 1384 1080 1409 transcurrens
1094 1377 1340 1408 emendatiorem
1355 1375 1446 1411 dabo,
1472 1374 1506 1405 in
1521 1380 1592 1404 sect.

870 1433 922 1461 17.
962 1430 1052 1460 nobis
1091 1438 1291 1470 nequaquam
1331 1428 1589 1467 inopportunum:

870 1483 894 1498 “
913 1480 1048 1519 Adspice
1062 1490 1208 1511 oceanum
1216 1495 1227 1516 ;
1245 1478 1349 1509 refluit
1358 1478 1525 1518 reciprocis
1535 1488 1594 1507 aes-

871 1532 893 1548 “
910 1530 1004 1560 tibus:
1023 1530 1094 1560 vide
1098 1530 1203 1571 fontes
1209 1546 1219 1566 ;
1238 1536 1365 1561 manant
1382 1532 1465 1561 venis
1483 1540 1593 1570 peren-

872 1584 894 1600 “
909 1583 1016 1613 nibus:
1031 1584 1147 1624 fluvios
1161 1583 1299 1620 intuere;
1323 1588 1400 1613 eunt
1414 1593 1535 1622 semper
1546 1593 1596 1613 ex-

874 1637 896 1652 “
911 1636 1002 1665 ercitz'
1015 1633 1182 1673 lapsibus.‘’
1218 1634 1269 1664 Ita
1287 1635 1507 1675 corrigendum
1522 1633 1599 1664 dici-

873 1694 946 1714 mus
959 1684 1179 1724 politissimum
1194 1685 1388 1724 scriptorem:
1413 1685 1493 1722 libri,
1515 1696 1598 1716 exer-

873 1737 953 1765 citis.
976 1735 1112 1774 Nempe,
1130 1735 1304 1775 Virgilium
1319 1736 1465 1775 respexit,
1481 1735 1519 1766 ad
1531 1745 1598 1776 geo.

875 1785 918 1816 iii.
934 1788 1007 1817 529.

892 1866 989 1891 Pocula
999 1869 1062 1891 sunt
1071 1865 1160 1892 fontes
1171 1866 1274 1898 liquidi,
1284 1870 1367 1898 atque
1377 1867 1488 1891 exercita
1499 1872 1577 1891 cursu

894 1906 1090 1931 Flumina—t

880 1977 902 2008 i.
919 1987 945 2008 e.
968 1977 1175 2018 “longorum
1197 1978 1344 2017 lapsuum
1369 1977 1603 2018 agitationibus,

882 2032 903 2047 “
920 2039 974 2068 per
999 2028 1121 2068 lapillos
1147 2036 1178 2060 et
1198 2040 1307 2060 arenas
1328 2035 1493 2060 atterentes
1513 2035 1606 2070 atque

881 2083 904 2098 “
920 2086 1107 2118 exercentes,
1123 2080 1306 2120 percolata.'‘
1332 2081 1382 2110 Sic
1397 2080 1488 2119 plene
1503 2081 1606 2119 capias

881 2132 1113 2172 exquisitissimi
1129 2132 1271 2163 vocabuli
1301 2137 1496 2171 potestatem,
1523 2131 1608 2172 quod

883 2193 977 2214 nemo
991 2188 1038 2213 est
1051 2182 1269 2222 interpretatus
1283 2190 1437 2221 accurate,
1452 2189 1607 2223 quantum

884 2235 988 2265 sciam.
1034 2234 1116 2265 Vide
1131 2245 1200 2275 quae
1216 2235 1389 2265 notaverim
1404 2234 1445 2265 ad
1467 2234 1607 2274 AEscbyli

885 2286 1021 2316 Eumen.
1039 2289 1111 2316 258.

929 2336 1001 2367 Ver.
1019 2340 1090 2367 264.
1105 2348 1180 2376 opus
1191 2343 1233 2368 est
1246 2338 1338 2368 verbis
1344 2352 1355 2373 ;
1373 2336 1393 2367 ἰ.
1411 2347 1436 2366 e.
1454 2350 1495 2376 τῳ
1509 2338 1610 2368 decla-

884 2398 956 2418 rare
970 2387 1152 2425 subaudito3
1176 2387 1261 2428 quod
1281 2388 1320 2417 ab
1335 2386 1536 2427 sequentibus
1556 2397 1609 2426 pe-

887 2438 1029 2470 tendum.

933 2489 1013 2520 Ibid.
1035 2492 1181 2521 decursus
1195 2500 1345 2530 aquarum
1352 2505 1363 2526 ‚·
1380 2499 1434 2529 per
1445 2489 1549 2519 alveos
1563 2489 1611 2519 ni-

888 2542 1007 2572 mirum
1028 2541 1167 2572 fluviales
1188 2542 1221 2571 in
1243 2541 1350 2571 sinum
1371 2541 1465 2571 maris
1486 2540 1611 2571 descen-

889 2593 1041 2624 dentium.
1072 2593 1238 2634 Virgilius,
1256 2593 1330 2623 AEn.
1347 2592 1399 2623 xii.
1414 2595 1486 2624 525.

891 2676 957 2705 Aut,
969 2675 1015 2700 ubi
1025 2675 1131 2699 decursu
1143 2673 1235 2705 rapido
1247 2673 1281 2698 de
1291 2673 1429 2698 montibus
1440 2673 1500 2698 altis

890 2716 962 2739 Dant
973 2715 1092 2740 sonitum
1103 2714 1221 2746 spumosi
1231 2720 1335 2744 amnes,
1351 2716 1379 2739 et
1390 2712 1418 2737 in
1435 2719 1548 2744 aequora
1558 2719 1618 2738 cur-

986 2758 1064 2784 runt,

893 2795 1011 2827 Quisque
1018 2800 1097 2818 suum
1104 2792 1246 2826 populatus
1252 2792 1313 2818 iter:
1323 2799 1378 2818 non
1384 2793 1490 2825 segnius
1495 2793 1617 2818 ambo—-

897 2871 1003 2906 Quem
1017 2869 1123 2899 locum
1138 2867 1227 2899 valde
1243 2868 1380 2908 suspicor
1406 2868 1568 2899 neminem
1589 2867 1623 2898 in

896 2922 982 2952 hunc
996 2930 1097 2962 usque
1119 2919 1204 2951 diem
1226 2920 1320 2960 probe
1342 2919 1520 2960 percepisse.
1565 2920 1620 2950 In-
