1926 3224
319 269 414 310 282

778 262 839 310 T.
891 261 1270 312 LUCRETII

461 393 643 446 Tempus
663 391 706 436 id
725 398 785 434 est
804 405 990 436 vernum:
1023 391 1103 448 qua
1124 407 1169 434 re
1187 407 1374 450 pugnare
1393 408 1553 438 necesse
1572 406 1632 440 est

460 464 702 508 Dissimileis
721 464 829 506 inter
848 480 947 515 sese,
970 465 1231 523 turbareque,
1252 467 1414 510 mixtas.

349 541 430 581 370
462 539 518 580 Et
538 538 648 581 calor
668 545 875 581 extremus
893 539 1030 594 primo
1049 554 1144 583 cum
1163 539 1315 597 frigore
1333 541 1489 584 mixtus

463 612 667 663 Volvitur,
689 612 899 654 auctumni
920 613 1030 669 quod
1051 613 1178 656 fertur
1197 615 1365 657 nomine
1382 621 1560 672 tempus:

462 687 574 728 Heic
593 703 756 744 quoque
776 688 1005 746 confligunt
1023 688 1190 745 hyemes
1209 690 1418 731 aestatibus
1438 705 1563 733 acres.

461 760 701 816 Propterea,
724 770 819 803 sunt
838 761 930 803 haec
950 762 1054 804 bella
1074 763 1173 804 anni
1193 764 1500 814 nominitanda3

463 833 552 875 Nec
572 835 723 876 mirum
743 843 817 886 est,
838 836 882 877 in
902 851 952 878 eo
971 837 1004 878 si
1023 845 1207 892 tempore
1225 837 1401 893 plurima
1420 838 1525 880 fiunt

349 908 401 947 37
407 911 430 947 5
465 907 668 959 Fulmina,
698 917 994 968 tempestasque
1013 912 1143 954 cietur
1163 912 1329 954 turbida
1348 912 1466 963 coelo,

361 1062 436 1093 Ver.
458 1066 532 1094 566.
553 1066 664 1096 ventis:
692 1065 732 1096 O.
753 1069 846 1104 veris;
870 1067 890 1098 i.
906 1078 932 1098 e.
954 1070 1040 1100 vetis.-

317 1119 339 1149 t,
367 1114 449 1155 quod
464 1114 591 1153 adsolet,
615 1117 648 1146 in
662 1129 679 1147 r
695 1117 1041 1162 migrante—fluctuet.-

318 1165 415 1196 Vind.
434 1166 472 1195 V.
489 1166 536 1197 ed.
560 1173 594 1198 Δ.
612 1173 646 1199 Σ.
658 1171 779 1210 fluctus
793 1177 830 1201 ee.

360 1223 441 1255 Ibid.
463 1227 591 1265 Ignibus
603 1229 747 1267 fluctuet.
793 1228 834 1258 In
856 1230 913 1258 hac
945 1235 1043 1259 meta·

316 1275 416 1315 phora
431 1277 529 1315 po'etae
545 1278 712 1316 saepissime
727 1279 836 1309 versati
851 1285 932 1309 sunt.
972 1279 1044 1310 Suf-

317 1326 402 1358 ficiat
415 1328 595 1358 testimonio
611 1329 761 1359 Sidonius
777 1329 980 1368 Apollinaris,
1000 1331 1044 1362 ix.

321 1380 393 1409 196.

411 1452 458 1476 Per
469 1450 602 1482 templum
615 1451 685 1476 male
688 1452 809 1482 fluctuari
817 1456 839 1478 ee
843 1453 965 1483 stamme?-

362 1514 443 1545 Ibid.
456 1517 591 1555 fluctuet
606 1519 672 1547 αὓτη·
697 1517 804 1547 confer
818 1528 843 1548 v.
862 1521 933 1549 277.
957 1525 987 1550 et
1002 1519 1045 1550 ibi

316 1566 408 1597 dicta.
432 1569 576 1598 Fluctuet
592 1574 708 1605 autem,
726 1569 944 1611 κλυδωνιζηται.
966 1572 1043 1603 Pto·

316 1618 444 1656 penius,
461 1617 491 1648 ii.
506 1621 557 1648 21.
575 1622 604 1649 5.

349 1700 428 1724 Venit
439 1699 511 1725 enim
524 1703 641 1732 tempus,
655 1708 703 1732 quo
714 1702 830 1727 torridus
841 1706 933 1728 aestuat
943 1705 998 1728 ae'r.

317 1769 485 1801 Editiones
505 1771 661 1811 quaedam‚
689 1784 799 1812 quum;
834 1773 853 1803 i.
876 1784 902 1803 e.
935 1785 1041 1814 quom:

317 1820 404 1851 unde
432 1822 545 1851 harum
574 1822 757 1852 vocularum
785 1823 819 1852 in
847 1823 943 1854 MSS.
969 1835 1043 1855 con-

316 1871 409 1903 fusio.

360 1931 436 1961 Ver.
450 1935 525 1963 567.
548 1938 594 1963 et:
620 1932 664 1962 sic
678 1933 735 1963 soli
752 1938 786 1964 Δ.
804 1938 838 1965 Σ.
854 1935 966 1970 caeteri,
981 1943 1041 1972 est,-

315 1982 403 2013 facili
418 1993 529 2019 errore,
552 1985 592 2014 ob
607 1985 828 2024 compendium
842 1989 1042 2027 ?.—rzgor2’s.·

317 2032 361 2062 ita
376 2033 433 2062 soli
448 2034 470 2064 J
473 2040 537 2063 unt.
561 2040 592 2063 et
609 2034 681 2065 Ald.
697 2035 790 2073 editi;
811 2037 913 2067 caeteri
928 2044 1045 2068 veteres

317 2085 466 2123 universi,
493 2086 710 2117 molestissime
725 2089 936 2127 conspirantes
949 2090 982 2120 in
998 2091 1042 2121 vi-

318 2137 374 2174 tio,
399 2139 545 2177 liquoris:
574 2147 669 2178 quam
697 2138 876 2178 lectionem,
906 2140 978 2171 licet
1007 2141 1046 2172 de

313 2190 450 2229 pluvioso
467 2195 614 2228 tempore,
630 2201 687 2229 pro
701 2193 846 2231 hyemali,
862 2202 927 2222 non
942 2193 1046 2232 inepte

317 2239 447 2270 forsitan
477 2240 611 2281 intelligi
634 2242 756 2280 poterit,
786 2249 916 2282 receptae
939 2249 1044 2274 tamen

318 2291 398 2329 voci,
428 2291 491 2322 sive
513 2292 552 2322 sit
573 2303 591 2323 e
617 2293 702 2324 libris
726 2294 822 2325 MSS.
853 2295 1046 2335 deprompta,

319 2343 384 2374 sive
399 2343 563 2374 doctorum
579 2345 717 2375 acumini
733 2346 893 2385 debeatur,
906 2357 963 2378 nos
979 2348 1045 2383 toti,

319 2401 350 2425 et
368 2405 405 2426 ex
421 2395 539 2433 animo,
552 2397 784 2428 subscribimus.

363 2455 444 2485 Ibid.
466 2457 595 2495 rigoris:
622 2456 641 2485 i.
657 2467 683 2486 e.
709 2456 842 2497 frigoris.
876 2457 1047 2497 Arnobius,

317 2504 370 2535 lib.
385 2506 425 2535 vi.
448 2517 478 2545 p.
495 2509 631 2537 205.-“
648 2506 727 2537 illud
742 2507 774 2537 in
789 2509 941 2547 rigoribus
968 2509 1045 2549 algi-

319 2559 343 2574 “
360 2555 448 2592 dum,
465 2557 524 2587 hoc
538 2558 761 2596 vaporum—.’‘
809 2558 904 2589 Unde
917 2559 1045 2600 Virgili-

318 2616 364 2642 us,
394 2617 462 2648 geo.
489 2607 508 2637 i.
531 2611 600 2638 143.
623 2611 707 2648 rigor
722 2609 826 2649 ferri:
851 2610 870 2640 i.
886 2621 912 2640 e.
934 2612 1046 2641 durum

318 2657 391 2687 ferri
403 2658 528 2698 frigus;
560 2658 608 2688 vel
628 2661 742 2695 glacies
755 2660 852 2700 fi’rri,
876 2660 915 2690 de
944 2662 1046 2700 phrasi

319 2708 413 2748 longe
428 2709 582 2749 longeque
596 2711 812 2741 venustissima
836 2711 982 2747 Lucretii,
1007 2712 1047 2742 ad

320 2758 340 2787 i.
357 2763 428 2790 494.
451 2770 514 2799 quo
528 2767 558 2790 te
573 2761 713 2800 recipias,
737 2767 767 2791 et
782 2768 932 2793 annotata
946 2762 1045 2802 perle-

319 2817 384 2848 gas.
429 2810 589 2841 Adrianus
604 2811 643 2842 ad
662 2813 829 2844 Animam:

412 2898 480 2928 Quae
493 2905 564 2923 nunc
575 2900 656 2924 abibis
667 2901 692 2924 in
704 2901 773 2931 loca,

412 2936 547 2968 PaHMuIa,
564 2938 656 2970 rigida,
668 2940 784 2965 nudula?

1085 1069 1105 1100 i.
1120 1079 1146 1099 e.
1169 1074 1268 1099 morte
1280 1068 1426 1108 frigidm
1451 1067 1491 1098 de
1512 1077 1604 1097 sensu
1619 1067 1811 1106 secundario,

1085 1131 1184 1161 quum
1189 1120 1299 1160 frigus
1315 1129 1389 1149 mox
1403 1119 1495 1149 faciat
1510 1129 1638 1158 corpora
1652 1121 1759 1160 rigere.

1130 1178 1205 1208 Ver.
1228 1181 1300 1209 569.
1322 1188 1399 1208 sese:
1425 1177 1468 1207 sic
1491 1177 1589 1207 codex
1610 1177 1748 1217 optimus
1776 1177 1819 1211 L.

1088 1234 1119 1259 et
1135 1233 1170 1259 Δ.
1185 1239 1255 1269 quae
1266 1229 1345 1259 mihi
1361 1229 1483 1260 videtur
1497 1229 1588 1260 lectio
1603 1239 1726 1260 summe
1741 1239 1813 1270 pro-

1089 1280 1214 1318 babilis3
1238 1291 1337 1321 quum
1362 1280 1393 1310 in
1418 1280 1467 1310 his
1490 1280 1678 1320 syllabarum
1701 1290 1814 1311 earun-

1089 1331 1161 1361 dem
1186 1331 1448 1371 duplicationibus
1470 1331 1569 1362 literae
1594 1341 1673 1371 saepe
1696 1331 1816 1362 soleant

1087 1381 1180 1420 elabi,
1197 1388 1227 1412 et
1242 1382 1390 1413 distantia
1405 1382 1586 1413 substantivi
1596 1388 1709 1422 partes,
1730 1381 1816 1423 quod

1089 1447 1130 1464 w
1145 1434 1331 1465 Dissimileis
1347 1440 1378 1464 et
1391 1436 1501 1465 mixtas
1513 1433 1693 1473 respiciunt,
1702 1443 1816 1464 manus

1088 1484 1283 1523 importunas
1298 1484 1467 1515 sciolorum
1482 1484 1682 1515 librariorum
1704 1483 1744 1514 ad
1766 1484 1815 1515 in-

1088 1535 1282 1567 ferciendum
1297 1547 1413 1567 nomen
1426 1536 1518 1567 facile
1529 1536 1710 1568 incitaverit.
1733 1535 1815 1567 Vul-

1087 1597 1140 1628 go,
1156 1598 1185 1618 se
1199 1599 1246 1618 res
1252 1603 1263 1624 ,·
1288 1587 1334 1617 uti
1351 1587 1539 1627 conspicitur
1554 1587 1588 1617 in
1603 1587 1639 1619 P.
1655 1587 1699 1618 V.
1715 1585 1762 1618 ed.
1785 1592 1817 1618 et

1088 1637 1137 1668 edi
1154 1638 1248 1678 vulgo
1263 1638 1355 1676 solet;
1378 1640 1463 1669 abest
1477 1649 1524 1669 res
1541 1637 1637 1669 Vind.
1665 1638 1713 1669 M.
1737 1638 1813 1669 Non

1088 1688 1171 1718 male
1187 1694 1221 1719 Σ.
1237 1699 1294 1728 pro
1308 1688 1394 1719 varia
1408 1688 1553 1720 lectione:

1150 1761 1302 1787 Dissimileis
1313 1761 1383 1788 ‘mter
1393 1769 1430 1792 se,
1441 1761 1643 1794 conturbareque
1653 1762 1767 1788 mixtas.

1091 1830 1130 1861 Ο.
1145 1836 1314 1871 utrumque
1328 1831 1517 1862 vocabulum
1531 1831 1664 1867 exhibet,
1678 1842 1739 1863 sese
1753 1843 1813 1869 res,-

1088 1889 1188 1912 metro
1212 1883 1416 1913 redundante.
1462 1883 1560 1913 Hunc
1581 1884 1748 1914 verborum
1763 1893 1813 1915 or·

1088 1933 1196 1964 dinem
1211 1933 1264 1964 dat
1281 1940 1326 1965 n.

1149 2006 1285 2031 Dissimilis
1295 2014 1334 2031 res
1343 2007 1409 2032 inter
1418 2014 1452 2036 se,
1461 2007 1632 2038 turbareque,
1642 2006 1756 2033 mixtas.

1130 2077 1205 2108 Ver.
1220 2081 1293 2109 370.
1310 2078 1408 2108 Deest
1421 2088 1526 2108 versus
1540 2077 1637 2109 Vind.
1648 2087 1723 2108 nam
1741 2088 1815 2109 con-

1087 2129 1205 2159 similes
1218 2129 1370 2160 dictiones
1383 2132 1493 2161 mixtas
1508 2136 1538 2160 et
1553 2132 1673 2166 nzioetus,
1701 2131 1815 2170 quibus

1088 2190 1164 2210 verr.
1188 2184 1260 2212 369.
1288 2184 1361 2211 570.
1398 2181 1600 2219 clauduntur,
1630 2180 1815 2212 oscitantem

1089 2234 1221 2263 scribam
1236 2233 1421 2265 fefellerunt.

1132 2292 1206 2323 Ver.
1221 2297 1293 2324 371.
1325 2295 1466 2325 Volvitur.
1505 2294 1578 2324 Hoc
1600 2295 1729 2325 verbum
1751 2304 1815 2325 non

1091 2343 1203 2384 tangit,
1221 2350 1257 2374 ut
1272 2344 1394 2384 opinor,
1406 2347 1645 2386 fluctuatione-m
1660 2345 1720 2376 hac
1734 2345 1814 2375 mix-

1090 2394 1160 2424 tura
1175 2396 1352 2434 excitatam,
1376 2395 1415 2425 de
1428 2395 1491 2436 qua
1504 2396 1537 2426 in
1553 2405 1614 2426 ver.
1629 2398 1702 2428 363.
1724 2405 1814 2435 supe-

1090 2445 1155 2475 rius
1170 2453 1276 2476 actum
1292 2453 1354 2485 est3
1376 2447 1430 2478 sed
1444 2446 1619 2486 simplicem
1637 2449 1814 2478 rotationem

1089 2502 1278 2536 temporum:
1305 2498 1572 2538 quemadmodum
1594 2498 1627 2529 in
1649 2499 1708 2529 hoc
1725 2507 1815 2528 versu

1090 2548 1277 2588 Virgiliano,
1294 2559 1361 2589 geo.
1376 2549 1407 2580 ii.
1424 2553 1495 2580 402.

1136 2621 1226 2652 Atque
1236 2622 1262 2646 in
1273 2629 1300 2647 se
1311 2629 1357 2646 sua
1370 2630 1416 2655 per
1427 2623 1538 2656 vestigia
1549 2622 1677 2648 volvitur
1686 2628 1779 2646 annus.

1134 2692 1208 2723 Ver.
1223 2696 1295 2724 572.
1317 2695 1435 2734 hyemes
1448 2705 1542 2725 acres.
1586 2693 1730 2731 Plautus,
1743 2691 1815 2722 Tri-

1090 2754 1178 2774 num.
1194 2744 1224 2774 ii.
1241 2748 1270 2775 3.
1286 2747 1313 2777 7.

1132 2818 1196 2842 suae
1208 2817 1340 2843 senectuti
1349 2817 1370 2842 is
1384 2816 1503 2841 acriorem
1515 2817 1623 2849 hyemem
1634 2820 1720 2849 parat.

1130 2887 1205 2918 Ver.
1219 2889 1290 2918 375.
1313 2888 1406 2918 bella:
1427 2892 1461 2918 Σ.
1475 2893 1520 2924 ει,-
1537 2889 1623 2918 abest
1637 2898 1696 2918 vox
1711 2885 1808 2918 Vind.

1088 2937 1126 2968 V.
1153 2938 1200 2969 ed.
1226 2938 1265 2969 Ο.
1290 2940 1595 2970 A.-—nominitanda:
1631 2939 1671 2970 V.
1700 2937 1747 2968 ed.
1773 2937 1813 2968 B.
