1926 3224
513 284 744 332 LIBER
797 283 1153 340 QUINTUS.

1493 289 1576 328 101

244 415 351 456 Nam
372 415 464 456 licet
483 414 579 456 hinc
600 415 744 456 mundi
764 415 1009 470 patefactum
1030 415 1154 456 totius
1174 419 1310 456 unum‘

242 488 497 545 Largifluum
517 488 673 529 suntem
698 496 864 537 scatere,
896 497 1017 542 atque
1038 502 1251 542 erumpere
1270 487 1426 535 lumem

243 561 311 602 Ex
332 562 444 602 omni
465 561 622 602 mundo
641 561 737 616 qua,
769 562 825 601 sic
845 560 1043 601 elementa
1065 575 1215 614 vapore

243 634 437 690 Undique
456 633 718 682 conveniunt,
751 640 791 673 et
811 632 867 672 sic
888 632 1094 686 conjectus
1115 647 1260 673 eorum

99 795 238 821 ΦΛΟΓΑ·
254 798 347 828 quam
365 787 555 818 locutionem
571 787 674 819 videas
689 788 721 818 in
737 788 818 819 notis

96 841 136 872 ad
150 842 169 871 i.
187 843 255 871 751.
282 839 450 874 caeterum,
466 839 539 869 hinc
554 839 647 869 etiam
662 840 816 876 Tacitum,

96 902 166 923 ann.
183 901 230 920 xv.
247 894 296 921 44.
321 901 384 920 non
407 890 622 930 intempestive
638 891 741 922 videor
763 903 818 932 ag-

95 953 266 984 gressurus:
298 945 320 961 ‘⁴
332 943 432 972 Erant
447 948 564 980 tamen,
581 943 636 983 qui
651 943 818 979 crederent,

94 1001 117 1016 “
134 1003 267 1027 veterem
283 996 369 1026 illam
381 997 514 1027 formam
531 997 702 1028 salubritati
718 999 820 1039 magis

94 1051 118 1066 “
133 1048 330 1084 conduxisse;
365 1049 513 1088 quoniam
544 1049 697 1089 angustiae
727 1049 818 1080 itine-

93 1102 117 1118 “
133 1109 214 1134 rum,
232 1105 263 1130 et
278 1099 410 1129 altitudo
433 1105 595 1135 tectorum,
613 1110 677 1130 non
692 1099 820 1139 perinde

94 1154 118 1170 “
133 1153 204 1182 solis
232 1162 340 1191 vapore
367 1151 625 1192 perfunderentur
636 1154 656 1167 ”
700 1152 821 1193 Vulgo,

88 1210 375 1243 perrumperentur;
405 1204 554 1234 vocabulo
576 1204 620 1233 rei
643 1204 748 1234 minus
770 1215 819 1234 ac-

94 1254 308 1285 commodato:
326 1260 357 1284 et
373 1254 507 1293 po'e'ticas
520 1255 644 1293 phrases
659 1254 712 1284 ille
727 1255 820 1294 scrip-

93 1311 142 1335 tor
171 1305 395 1335 studiosissime
431 1311 564 1336 sectatus
599 1305 739 1336 est—V.
771 1305 819 1336 ed.

93 1358 184 1388 multi
200 1367 256 1396 pro
271 1359 391 1387 mundi.

111 1422 114 1424 '
135 1419 210 1449 Ver.
227 1423 299 1451 596.
323 1421 433 1450 mundi
453 1422 545 1451 totius
565 1431 660 1450 unum
672 1420 816 1460 suntem:

92 1470 137 1500 ita
162 1476 198 1499 ut
227 1471 331 1500 omnis
360 1481 464 1501 rerum
493 1472 707 1501 universarum
738 1470 821 1500 calor

94 1531 158 1552 non
173 1522 284 1551 habeat
298 1527 486 1560 aperturam,
504 1521 565 1561 quii
576 1522 669 1560 possit
684 1521 818 1558 effluere,

93 1577 205 1612 praeter
219 1582 321 1602 unum
335 1571 410 1602 solis
423 1572 623 1611 spiraculum.

138 1634 218 1665 Ibid.
236 1633 426 1675 patefactum
439 1633 575 1676 fantem.

93 1685 124 1716 ii.
142 1688 212 1716 175.

622 1635 726 1670 Maro,
749 1645 820 1675 geo.

327 1762 432 1783 sanctos
444 1764 521 1783 ausus
531 1757 656 1783 recludere
664 1757 758 1788 fontis.

138 1832 213 1863 Ver.
229 1835 300 1864 597.
323 1838 453 1863 scatere:
478 1832 520 1862 V.
548 1832 595 1862 ed.
624 1839 666 1862 Π.
695 1838 819 1868 statere,-

99 1885 138 1915 O.
160 1886 410 1915 stara—lumen:
438 1884 475 1915 P.
492 1890 533 1914 Π.
544 1886 667 1926 flumen
678 1901 689 1921 ;
717 1884 823 1914 minus

95 1937 184 1966 bene.

139 1996 221 2027 Ibid.
245 1998 461 2037 Largffluum:
489 2000 512 2015 “
528 1997 606 2028 adeo
620 2003 656 2027 ut
678 1997 822 2036 copiosis-

96 2050 119 2066 “
136 2047 254 2078 simum
290 2054 433 2087 erumpat
461 2047 591 2084 flumen,
630 2048 770 2088 quamvis
806 2058 824 2078 e

96 2101 120 2117 “
135 2109 231 2138 parvo
245 2099 386 2139 capite:”
409 2099 550 2129 conferas
568 2110 644 2130 verr.
662 2103 735 2130 271.
752 2103 823 2129 282.

96 2150 226 2191 hujusce
251 2150 332 2181 libri.
379 2150 480 2181 Vetus
505 2151 607 2190 po’e'ta,
631 2151 715 2191 apud
734 2151 821 2181 Cice-

96 2211 163 2232 ron.
178 2201 218 2232 de
238 2207 313 2232 orat.
328 2201 371 2231 iii.
387 2205 438 2233 59.

128 2284 249 2314 Grando,
265 2284 355 2309 mixta
366 2284 446 2309 imbri
456 2284 581 2316 largifluo,
591 2285 688 2315 subita,
700 2284 823 2316 praecipi-

221 2327 291 2353 tans,
305 2324 386 2348 cadit.

100 2395 145 2425 Et
157 2394 180 2426 J
183 2404 320 2425 uvencus
333 2404 440 2425 vocem
455 2395 625 2435 usurpavit,
641 2395 660 2425 i.
678 2398 748 2426 103.

157 2466 290 2498 largifluis
300 2466 414 2492 humiles
424 2468 517 2499 opibus
527 2468 625 2492 ditavit
637 2471 754 2500 egentes.

143 2539 224 2570 Ibid.
236 2539 362 2580 fantem
377 2546 506 2570 scatere:
533 2541 709 2580 ανιιξλυζειν.
744 2540 823 2570 Ver-

98 2592 175 2621 bum
191 2596 236 2620 est
250 2590 388 2620 maxime
403 2590 562 2629 proprium
578 2591 611 2620 in
626 2592 684 2620 hac
699 2601 740 2621 re.
778 2592 825 2622 M.

99 2642 236 2681 Tullius,
252 2652 290 2673 ex
305 2642 435 2682 antiquo
450 2642 597 2678 carmine,
615 2642 710 2674 Tusc.
727 2642 825 2683 dispp.

99 2695 119 2724 i.
135 2698 188 2725 28.

161 2785 261 2809 Funteis
271 2788 373 2816 scatere,
389 2785 476 2811 herbis
487 2789 564 2818 prata
574 2786 761 2812 convestirier:

103 2857 157 2887 ubi
170 2858 313 2888 consulas
329 2859 503 2890 Davisium.
551 2859 651 2890 Vetus
667 2860 828 2900 inscriptio

103 2907 186 2944 apud
203 2909 387 2948 Gruterum,
411 2921 438 2949 p.
460 2915 528 2941 178.
560 2915 582 2929 ‘⁴
602 2911 683 2950 Imp.
700 2911 826 2942 Diocle-

104 2961 126 2976 ⁸‘
142 2957 432 2992 uanus-excavato
447 2972 521 2992 saxo
535 2962 698 3002 quaesitam
715 2973 827 3003 aquam

863 788 968 829 “jugi
995 788 1156 828 profluvio,
1186 798 1223 818 ex
1246 787 1311 818 tofo
1333 787 1384 817 hic
1409 793 1581 825 scatentem,

862 843 885 859 “
901 840 1092 870 invenit—.''
1141 839 1192 870 Sic
1207 839 1269 869 alii.

906 900 986 930 Ibid.
1006 910 1161 940 erumpere
1178 901 1297 930 lumen:
1322 899 1341 929 i.
1357 910 1382 930 e.
1405 899 1504 930 activo
1519 909 1588 930 sen-

862 961 906 986 su,
929 950 1091 991 effundere,
1112 950 1264 987 emittere,
1291 956 1440 988 eructare,
1467 951 1589 987 lucem3

862 1008 898 1032 ut
913 1014 972 1032 aro
996 1014 1070 1032 nome
1086 1002 1124 1031 sit
1152 1015 1185 1032 *ro
1197 1001 1323 1042 flentem
1347 1002 1524 1041 repetitum,
1548 1011 1589 1030 ne

863 1053 930 1083 sine
945 1052 1053 1083 caussa
1067 1054 1255 1083 constructio
1280 1054 1431 1084 turbetur.
1477 1052 1587 1083 Tibul-

863 1104 923 1143 lus,
946 1104 984 1134 iv.
1003 1107 1029 1134 1.
1046 1107 1095 1134 86.

910 1182 1037 1207 Fontibus
1047 1184 1077 1206 ut
1088 1181 1178 1207 dulces
1188 1184 1303 1214 erumpat
1313 1184 1385 1206 terra
1395 1181 1518 1213 liquores.

865 1253 930 1284 Ubi
945 1263 983 1283 ex
999 1254 1157 1289 omnibus,
1183 1263 1254 1292 quae
1277 1252 1432 1293 congessit
1456 1252 1589 1283 trivialia

863 1304 1092 1341 Broukhusius‚
1120 1304 1198 1334 nihil
1225 1304 1269 1333 rei
1295 1304 1449 1340 convenit,
1479 1309 1589 1343 praeter

861 1358 921 1387 hoc
943 1356 1124 1395 exemplum
1150 1355 1318 1392 Ciceronis,
1347 1356 1434 1386 Arat.
1452 1358 1524 1387 176.
1547 1356 1590 1385 ita

862 1408 1075 1439 scribendum:

864 1492 928 1519 Nec,
940 1493 999 1514 toto
1011 1491 1109 1521 spirans
1120 1490 1235 1515 rabidam
1248 1491 1282 1515 de
1292 1497 1405 1522 corpore
1416 1490 1568 1520 flammam,

865 1529 1003 1555 AEstiferos
1014 1529 1106 1554 validis
1115 1530 1225 1562 erumpit
1236 1529 1341 1554 flatibus
1352 1529 1438 1561 igneis.

864 1602 960 1637 Libri,
983 1603 1099 1632 rabido.
1145 1600 1227 1631 Redi
1256 1605 1344 1630 notas
1368 1600 1402 1630 iu
1431 1610 1491 1630 ver.
1518 1603 1590 1631 580.

867 1653 1029 1694 Virgilius,
1059 1653 1189 1692 pulchre
1219 1658 1249 1683 et
1274 1651 1425 1692 apposite,
1454 1661 1524 1691 geo.
1551 1651 1589 1682 iv.

865 1707 938 1735 569.
964 1704 1004 1734 ad
1027 1714 1121 1744 quem
1143 1703 1247 1734 locum
1269 1703 1349 1733 nihil
1370 1702 1514 1743 equidem
1536 1701 1589 1733 de-

865 1760 1024 1784 mutatum
1039 1754 1144 1784 velim:

865 1836 898 1859 Et
909 1837 995 1866 caput,
1007 1835 1079 1859 unde
1090 1834 1159 1858 altus
1170 1834 1290 1866 primum
1300 1841 1325 1858 se
1334 1834 1442 1865 erumpit
1452 1834 1574 1866 Enipeus.

868 1905 936 1936 Nec
951 1905 1058 1935 minus
1072 1905 1112 1935 ad
1126 1915 1202 1941 rem,
1222 1904 1295 1935 ibid.
1312 1905 1354 1934 iii.
1369 1908 1442 1935 428.

1000 1979 1066 2002 dum
1077 1985 1164 2002 amnes
1173 1977 1221 2002 ulli
1236 1980 1392 2009 rumpuntur
1398 1977 1560 2009 fontibus—2

867 2049 886 2079 i.
902 2059 928 2079 e.
943 2061 973 2080 se
987 2055 1144 2089 rumpunt,
1159 2048 1198 2078 de
1213 2047 1324 2078 mediae
1338 2048 1421 2078 vocis
1435 2053 1593 2087 potestate.

868 2100 955 2136 Quid
971 2099 1095 2131 autem?
1124 2099 1202 2129 dum
1225 2099 1259 2128 in
1280 2099 1339 2128 hoc
1365 2109 1484 2136 sumus,
1511 2105 1593 2129 recte

867 2151 1093 2182 constituamus
1111 2150 1255 2180 Gratiani
1270 2160 1384 2185 versus,
1401 2159 1509 2189 cyneg.
1521 2152 1592 2179 452.

867 2203 908 2233 ad
921 2213 998 2243 quos
1014 2203 1217 2232 Burmannus
1235 2201 1423 2240 provocavit:

867 2285 911 2308 Est
923 2283 949 2306 in
960 2282 1100 2306 Trinacrii
1110 2288 1203 2313 specus
1213 2282 1305 2313 ingens
1315 2288 1391 2313 rupe,
1402 2281 1516 2312 carique

868 2325 1017 2348 Introrsum
1029 2321 1144 2346 reditus:
1162 2321 1264 2345 circum
1276 2324 1343 2344 atrae
1356 2321 1460 2345 moenia
1469 2320 1555 2352 sylvae

867 2363 929 2388 Alta
938 2362 1068 2392 fremunt,
1084 2360 1206 2392 ruptique
1215 2360 1343 2384 ambustis
1353 2360 1475 2385 faucibus
1486 2361 1591 2385 Amnes.-

866 2438 886 2467 i.
903 2447 929 2467 e.
953 2439 975 2454 “
991 2442 1065 2465 atrae
1080 2435 1184 2476 sylvae,
1207 2441 1238 2465 et
1255 2437 1387 2473 Amnes,
1406 2446 1438 2465 se
1453 2435 1594 2466 faucibus

869 2490 891 2505 ‘⁶
907 2486 1057 2516 ambustis
1074 2491 1264 2524 rumpentes,
1288 2485 1429 2515 fremunt
1452 2485 1532 2515 circa
1546 2485 1593 2515 la-

869 2541 892 2556 “
907 2544 973 2568 tera
994 2537 1124 2567 declivia
1150 2543 1180 2566 et
1203 2536 1360 2573 sublimia,
1385 2547 1457 2577 quae
1477 2536 1595 2566 vallant

871 2596 893 2611 “
909 2590 1047 2630 specus,”
1095 2590 1212 2630 Vulgo,
1234 2597 1394 2629 premunt:
1420 2597 1451 2620 et
1473 2590 1513 2621 de
1537 2592 1593 2621 ha»

870 2658 941 2678 rum
957 2648 1131 2678 dictionum
1153 2646 1338 2677 confusione
1360 2657 1413 2676 me
1429 2645 1534 2676 videas
1555 2646 1596 2676 ad

870 2700 960 2739 Virg.
976 2710 1045 2739 geo.
1060 2699 1102 2729 iii.
1120 2702 1169 2730 85.
1193 2708 1266 2728 cum
1280 2708 1341 2728 var.
1364 2697 1445 2727 lectt.
1467 2697 1506 2727 ad
1527 2697 1595 2727 Lu-

869 2761 938 2782 can.
953 2762 981 2782 x.
997 2755 1070 2781 521.
1094 2761 1129 2781 ac
1151 2750 1220 2780 Liv.
1238 2750 1288 2780 vii.
1304 2754 1333 2780 6.
1351 2753 1400 2780 lo.
1446 2749 1594 2780 Claudia-

870 2812 938 2837 nus,
963 2801 1173 2832 emendationi
1189 2812 1268 2832 meae
1283 2800 1520 2841 suffragaturus,
1541 2811 1594 2831 co-

870 2863 936 2883 ram
952 2853 1062 2889 veniat,
1078 2854 1111 2883 in
1128 2853 1218 2883 Mall.
1235 2852 1354 2883 Theod.
1369 2862 1452 2882 conS.
1469 2855 1541 2883 257.

885 2935 1013 2958 Torrentes
1025 2934 1144 2959 immane
1151 2933 1281 2965 fremant,
1291 2932 1414 2965 lassisque
1425 2933 1564 2957 minentur

884 2973 1059 2998 Pontibus—:
