1926 3224
585 247 817 296 LIBER
877 240 1237 302 QUINTUS.

1582 246 1640 287 51

306 381 475 431 Omnia,
497 380 608 436 quod
628 379 818 435 queidam
839 383 1083 424 memorant,
1106 371 1329 427 recipitque
1347 377 1573 426 perempta:

307 456 464 498 Totum
484 455 666 495 nativum
686 453 848 494 mortali
868 464 1040 505 corpore
1060 455 1232 489 constat.

308 529 433 579 Nam,
455 528 772 584 quodquomque
792 526 888 566 alias
908 538 959 564 ex
980 537 1022 563 se
1040 537 1105 562 res
1125 528 1262 577 auget,
1285 519 1450 575 alitque,

421 683 513 704 tamen
525 678 596 708 haze,
606 682 699 702 tamen
710 676 795 700 omnia
803 682 889 700 rerum

199 722 299 748 Adsere
309 721 352 746 vel
362 720 449 751 primo
462 719 567 743 nimbos
578 724 647 742 mox
658 716 713 741 sole
723 716 872 746 docebunt,

198 763 245 787 Vel
257 767 319 786 cum
329 758 464 784 curriculis
474 758 524 783 lux
535 757 582 782 ibit
594 762 675 789 cepta
685 757 818 786 secundis,

196 800 304 826 Tertius
314 802 360 823 aut
371 804 447 823 verso
458 804 522 822 cum
533 797 636 822 venerit
647 800 721 821 ortus
731 796 858 828 Olympo.

168 875 231 907 Ubi
246 874 373 905 forsitan
387 872 618 904 rescribendum
633 878 756 903 tamen:

229 959 276 985 Vel
287 966 351 985 cum
361 958 498 984 curriculis
507 958 557 983 lux
568 959 617 982 ibit
627 958 691 983 celsa
699 958 832 983 secundis.

171 1043 287 1074 Veram
301 1044 382 1073 hanc
397 1042 649 1073 emendationem
670 1048 746 1082 puto
753 1054 763 1080 ;
785 1047 821 1072 ut
843 1047 890 1072 est

168 1095 254 1126 haud
271 1094 364 1125 dubie
386 1094 574 1135 perelegans,
620 1094 748 1130 Seneca,
774 1093 889 1124 Troad.

170 1149 240 1178 728.

260 1219 400 1250 Patrioque
409 1219 471 1244 sede
485 1219 564 1243 celms
573 1218 641 1243 solio.

171 1290 338 1328 Compares
353 1290 445 1330 Virg.
462 1290 536 1320 AEn.
556 1289 607 1319 xii.
623 1291 694 1321 295.

210 1341 290 1371 Ibid.
312 1352 398 1371 omne
416 1342 553 1372 Continet
575 1342 714 1380 amplexu
729 1346 891 1370 terrarum.

169 1391 334 1423 Nonnulla
356 1391 458 1422 vidffls
480 1392 542 1421 huc
557 1390 742 1430 pertinentia
758 1393 815 1421 sub
830 1401 890 1421 ver.

170 1446 242 1473 201.
265 1442 414 1481 superiuS.
460 1442 638 1481 Opportuni
664 1447 738 1471 sunt
761 1441 891 1471 Manili-

169 1494 223 1524 ani
241 1502 354 1528 versus,
380 1492 420 1522 ad
445 1491 482 1522 iv.
499 1496 570 1523 595.
593 1492 706 1531 quibus
727 1491 893 1529 suaviores,

171 1550 202 1574 et
223 1543 344 1574 curiosa
365 1544 531 1573 verborum
553 1541 698 1572 felicitate
720 1541 821 1581 magis
839 1551 893 1571 ex-

169 1599 303 1629 ornatos,
319 1592 485 1623 elaboravit
501 1592 721 1622 Romanorum
735 1601 843 1621 nemo:

200 1677 257 1706 Ipsa
267 1678 343 1699 natat
354 1673 455 1703 Tellus,
466 1673 553 1705 pelagi
564 1673 674 1696 lustrata
684 1673 783 1696 corona

200 1713 338 1745 cingentis
348 1713 470 1738 medium
479 1712 584 1743 liquidis
593 1711 751 1742 amplexibus
762 1711 865 1736 orbem.

172 1791 355 1829 Agnoscent
379 1787 491 1818 eruditi
515 1788 699 1818 Graecorum
720 1786 800 1817 illud
823 1786 896 1817 satis

173 1848 295 1877 notum,
319 1840 416 1881 ῦγραις
431 1839 547 1869 scilicet
569 1852 594 1870 εν
615 1845 788 1878 ιιγκαλαις.·
812 1838 897 1868 unde

174 1894 208 1925 in
233 1895 365 1925 transitu
379 1894 539 1924 restituam
559 1895 730 1932 Avienum,
756 1893 789 1923 in
805 1894 896 1924 Arat.

181 1949 272 1976 1070.

193 2019 312 2048 Oceano,
323 2024 450 2050 magnam
463 2018 510 2048 qui
521 2018 623 2042 circum
632 2017 791 2049 amplectitur
802 2017 869 2042 ulnis

192 2058 385 2082 Tellurem—.

177 2128 301 2169 Vulgo,
320 2131 412 2159 undis
417 2145 428 2165 ,·
452 2128 504 2159 cui
526 2139 599 2159 sane
613 2129 747 2169 gratiam
761 2128 897 2159 nonnul-

177 2181 241 2211 lam
268 2180 432 2211 conciliare
469 2180 573 2211 forsan
602 2180 714 2220 poterit
744 2181 899 2220 Catullus,

175 2232 240 2263 lxii.
255 2236 305 2263 50.

178 2306 356 2336 Oceanusque,
372 2305 438 2330 mari
448 2309 538 2331 totum
550 2305 596 2337 qui
606 2306 765 2338 amplectitur
774 2307 882 2332 orbem:

179 2383 238 2404 nec
253 2379 358 2404 tamen
372 2374 554 2406 decesserim
575 2376 721 2416 equidem
743 2376 900 2416 conjectu-

177 2436 221 2456 rae
245 2435 332 2455 meae.
377 2426 465 2456 Illud
492 2429 556 2467 qui,
586 2437 643 2466 pro
668 2439 739 2468 qua,
773 2428 903 2457 Grotius

178 2477 362 2517 praecerpsit.
405 2478 560 2508 Manilius
580 2485 685 2510 autem
708 2480 903 2510 Homeream

179 2527 307 2567 phrasin
327 2526 462 2558 reddidit
484 2529 709 2568 venustissime,
735 2540 773 2559 ex
790 2529 851 2560 Od.
869 2535 903 2560 K.

183 2582 255 2611 195.

220 2658 308 2687 Now-ov,
328 2667 372 2685 ‘rm
383 2666 433 2692 περι
446 2657 595 2684 HORTO}
609 2667 729 2693 atrapis-03
742 2658 903 2686 ΕΣΤΕΦΑ-

315 2705 441 2730 ΝΩΤΔῙ.

185 2776 236 2808 Sic
257 2777 441 2818 Dionysius,
464 2777 579 2819 perieg.
601 2778 668 2810 init.
688 2784 719 2810 et
732 2779 793 2810 alii.
836 2780 905 2811 Nec

183 2827 356 2868 displicebit
369 2835 474 2859 tamen
489 2829 616 2867 interea,
632 2840 732 2871 neque
746 2830 903 2862 illustran-

185 2877 228 2909 do
240 2879 386 2910 Lucretio
401 2890 465 2910 non
479 2880 635 2920 inserviet,
651 2882 797 2912 carminis
813 2883 903 2914 Grae·

184 2929 224 2970 ci,
248 2931 334 2972 quod
355 2932 527 2971 innuimus,
552 2934 650 2966 versio
674 2934 834 2975 Enniana,
856 2935 905 2966 vel

935 673 1151 710 Ciceroniana,
1172 678 1236 703 nat.
1250 671 1332 702 deor.
1347 671 1379 701 ii.
1396 674 1447 703 ¹25.
1468 681 1566 712 quum
1587 682 1651 703 non

934 727 996 757 alio
1010 735 1083 756 sane
1098 723 1264 764 respexerit
1278 723 1368 763 poeta
1382 729 1498 753 noster:

960 805 1048 835 Vides,
1058 804 1171 829 sublime
1180 802 1282 832 fusum,
1290 801 1502 831 inmoderatum,
1512 803 1616 833 ethera,

961 846 1012 877 Qui
1023 850 1115 870 terram
1126 848 1220 869 tenero
1235 843 1411 873 circumjectu
1421 842 1649 874 amplectitur—.

932 923 1020 954 Hinc
1049 933 1096 953 res
1125 932 1189 952 esse
1217 920 1337 951 videtur
1366 921 1401 950 in
1423 919 1550 959 proclivi
1575 920 1655 950 bene

931 975 1117 1006 constituere
1131 981 1224 1014 atque
1244 972 1437 1012 interpretari
1463 981 1534 1001 vere
1557 972 1655 1002 Bent.

932 1026 1074 1057 leianum
1105 1024 1287 1055 Callimachi
1316 1023 1528 1063 fragmentum
1554 1022 1656 1052 cxliii.

933 1088 972 1109 ex
986 1075 1193 1117 etymologico
1208 1084 1324 1115 magno
1346 1074 1379 1104 in
1393 1081 1525 1113 Ακμηνας
1548 1084 1657 1114 sump-

933 1136 1015 1160 tum:

1011 1213 1059 1245 Τᾳ
1069 1220 1119 1246 περι
1132 1209 1228 1239 διν-κεν.)
1241 1207 1377 1243 ακμανιδκν
1389 1205 1482 1234 εὲαὶ,εν,

932 1286 1090 1327 Loquitur
1117 1285 1269 1315 nimirum
1306 1283 1435 1322 scriptor
1463 1281 1659 1312 doctissimus

934 1338 974 1369 de
988 1339 1080 1373 mari,
1094 1336 1144 1366 vel
1158 1337 1279 1372 aetlzere,
1301 1344 1397 1374 quem
1412 1333 1540 1363 Creator
1555 1332 1662 1362 telluri

934 1388 1167 1429 circumjecerit.
1224 1387 1366 1427 Magnus
1394 1391 1516 1415 coactor
1548 1385 1661 1414 harum

935 1441 1149 1481 reliquiarum,
1187 1445 1281 1479 atque
1310 1437 1450 1473 editores,
1480 1436 1535 1477 qui
1565 1436 1663 1467 secuti

938 1498 1022 1529 sunt,
1052 1491 1121 1520 loco
1148 1489 1250 1519 nullas
1273 1488 1476 1529 cogitationes
1500 1487 1662 1527 impende-

937 1548 1020 1573 runt.
1066 1541 1179 1578 Porro,
1203 1541 1237 1570 in
1262 1544 1411 1580 sequente
1434 1549 1536 1578 versu,
1559 1539 1600 1569 V.
1616 1538 1663 1569 ed.

935 1596 1067 1635 quidem,
1084 1603 1140 1632 pro
1155 1593 1307 1632 queidam.

976 1654 1052 1683 Ver.
1083 1656 1156 1682 521.
1193 1653 1272 1692 quod
1308 1652 1450 1690 quez'dam
1486 1656 1663 1680 memorant.

938 1704 1011 1739 His,
1037 1703 1161 1742 opinor,
1190 1702 1428 1732 Anaximander
1453 1711 1663 1731 annumerane

938 1755 998 1785 dus
1012 1760 1068 1791 est,
1088 1754 1143 1794 qui
1157 1754 1280 1784 videtur
1294 1754 1373 1783 nihil
1387 1753 1475 1783 aliud
1488 1763 1542 1792 per
1557 1766 1666 1795 απειρου

939 1816 1042 1842 suurn,
1072 1814 1168 1846 quam
1193 1807 1384 1842 immensum,
1410 1804 1459 1833 vel
1484 1807 1664 1835 immodera-

940 1865 1018 1896 tum,
1043 1859 1156 1888 oetlzera
1179 1856 1322 1887 voluisse.
1366 1856 1564 1891 Plutarchus,
1590 1856 1666 1894 plac.

941 1910 1018 1949 phil.
1032 1909 1052 1940 ἰ.
1069 1913 1098 1940 5.
1121 1908 1322 1950 Αναξιμανδρος
1347 1908 1373 1939 δε
1397 1909 1410 1938 ὁ
1431 1913 1566 1941 Mauo-105
1590 1916 1668 1947 φησι,

943 1975 998 1992 ‘rw'
1014 1973 1097 1992 ὀντων
1112 1974 1164 1994 ‘fn’
1179 1973 1272 2002 αρχῆν
1288 1973 1352 1990 snm
1369 1973 1403 1989 ‘⁴⁸0
1417 1969 1536 2000 oeffsslpov'
1562 1972 1594 1989 Ek
1610 1972 1667 2001 γαρ

943 2025 1020 2044 *7878
1041 2025 1142 2044 παϊτῶ
1168 2015 1303 2052 γινξῐθαΙ,
1332 2025 1382 2042 καί
1407 2024 1441 2044 ΕΙΞ
1468 2023 1541 2041 *7870
1568 2023 1668 2041 ἰΥαῖΨα

943 2066 1109 2107 φθειρεσθαι.
1153 2064 1205 2100 Et,
1232 2064 1260 2094 si
1283 2063 1410 2093 sentiret
1435 2061 1522 2092 aliud
1548 2063 1668 2092 Anaxi-

942 2127 1059 2153 menes,
1089 2122 1310 2147 conterraneus
1338 2114 1406 2155 ejus
1428 2120 1460 2144 et
1485 2113 1666 2152 discipulus,

943 2178 1025 2208 aegre
1049 2167 1164 2198 dixeris
1189 2166 1342 2207 quidnam
1370 2165 1504 2205 denique
1531 2165 1668 2196 sentiret.

944 2219 996 2249 De
1024 2218 1079 2248 illo
1102 2218 1145 2248 sic
1173 2217 1258 2248 idem
1286 2216 1403 2247 ibidem
1436 2216 1669 2246 Chaeronensis:

942 2272 1112 2309 Αναξιμενης
1135 2269 1163 2300 δε
1186 2270 1199 2299 6
1226 2274 1360 2302 Mammea
1387 2281 1482 2308 αρχην
1506 2282 1561 2299 των
1586 2281 1671 2300 οντων

944 2336 1012 2364 oefipoe
1040 2329 1220 2364 απξφῇῖαῗσ·
1253 2334 1284 2352 ἐκ
1314 2334 1372 2362 γαρ
1401 2333 1477 2351 *7878
1502 2334 1542 2351 ⁶?oe
1569 2333 1669 2351 ffoew‘roe

945 2375 1075 2413 γινεσραι,
1107 2385 1157 2402 και
1189 2385 1223 2405 εις
1254 2384 1340 2402 avo-o»
1370 2378 1460 2401 παλιν
1488 2374 1667 2403 αγαλυεσθαι.

945 2425 1068 2454 Verum
1090 2423 1176 2454 enim
1196 2423 1230 2453 hi
1245 2422 1385 2453 Lucretii
1403 2432 1507 2452 versus
1532 2423 1670 2454 multum

945 2474 1060 2505 debent
1089 2474 1218 2505 Pacuvii
1245 2474 1431 2514 fragmento,
1457 2473 1504 2503 uti
1531 2474 1669 2515 Scaliger

946 2526 1067 2566 primus
1099 2525 1239 2563 monuit;
1274 2525 1359 2565 quod
1394 2531 1498 2556 noster
1533 2526 1672 2565 profecto

946 2587 1048 2617 prosse
1063 2582 1094 2608 et
1107 2577 1147 2607 ad
1162 2578 1293 2607 verbum
1307 2576 1401 2607 etiam
1414 2577 1554 2608 imitatus
1568 2584 1624 2615 est,
1639 2585 1672 2609 et

947 2629 1184 2668 Havercampus
1221 2628 1296 2659 huic
1329 2628 1399 2659 loco
1429 2629 1670 2668 prudentissime

946 2679 1094 2710 admovit:
1118 2680 1163 2710 ita
1178 2690 1216 2710 ex
1232 2680 1388 2718 Varrone,
1410 2679 1450 2710 de
1465 2680 1541 2720 ling.
1556 2680 1627 2711 Lat.
1641 2691 1669 2712 v.

946 2734 975 2761 5.
996 2737 1027 2761 et
1042 2731 1092 2761 M.
1106 2731 1222 2767 Tullio,
1238 2730 1277 2761 de
1292 2730 1386 2761 divin.
1400 2730 1421 2761 i,
1437 2733 1487 2762 57.
1502 2736 1539 2761 ut
1552 2732 1672 2771 opinor,

946 2782 1051 2813 uniter
1065 2782 1304 2819 contexendum,
1319 2781 1594 2824 scribendumque:

947 2870 997 2893 Hoc
1007 2867 1083 2898 vide,
1094 2867 1188 2892 circum
1197 2872 1334 2900 supraque,
1343 2867 1409 2900 quod
1418 2867 1541 2900 conplexu
1551 2867 1661 2892 continet

948 2909 1064 2936 Terram5
1082 2907 1120 2938 id,
1135 2908 1209 2939 quod
1224 2907 1326 2932 nostrei
1342 2914 1441 2933 cavum
1452 2907 1555 2933 coelum
1566 2913 1671 2933 memo-

1039 2950 1112 2978 rant,
1122 2946 1213 2973 Graiei
1222 2946 1336 2973 aethera.
