1926 3224
263 252 358 292 402

761 241 823 288 T.
874 236 1254 289 LUCRETII

463 373 552 415 Nec
571 385 660 413 mos
679 370 744 411 ille
763 369 981 425 sepulturae
1000 366 1237 412 remanebat
1254 367 1298 407 in
1317 364 1435 416 urbe,

408 447 506 496 Quo
525 446 615 501 pius
632 444 700 486 hic
719 444 892 500 populus
912 457 1070 498 semper
1088 447 1304 484 consuerat
1323 438 1500 481 humari:

407 519 674 561 Perturbatus
693 518 802 560 enim
821 525 930 559 totus
949 516 1186 572 repedabat,
1206 522 1248 556 et
1265 528 1371 556 unus

266 691 408 729 modum,
423 688 596 729 Virgilium
614 687 648 718 in
662 697 730 728 geo.
749 686 792 718 iii.
808 689 859 718 76.
880 686 983 717 imita·

265 748 328 782 tus,
343 741 507 781 Corippus,
524 739 567 770 iii.
583 742 635 770 69.

414 826 544 859 plaudunt
555 825 677 856 pedibus,
687 823 815 855 mollique
825 826 947 856 reponunt

281 867 367 892 crura
380 866 543 898 gradu—z

265 938 287 970 i.
301 949 329 970 e.
351 941 375 957 “
384 944 504 978 ponunt
518 947 553 967 ac
564 941 728 976 reponunt,
740 946 818 975 soepe
826 942 947 975 ponunt
952 935 989 973 ,·''

266 995 303 1020 ut
317 988 401 1020 idem
417 989 519 1024 Maro,
533 986 606 1018 ibid.
621 987 660 1017 iv.
674 989 714 1017 37
718 990 746 1016 8.

281 1073 341 1097 Pars
351 1071 434 1104 epulis
444 1074 556 1097 onerant
566 1076 680 1100 mensas,
691 1072 719 1095 et
730 1069 808 1101 plena
819 1071 940 1100 reponunt

281 1111 378 1136 Pocula
386 1118 458 1135 :—

265 1184 287 1216 i.
301 1195 328 1216 e.
351 1187 374 1203 “
389 1184 525 1224 repetitis
538 1183 655 1213 vicibus
673 1187 806 1222 ponunt,
820 1182 914 1211 multa
931 1190 984 1218 po-

266 1238 291 1254 “
306 1241 398 1274 nunt,
419 1234 565 1274 pocula.'’
610 1233 673 1263 His
686 1239 790 1262 autem
805 1230 939 1270 gemella
953 1230 985 1259 in

267 1285 393 1325 optimis
406 1285 582 1316 auctoribus
596 1289 669 1313 sunt
686 1283 852 1312 innumera
858 1293 867 1318 3
890 1280 989 1310 doctis

267 1337 339 1367 viris
353 1347 410 1367 nec
435 1338 601 1369 observata,
627 1343 684 1363 nec
704 1332 867 1362 illustrata:
894 1331 989 1362 modo

268 1389 379 1424 videas,
403 1398 476 1417 nam
491 1387 673 1416 festinamus
695 1385 850 1415 advertere
865 1395 989 1424 proram

267 1445 366 1474 terrae,
390 1438 469 1468 Hor.
492 1437 541 1467 od.
565 1437 586 1467 i.
610 1440 638 1468 9.
663 1440 692 1466 6.
715 1446 750 1466 ac
772 1436 846 1466 Stat.
875 1435 989 1467 Achill.

265 1489 298 1519 ii.
322 1492 393 1520 154.
437 1488 510 1519 Jam
534 1497 617 1524 vero,
644 1487 799 1517 nescimus
822 1486 924 1526 plane,
947 1497 988 1516 an

267 1550 369 1580 operae
383 1539 423 1569 sit
437 1539 571 1579 pretium
595 1538 681 1568 scioli
704 1538 808 1568 nescio
833 1538 922 1578 cujus
935 1548 989 1577 pe-

267 1590 432 1621 tulantiam
447 1597 478 1620 et
491 1589 677 1629 imperitiam
693 1588 868 1626 retundere,
890 1589 923 1618 in
939 1599 990 1619 co-

268 1641 459 1682 piosissimis,
478 1651 555 1681 quas
568 1641 660 1670 habet
675 1639 787 1670 Latina
801 1639 922 1680 lingua,
945 1639 990 1669 lo-

268 1692 445 1723 cutionibus
459 1701 583 1731 prorsus
597 1689 737 1730 hospitis,

285 1774 327 1799 Nu
338 1778 438 1806 prater
448 1773 562 1798 Calvum
574 1776 601 1798 et
614 1772 687 1797 docti
703 1775 811 1797 cantare
822 1771 976 1802 catullum;

269 1845 323 1885 qui
345 1855 406 1881 me,
433 1844 543 1875 talium
569 1842 835 1874 homunculorum
862 1842 993 1881 ineptias

272 1895 396 1926 silenter
422 1894 625 1929 deridentem,
652 1893 841 1933 sugillaverit
861 1892 893 1922 in
912 1892 993 1931 peri-

271 1946 350 1977 turis
358 1946 519 1976 annalium
530 1950 761 1974 menstruorum
773 1944 898 1981 chartis,
911 1943 994 1984 quod

272 1997 556 2039 ingeniosissimam
571 1996 649 2026 Titii
667 1996 878 2036 conjecturam
893 1995 994 2025 admi-

272 2049 381 2079 sissem
404 2049 438 2078 in
465 2047 592 2079 Horatii
615 2046 663 2077 od.
679 2046 699 2076 i.
716 2049 768 2077 57.
784 2049 833 2076 24.
855 2044 996 2084 deplora-

274 2105 345 2130 tum
370 2099 500 2130 omnino
524 2098 641 2135 locum,
664 2107 764 2138 neque
778 2096 867 2127 aliter
889 2096 998 2135 cuivis,

276 2157 313 2182 ut
325 2151 444 2191 opinor,
461 2148 687 2188 explicabilem:

623 2236 673 2255 nec
685 2228 850 2254 muliebriter

399 2271 517 2303 Expavit
527 2277 628 2300 ensem,
640 2276 689 2295 nec
700 2269 806 2294 latentis

433 2311 520 2336 Classe
530 2310 584 2335 εἰεί
601 2308 736 2342 repedavit
747 2315 814 2333 oras,

279 2394 376 2432 Quod
400 2394 516 2434 optime
541 2393 661 2424 dictum
687 2397 733 2421 est
757 2390 796 2421 de
820 2400 907 2427 nave,
936 2388 1000 2419 sive

281 2454 380 2481 ΠΟΣῙ
408 2454 571 2490 &psalmis
598 2444 822 2486 Lycophronis,
851 2444 934 2473 CaSS.
949 2446 999 2474 98.

279 2499 422 2531 consulas
436 2499 615 2538 interpretes
629 2496 670 2527 ad
685 2496 775 2536 Virg.
792 2494 867 2525 AEn.
882 2503 908 2524 v.
926 2496 999 2523 850.

271 2550 343 2584 Sed
358 2550 443 2580 enim
458 2558 604 2589 gerrones
617 2546 753 2584 frivolos,
782 2545 895 2586 quibus
917 2547 939 2563 “
955 2550 1001 2574 est

278 2605 304 2620 ‘⁴
320 2611 362 2631 aes
375 2600 512 2640 triplex'’
535 2600 615 2630 circa
639 2598 772 2635 vultum,
797 2596 931 2627 aliorum
948 2605 1000 2626 co-

280 2659 355 2684 nata
379 2652 571 2683 cornicantes
595 2649 802 2690 impudenter,
829 2654 861 2678 et
881 2647 921 2678 de
945 2656 1003 2677 suo

280 2703 360 2734 nihil
374 2702 529 2733 laudabile
542 2701 742 2742 proferenteS‚
765 2710 1004 2741 aaeoxopaxmereov

280 2759 328 2783 est
352 2754 493 2790 omnino,
518 2758 550 2783 et
574 2763 787 2784 oeaeooewae‘reor
810 2759 911 2789 neque
933 2747 1004 2779 usui

281 2804 377 2835 suerit
404 2806 496 2835 verba
520 2805 554 2835 in
578 2810 686 2834 ventos
711 2800 911 2843 profundere,
936 2800 1003 2830 ine-

281 2854 491 2886 mendabilem
505 2855 687 2894 pravitatem
698 2851 922 2883 malevolorum
937 2860 1003 2881 cor-

282 2906 382 2948 rigere
397 2906 538 2938 tentanti.
576 2905 660 2938 Vide
674 2915 731 2937 nos
744 2913 848 2944 supra,
862 2912 923 2935 ver.
933 2905 1006 2934 558.

1029 686 1198 720 caeterum,
1223 689 1259 714 ut
1279 683 1312 714 in
1327 683 1411 713 viam
1425 686 1567 718 revertar,
1592 690 1657 712 non
1672 681 1748 713 alie·

1029 747 1102 767 nam
1124 747 1204 774 rem,
1228 746 1286 766 nec
1309 735 1403 765 lautis
1425 734 1590 765 lectoribus
1603 734 1750 775 injucun-

1029 788 1115 823 dam,
1137 798 1208 818 sum
1222 788 1372 825 factunm,
1397 787 1422 816 si
1437 786 1581 817 dictionis
1594 787 1750 826 repedare,

1029 849 1099 880 quae
1114 845 1187 869 sunt
1208 838 1247 868 ad
1263 847 1404 874 manum,
1426 837 1568 876 exempla
1582 846 1750 878 congeram

1030 898 1060 922 et
1075 900 1238 930 apponam.
1284 890 1400 925 Festus,
1423 899 1497 919 cum
1511 888 1684 919 accusan'vo
1697 897 1750 919 co-

1031 942 1119 973 mite:
1147 945 1170 961 “
1188 944 1352 982 Repedare,
1367 940 1516 971 recedere.
1561 940 1734 970 Pacuvius:

1045 1025 1065 1038 “
1075 1022 1194 1047 Paullum
1205 1022 1304 1054 repeda,
1315 1021 1408 1052 gnate!
1424 1026 1440 1044 a
1450 1018 1580 1044 vestibulo
1591 1018 1736 1050 gradum-’⁹

1030 1095 1095 1125 Ubi
1127 1093 1278 1124 laboranti
1306 1098 1406 1123 metro
1427 1092 1672 1123 succurrendum
1694 1098 1752 1132 est,

1028 1146 1077 1175 vel
1092 1145 1225 1184 reposito
1242 1146 1457 1184 Faunumque,
1480 1143 1528 1174 vel
1543 1146 1694 1184 repedem,
1716 1149 1754 1176 ut

1030 1196 1158 1227 videtur.
1204 1196 1328 1226 Nonius
1353 1195 1530 1231 Marcellus,
1558 1195 1590 1226 ii.
1611 1198 1682 1227 738.
1703 1206 1752 1227 re·

1025 1249 1152 1286 pedasse
1174 1253 1205 1277 et
1224 1248 1402 1287 repedabam
1425 1256 1462 1277 ex
1477 1245 1593 1277 Lucilii
1607 1245 1754 1277 carmini-

1029 1300 1087 1328 bus
1116 1297 1267 1338 allegavit,
1297 1297 1351 1328 sed
1384 1297 1452 1328 loca
1479 1303 1554 1327 sunt
1581 1296 1753 1337 depravata.

1033 1349 1125 1380 Idem
1139 1349 1359 1390 grammaticus
1374 1348 1504 1388 simplex
1518 1349 1648 1378 verbum
1662 1350 1753 1388 pedo,

1032 1401 1065 1431 in
1081 1401 1101 1431 i.
1119 1404 1190 1432 325.
1207 1400 1321 1440 posuit,
1337 1406 1368 1431 et
1381 1410 1436 1440 per
1449 1406 1590 1439 repetere,
1605 1399 1654 1430 vel
1668 1410 1754 1430 acce-

1032 1455 1101 1483 dere
1116 1454 1206 1492 quasz'
1215 1463 1273 1492 per
1287 1455 1404 1492 pedem,
1420 1450 1593 1482 declaravit.
1638 1451 1754 1481 Vetus-

1032 1510 1100 1534 tum
1128 1503 1355 1534 onomasticon:
1392 1506 1414 1521 “
1430 1501 1606 1542 Ανατοδιζυ,
1635 1504 1754 1542 repedo,

1034 1559 1056 1574 “
1071 1555 1238 1590 retrocedo,
1248 1557 1338 1594 pedo,
1353 1553 1416 1585 as.”
1452 1553 1557 1584 Idem:
1585 1557 1607 1571 “
1624 1554 1756 1593 Repedo,

1034 1609 1056 1624 ‘⁸
1073 1603 1262 1646 αναποδιζωΡ
1305 1605 1477 1643 Juvencus,
1500 1604 1570 1635 hist.
1592 1613 1700 1645 evang.
1723 1604 1756 1635 ii.

1035 1659 1084 1688 75.

1065 1733 1130 1758 Inde
1139 1733 1253 1757 domum
1266 1732 1376 1765 repedat,
1386 1735 1518 1758 terrarum
1529 1731 1631 1762 lumen,
1643 1732 1721 1757 lesus.

1036 1805 1172 1844 Ibidem,
1188 1806 1233 1836 iii.
1251 1808 1322 1837 195.

1097 1890 1163 1915 Inde
1173 1890 1298 1915 Galilaeas
1307 1889 1409 1922 repedat
1426 1889 1546 1914 salvator
1557 1888 1584 1913 in
1595 1894 1661 1914 oraS.

1039 1961 1141 1998 Idem,
1158 1961 1195 1992 iv.
1211 1964 1284 1993 497.

1130 2052 1211 2076 Tunc
1222 2051 1255 2075 ad
1266 2049 1406 2082 discipulos
1415 2049 1586 2081 repedae—.

1040 2128 1200 2168 Denique,
1221 2137 1279 2158 vox
1295 2126 1339 2157 illi
1361 2125 1539 2157 redonanda
1554 2131 1610 2164 est,
1633 2125 1705 2158 ibid.
1719 2126 1759 2158 ad

1040 2189 1100 2210 ver.
1117 2183 1189 2210 590.

1056 2258 1206 2289 SideraJ'am
1218 2257 1272 2282 luci
1282 2257 1446 2286 concedunt,
1456 2259 1484 2281 et
1495 2255 1600 2287 rapidus
1613 2256 1651 2281 sol

1056 2306 1236 2338 progreditur,
1246 2305 1324 2329 radiis
1333 2308 1414 2329 terras
1425 2303 1598 2335 repedantibus
1607 2303 1730 2335 implens.

1043 2380 1161 2421 Vulgo,
1177 2379 1403 2419 crepitantibus.
1434 2377 1478 2408 Et
1491 2377 1696 2417 corruptelam
1713 2379 1762 2409 in-

1043 2431 1115 2462 tulit
1144 2431 1191 2462 vel
1222 2431 1439 2470 importunitas
1464 2429 1700 2460 emendatorum
1728 2431 1764 2461 in

1043 2483 1189 2520 eundem,
1205 2483 1244 2513 ad
1259 2483 1278 2513 i.
1298 2485 1365 2513 104.
1380 2481 1428 2511 vel
1442 2481 1562 2511 inscitia
1576 2481 1747 2513 editorum:

1073 2568 1115 2594 Ad
1126 2568 1314 2600 propriamque
1324 2566 1438 2591 domum
1449 2569 1552 2596 remeat,
1562 2565 1618 2596 jam
1637 2568 1710 2591 certa
1721 2565 1764 2590 fu·

1137 2608 1200 2632 turi.

1048 2681 1146 2713 MSS.
1177 2681 1329 2722 quaedam,
1366 2681 1498 2720 repedat.
1542 2678 1611 2708 Nec
1646 2677 1763 2715 dubito,

1047 2733 1124 2774 quin
1152 2732 1300 2763 Barthius
1324 2730 1481 2761 verissime
1504 2728 1680 2766 restituerit,
1707 2728 1765 2759 hac

1047 2794 1121 2815 voce
1134 2783 1277 2824 reposita,
1292 2782 1420 2823 Virgilii
1437 2781 1589 2818 Culicem,
1604 2788 1665 2810 ver.
1682 2782 1750 2810 104.

1078 2871 1111 2895 Et
1124 2870 1180 2901 jam
1192 2868 1360 2901 conpellente
1371 2873 1448 2900 vagae
1459 2869 1564 2899 pastore
1573 2864 1685 2896 capellae

1078 2911 1137 2937 lma
1148 2909 1304 2936 susurrantis
1314 2907 1464 2941 repedabant
1473 2907 1508 2932 ad
1519 2905 1586 2932 vada
1595 2903 1729 2937 lympha:
