1926 3224
553 260 783 309 LIBER
831 258 1191 316 QUINTUS.

1526 260 1613 301 187

284 391 346 434 Ut
364 393 486 434 satius
506 392 634 433 multo
647 392 734 447 jam
755 391 806 432 sit
824 405 966 446 parere
986 392 1182 446 quietum,

281 465 419 514 Quam
439 481 579 523 regere
597 465 756 519 inperio
775 479 838 504 res
858 464 970 514 velle,
993 472 1033 504 et
1053 478 1180 520 regna
1201 471 1349 504 tenere.

282 538 477 589 Proinde,
500 540 600 588 sine,
621 539 664 578 in
685 551 841 578 cassum
863 536 1043 585 defessei,
1066 538 1262 592 sanguine
1282 536 1442 586 sudent,

279 613 514 668 Angustum
532 624 606 664 per
625 610 701 650 iter
720 609 916 648 luctantes
936 607 1185 649 ambitionis:

143 689 248 726 1130
279 684 455 739 (Invidia
476 682 684 738 quoniam,
707 695 782 721 ceu
798 679 983 730 fulmine,
1010 695 1168 722 summa
1187 690 1387 736 vaporant

279 757 532 811 Plerumque,
556 763 595 796 et
615 769 707 809 quae
727 760 822 794 sunt
842 753 930 794 altis
951 754 1082 810 magis
1102 754 1209 796 edita
1230 756 1453 811 quomque)

135 925 172 945 w
199 919 378 945 οτΡΑΝοτ
409 914 565 953 ὑψωύεισα,
600 914 700 947 ἚΩΣ
734 913 852 945 ἋΔοτ

135 970 475 1020 ΚΑΤΑΒΙΒΑΣΘΗΣΡΙῙ.
753 956 761 968 ’

176 1030 251 1060 Ver.
269 1033 359 1061 1127.
383 1032 499 1070 inperio
513 1040 577 1061 res:
603 1029 639 1060 L.
657 1030 703 1059 M.
726 1029 850 1070 inferio-

132 1093 180 1113 res
185 1097 195 1117 ;
222 1092 322 1122 neque
337 1092 430 1112 ausus
444 1092 541 1112 essem
561 1082 787 1112 vutustissimos
801 1092 851 1111 co-

132 1133 216 1164 dices
230 1143 383 1172 respuere,
407 1133 466 1163 nisi
495 1140 526 1163 et
550 1133 602 1163 alii
625 1133 749 1171 optimae
771 1138 853 1162 notae

132 1189 287 1223 receptam
309 1175 474 1214 lectionem
489 1184 708 1219 exhibuissent,
732 1189 762 1213 et
777 1184 852 1214 Vir-

133 1235 227 1276 gilius
242 1240 388 1270 tueretur,
412 1235 487 1264 AEn.
502 1235 540 1265 vi.
556 1237 628 1266 852.

148 1307 193 1330 Tu
204 1312 286 1338 regere
296 1306 391 1339 inperio
401 1307 522 1338 populos,
540 1309 669 1337 Romane,
685 1310 835 1333 memento.

175 1382 253 1413 Ver.
280 1386 371 1413 1128.
393 1385 474 1413 sine:
500 1383 596 1413 Vind.
622 1383 661 1413 V.
687 1383 733 1414 ed.
758 1384 794 1413 B.
817 1384 853 1413 L.

134 1442 178 1466 11.
196 1440 230 1466 Σ.
252 1437 331 1472 side,·
357 1436 507 1477 M.fldez‘;
532 1441 567 1466 Δ.
582 1438 699 1466 sul—iu
715 1447 832 1466 cassum
841 1449 851 1465 .-

136 1492 182 1517 Ω·
204 1488 238 1516 in
253 1497 354 1523 cassu5
379 1496 434 1525 pro
460 1488 493 1516 z‘n
511 1489 622 1517 cassi:
650 1492 686 1516 ut
708 1486 854 1516 innume-

136 1536 272 1566 rabiliter
286 1542 447 1575 peccatum
463 1542 515 1567 est.

178 1587 258 1617 Ibid.
284 1587 372 1617 Ordo
398 1594 456 1618 est:
493 1591 514 1606 “
531 1588 679 1626 Proinde,
711 1589 777 1619 sine
802 1600 853 1620 su-

135 1641 158 1658 “
174 1638 249 1669 dent
262 1639 424 1679 sanguine,
441 1638 552 1669 defessi
567 1640 600 1669 in
616 1639 775 1669 cassum:”
791 1641 810 1670 i.
828 1652 853 1671 e.

134 1702 168 1722 se
183 1691 217 1721 in
232 1701 360 1729 vanum,
383 1691 430 1721 vel
453 1691 610 1727 inutiliter,
633 1692 853 1732 defatigantes;

133 1741 221 1783 quasi
249 1741 365 1771 scilicet
393 1741 530 1771 laborem
560 1752 665 1780 suum,
695 1753 792 1782 usque
814 1743 853 1773 ad

134 1792 388 1833 defatigationem
403 1792 591 1831 impensum,
618 1793 651 1822 in
673 1794 853 1823 barathrum

134 1842 366 1883 profunderent.

179 1902 261 1933 Ibid.
276 1904 424 1943 sanguine
432 1906 549 1936 sudent.
571 1905 855 1946 Exquisitissimam

137 1955 218 1985 hanc
241 1954 432 1985 locutionem
460 1956 602 1986 videmur
627 1957 855 1996 nobismetipsis

134 2016 200 2037 non
211 2005 320 2036 inscite
337 2006 533 2038 illustravisse
548 2008 582 2038 in
599 2008 671 2038 silv.
690 2009 764 2039 Crit.
780 2014 852 2039 sect.

133 2069 223 2090 xxxv.
238 2065 270 2089 et
283 2059 355 2090 ibid.
371 2066 444 2090 tom.
459 2070 485 2090 v.
501 2071 550 2099 pp.
568 2064 617 2091 71.
639 2064 687 2092 72.
714 2062 754 2092 ad
777 2071 855 2102 quos

133 2113 224 2151 locos,
248 2120 279 2146 et
299 2115 411 2145 chartis
433 2120 464 2145 et
488 2116 553 2146 otio
577 2116 781 2152 consulentes,
804 2127 852 2146 re-

133 2166 288 2196 mittimus
315 2166 467 2197 lectorem.
525 2167 565 2197 In
594 2167 687 2197 aliam
714 2168 854 2207 profecto

134 2216 314 2247 vividiorem
342 2223 433 2257 atque
462 2219 670 2248 nervosiorem
700 2219 785 2248 haud
808 2225 853 2248 te-

135 2278 222 2298 mere
236 2268 380 2298 incurres.
404 2269 453 2298 Ea
463 2279 536 2299 sane
548 2269 684 2299 multum
693 2269 772 2300 lucis
788 2271 853 2300 Sal-

136 2318 231 2349 lustio
260 2318 469 2349 commodabit
503 2319 542 2349 a'd
573 2320 662 2350 Catil.
692 2320 794 2351 xxxix.
826 2324 854 2351 4.

137 2372 161 2388 “
178 2369 288 2409 Neque
310 2369 383 2407 illis,
415 2370 467 2410 qui
496 2371 656 2401 victoriam
682 2371 784 2410 adepti
807 2372 856 2402 fo-

136 2423 160 2438 “
175 2425 254 2457 rent,
277 2419 394 2450 diutius
415 2420 451 2450 ea
473 2421 520 2451 uti
534 2421 682 2457 licuisset,
705 2423 781 2462 quin
802 2426 854 2454 de-

137 2470 260 2510 “fesse's
282 2475 313 2500 et
335 2473 545 2510 exsanguibus,
569 2473 623 2512 qui
648 2472 719 2512 plus
745 2480 853 2513 posset,

137 2525 161 2540 ‘⁶
176 2521 345 2561 imperium
373 2528 464 2562 atque
486 2523 659 2554 libertatem
691 2531 852 2566 extorque-

135 2575 159 2591 “
174 2571 250 2602 ret¹³
295 2572 394 2602 Nobis
406 2574 492 2603 enim
514 2574 580 2604 sine
594 2574 680 2604 libris
701 2586 764 2606 non
784 2577 856 2609 licet

135 2623 315 2654 brevitatem
332 2624 512 2655 Cortianam
527 2625 653 2664 imitari,
667 2633 698 2657 et
714 2628 852 2660 Sallusti-

136 2685 192 2705 um
204 2674 276 2704 satis
285 2676 444 2705 astrictum
456 2677 489 2706 in
499 2677 594 2707 artius
606 2679 856 2719 compingere.—

135 2725 256 2765 Defessz'
271 2736 353 2764 vere,
377 2730 399 2744 “
416 2728 594 2766 exanimati,
611 2730 758 2760 exhausto
769 2734 855 2772 quasi

135 2781 158 2796 “
175 2779 259 2808 venis
275 2780 456 2820 sanguine.''
482 2782 532 2811 Sic
556 2786 578 2800 ‘⁴
594 2784 759 2821 pernicie,‘'
772 2793 853 2825 peste

137 2837 259 2867 nempe,
283 2833 305 2848 “
320 2831 426 2872 dtfissi
442 2833 628 2871 exercitus,'’
652 2835 760 2876 Dictys
778 2837 851 2867 Cre.-

137 2878 242 2917 tensis,
255 2879 286 2910 ii.
301 2884 352 2912 51.
366 2882 434 2913 vide
449 2891 590 2914 nostrum
605 2885 642 2916 vi.
660 2889 752 2917 1160.
772 2887 852 2918 Oro-

140 2927 213 2966 sius,
244 2929 313 2962 hist.
337 2931 375 2963 iv.
404 2937 451 2964 12.
485 2939 507 2953 ⁴‘
535 2935 608 2966 Una
635 2938 852 2970 tantummodo

897 915 918 932 “
934 918 1045 950 aestate,
1070 913 1214 945 Romana
1228 915 1406 954 sanguinem
1421 912 1536 942 viscera
1551 920 1614 941 non

896 968 918 983 “
933 966 1116 996 sudarunt.‘’
1138 966 1258 1004 Livius,
1274 966 1346 996 xxii.
1360 969 1410 996 56.
1435 968 1457 983 “
1474 963 1614 993 Nuncia·

896 1019 918 1034 “
935 1022 1004 1045 tum
1029 1022 1095 1046 erat
1118 1018 1175 1046 sub
1200 1017 1284 1046 idem
1314 1022 1436 1055 tempus
1461 1014 1617 1053 lapidibus

897 1071 920 1085 “
935 1067 1067 1106 pluisse3
1092 1073 1122 1098 et
1137 1067 1238 1098 multo
1253 1079 1357 1099 cruore
1375 1068 1463 1107 signa
1478 1066 1511 1095 in
1529 1065 1615 1095 Sabi-

897 1123 919 1139 “
935 1121 984 1150 nis
998 1124 1128 1157 sudasse,
1151 1131 1302 1161 aquasque
1325 1130 1342 1149 e
1363 1119 1450 1149 fonte
1464 1119 1616 1149 candidas

898 1175 920 1190 “
935 1172 1116 1202 manasse:’'
1132 1172 1152 1202 i.
1170 1182 1196 1202 e.
1212 1171 1301 1202 lactei
1317 1170 1438 1200 coloris.
1461 1169 1511 1199 Ita
1527 1169 1616 1198 Mar-

896 1229 927 1254 te
954 1225 1079 1263 proprio
1102 1223 1348 1258 emendaveram,
1374 1228 1466 1262 atque
1490 1221 1523 1250 in
1546 1229 1618 1258 par-

897 1280 960 1304 tem
975 1274 1162 1314 suffragatur
1176 1275 1285 1305 codex:
1299 1274 1351 1304 de
1365 1273 1414 1303 his
1425 1277 1532 1302 autem
1547 1279 1618 1309 pro-

897 1325 991 1366 digiis
1005 1326 1096 1356 adeas
1110 1326 1183 1356 ibid.
1199 1337 1262 1366 cap.
1282 1329 1308 1356 l.
1331 1331 1361 1355 et
1374 1325 1396 1356 J
1400 1324 1502 1354 ulium
1518 1322 1616 1352 Obse-

897 1382 1045 1417 quentem
1073 1378 1196 1417 saepius.
1244 1377 1432 1417 Apollonius
1462 1374 1616 1409 Rhodius,

897 1429 935 1458 iv.
954 1433 1043 1459 1284.

938 1507 960 1530 H
973 1505 1006 1531 ὅτ’
1022 1517 1053 1532 αν
1066 1516 1208 1540 own-optant
1224 1508 1301 1538 ξοανοι
1313 1507 1351 1542 ῥεῃ
1361 1504 1560 1531 ’ῙΔΡΩΟΝΤΑ

934 1553 1166 1579 ἈῙΜΑΤῙ-.

898 1625 1052 1666 Virgilius
1068 1625 1202 1666 denique
1218 1624 1437 1656 adscribendus
1452 1630 1506 1660 est,
1529 1621 1618 1653 inde-

898 1676 995 1706 fessus
1010 1677 1151 1717 magistri
1166 1687 1280 1714 comes,
1303 1676 1342 1706 ad
1359 1677 1434 1706 AEn.
1451 1675 1483 1704 ii.
1501 1676 1572 1704 582.

960 1743 1122 1767 Dardanium
1135 1743 1215 1768 toties
1226 1742 1324 1766 sudarit
1338 1740 1460 1773 sanguine
1471 1740 1543 1764 litus?

898 1801 1002 1836 Quem
1017 1811 1141 1831 versum
1159 1801 1242 1831 male
1264 1800 1435 1830 solicitabat
1458 1796 1619 1827 Heinsius.

897 1852 941 1881 Et
969 1852 1067 1882 Carus
1092 1856 1198 1881 noster
1223 1850 1322 1880 Ennii
1348 1850 1474 1879 fortasse
1499 1856 1620 1876 memor

897 1902 1001 1939 fuerit,
1017 1902 1101 1942 apud
1116 1901 1270 1938 Nonium,
1284 1911 1314 1931 x,
1326 1904 1357 1930 4.
1374 1900 1417 1929 sic
1432 1896 1616 1938 castigandi:

898 1971 945 1993 AEs
954 1969 1034 1999 sonit‚
1045 1969 1206 2001 franguntur
1216 1969 1313 1997 hastae,
1323 1971 1394 1992 terra
1402 1965 1477 1990 sudat
1486 1962 1618 1995 sanguine.

897 2026 1017 2066 Vulgo,
1039 2031 1061 2045 “
1078 2028 1122 2058 Et
1137 2023 1249 2056 sonit.''
1279 2024 1383 2063 Idem,
1396 2022 1499 2054 annal.
1515 2031 1562 2051 xv.

989 2105 1090 2128 AEratae
1099 2102 1210 2127 sonitant
1221 2101 1376 2133 galeae—.

900 2163 1068 2199 Caeterum,
1096 2162 1257 2200 ambigem
1287 2170 1327 2189 an
1353 2159 1429 2188 hinc
1458 2154 1620 2187 Arnobius

897 2213 1107 2253 corrigendus„
1123 2211 1389 2242 constantissimus
1399 2209 1535 2238 imitator
1547 2216 1618 2236 nos-

898 2265 947 2300 tri,
971 2264 1022 2294 lib.
1039 2264 1068 2293 ii.
1085 2274 1116 2302 p.
1140 2265 1256 2294 71.—“
1274 2272 1347 2291 cum
1369 2261 1548 2299 sauguinem
1570 2262 1618 2286 to-

901 2320 920 2334 “
937 2315 1052 2345 tum-in
1068 2314 1241 2354 subigenda
1262 2313 1372 2344 tellure
1384 2307 1617 2353 fudissent—.’'

899 2368 1000 2401 Forte,
1021 2368 1187 2396 sudassent.

943 2418 1015 2447 Ver.
1033 2420 1125 2448 1129.
1141 2427 1199 2455 per
1215 2418 1290 2446 iter:
1317 2415 1356 2445 V.
1379 2414 1424 2444 ed.
1446 2414 1620 2453 pariter.—

896 2470 1082 2499 amhitz'onz's:
1102 2468 1197 2498 Vind.
1211 2467 1250 2497 V.
1269 2466 1316 2497 ed.
1335 2472 1369 2496 Δ.
1387 2471 1421 2496 Σ.
1432 2466 1618 2495 ambitiones.

942 2519 1022 2550 Ibid.
1046 2520 1218 2558 Angustum
1234 2520 1300 2548 iter.
1334 2516 1500 2557 Virgilius,
1514 2524 1582 2555 geo.
1598 2513 1618 2543 i.

897 2574 968 2601 580.

1019 2631 1161 2660 Angustum
1172 2628 1286 2653 formica
1297 2631 1384 2653 terens
1395 2627 1512 2651 iter—.

941 2687 1014 2717 Ver.
1033 2691 1123 2716 1150.
1142 2687 1240 2717 Hunc
1256 2694 1286 2717 et
1300 2692 1479 2726 sequentem
1495 2691 1619 2712 versum

899 2738 1069 2773 Bendeius,
1090 2738 1229 2768 Creechii
1241 2737 1362 2778 judicio
1377 2738 1552 2771 obsecutus,
1568 2733 1617 2762 in-

896 2788 1053 2819 ducendos
1068 2789 1202 2825 censuit;
1225 2788 1336 2828 quibus
1350 2793 1475 2828 egomet
1487 2794 1618 2815 consen-

896 2840 954 2870 tire
971 2850 1100 2880 nequeO.
1132 2840 1209 2870 Post
1232 2850 1292 2870 ver.
1319 2841 1408 2869 1125.
1434 2836 1523 2877 positi
1545 2845 1620 2865 sane

897 2891 996 2932 magis
1011 2891 1182 2930 placerent;
1205 2890 1348 2930 quamvis
1361 2891 1411 2919 hae
1424 2887 1619 2928 trajectiones

895 2952 957 2972 non
980 2943 1111 2972 insolitae
1133 2942 1196 2972 sint
1218 2941 1327 2980 potitis,
1350 2939 1526 2981 argumenti
1547 2947 1616 2967 cur-

837 2999 911 3030 NS
