1926 3224
615 253 847 302 LIBER
895 254 1258 311 QUINTUS.

1580 263 1611 300 >a

1611 262 1634 301 »Ἰ

184 388 265 424 345
298 383 484 426 Exitium
504 400 667 442 quoque
686 395 902 438 terrarum,
924 385 1111 442 coelique,
1133 386 1326 429 futurum.

299 458 423 508 Nam,
446 475 571 515 quom
591 475 654 502 res
675 463 797 503 tantis
816 461 970 503 morbis
990 463 1194 517 tantisque
1212 460 1370 518 periclis

298 532 589 582 Tentarentur‚
612 534 691 574 ibei
712 535 744 574 si
765 535 918 576 tristior
937 536 1182 577 incubuisset

299 606 466 656 Caussa,
488 607 633 647 darent
652 607 731 648 late
750 608 922 658 cladem,
954 622 1204 665 magnasque
1222 609 1372 649 ruinas.

297 678 385 720 Nec
405 679 562 719 ratione
581 679 657 720 alia
677 682 867 722 mortales
894 697 978 724 esse
997 682 1184 723 videmur

186 756 267 792 350
297 751 410 792 Inter
428 766 520 802 nos,
542 753 620 794 nisi
640 754 752 809 quod
771 755 925 797 morbis
945 757 1204 814 aegrescimus
1224 754 1363 804 iidem,

298 824 436 880 Atque
455 825 549 876 illei,
571 841 674 882 quos
694 844 719 869 a
738 829 819 870 vita
842 830 1004 872 Natura
1022 830 1207 872 removit.

355 897 575 950 Praeterea,
598 915 899 959 quaequomque
917 913 1087 946 manent
1105 912 1276 952 aeterna,
1298 915 1508 942 necessum
1529 908 1602 951 est,

297 971 399 1020 Aut,
422 972 518 1027 quia
538 981 634 1014 sunt
653 974 782 1015 solido
803 991 895 1016 cum
918 992 1108 1026 corpore,
1130 989 1321 1026 respuere
1339 974 1458 1022 ictus,

156 1126 250 1158 fidem
272 1127 452 1158 habiturum
473 1127 533 1168 est)
557 1127 690 1159 editores
720 1140 878 1170 επιτριοιιηι
920 1136 993 1157 rum
1007 1126 1161 1162 codicum,
1187 1135 1245 1156 nec
1269 1125 1344 1164 ipsis
1365 1130 1471 1156 tamen
1494 1126 1647 1167 elegantia

154 1178 243 1208 nobis
266 1177 305 1208 de
320 1188 377 1208 suo
400 1178 511 1209 dedere
533 1181 645 1216 terra'i;
669 1178 763 1215 libris,
786 1189 881 1209 omne

155 1239 263 1270 genus,
293 1230 443 1260 universis
465 1231 733 1261 sceleratissimum
758 1231 881 1261 facinus

153 1280 382 1311 devoventibus.
427 1281 496 1311 Nos
517 1282 758 1312 sincerissimam
782 1282 880 1321 po'etae

153 1330 347 1370 scripturam,
372 1331 595 1372 gratulabundi
618 1333 791 1369 lectoribus,
814 1340 879 1364 stu-

153 1381 239 1412 diose
253 1381 453 1413 restituimus.
492 1383 616 1423 Inspice
630 1384 809 1424 nuperrime
823 1395 880 1414 no-

155 1438 230 1470 tata,
244 1433 284 1463 ad
299 1443 359 1463 ver.
368 1437 440 1464 326.
465 1434 551 1469 Quid
565 1434 692 1466 autem?
716 1445 822 1465 nonne
837 1435 880 1465 sic

155 1485 232 1525 legit
256 1485 398 1521 Ovidius,
428 1486 565 1516 versibus
588 1486 650 1516 illis
675 1487 882 1518 celeberrimis

155 1537 241 1566 hunc
264 1536 360 1568 etiam
383 1535 706 1576 locumexprimens?
730 1538 765 1567 in
787 1548 882 1569 amor.

156 1587 176 1617 i.
196 1589 243 1618 15.
263 1590 314 1618 24.

186 1655 312 1679 Carmina
321 1654 439 1679 sublimis
449 1656 516 1679 tunc
526 1658 589 1680 sunt
600 1655 718 1686 peritura
729 1655 859 1686 Lucretii,

217 1694 308 1720 Exitio
318 1697 399 1719 terras
409 1701 474 1719 cum
485 1694 560 1719 dabit
570 1701 624 1719 una
633 1695 697 1719 dies.

158 1763 309 1795 Conferas
331 1769 437 1794 autem
463 1763 592 1804 Virgilii
615 1762 670 1794 ecl.
694 1762 733 1793 vi.
751 1766 802 1794 52.
825 1765 882 1794 sub

157 1825 219 1846 ver.
236 1818 309 1847 417.
323 1815 406 1846 infra
419 1816 565 1855 positum.

199 1866 274 1897 Ver.
288 1869 360 1897 346.
382 1868 478 1898 tantis
497 1868 623 1897 morbis:
649 1866 668 1897 i.
683 1876 709 1896 e.
731 1866 883 1896 morbosis

157 1918 227 1949 coeli
263 1918 506 1958 tempestatibus,
542 1928 670 1958 vapores
709 1918 885 1948 mortiferos

157 1969 393 2010 generantibus3
430 1974 467 1999 ut
495 1979 554 2000 ver.
583 1973 655 2000 540.
688 1969 886 1999 Mantuanus

157 2026 250 2056 vates,
265 2030 333 2061 geo.
348 2020 391 2050 iii.
408 2023 479 2051 478.

157 2099 223 2124 Heic
233 2100 382 2130 quondam,
395 2098 476 2124 morbo
486 2099 551 2129 coeli,
567 2098 715 2124 miseranda
726 2103 819 2124 coorta
831 2103 870 2124 est

157 2140 328 2171 Tempestas,
339 2141 453 2169 totoque
463 2137 594 2162 auctumni
608 2138 745 2163 incanduit
761 2141 838 2166 aestu,·

158 2179 191 2204 Et
198 2186 279 2211 genus
288 2185 358 2203 omne
366 2178 418 2202 neci
429 2178 565 2210 pecudum
573 2177 658 2208 dedit,
665 2185 747 2203 omne
755 2177 883 2203 ferarum.

161 2247 288 2278 Nomen
303 2257 411 2278 rursus
427 2248 555 2287 periclis
570 2246 696 2287 respicit
709 2249 837 2278 diluvies
851 2247 888 2278 il-

162 2299 220 2338 las,
236 2305 268 2329 et
281 2305 370 2330 term
384 2305 492 2337 motus,
509 2298 544 2328 in
558 2309 634 2330 verr.
649 2302 722 2330 541.
737 2303 811 2329 542.

202 2350 277 2381 Ver.
291 2352 363 2381 547.
392 2352 596 2381 Tentarentur
618 2351 728 2380 morbis
745 2351 887 2389 periclis-

161 2412 227 2442 que.
266 2400 416 2431 Formula
431 2401 582 2431 sermonis
597 2400 733 2441 elegans,
751 2400 805 2430 sed
819 2410 887 2439 per-

161 2458 288 2494 vagata:
314 2451 453 2483 conferas
474 2452 576 2491 ipsum
591 2452 786 2488 Lucretium,
808 2451 848 2482 ad
868 2452 889 2480 i.

162 2506 234 2534 538.
250 2507 321 2534 652.
343 2502 376 2533 ii.
393 2506 463 2534 966.
486 2502 524 2533 vi.
542 2506 633 2534 1249.
656 2509 687 2533 et
709 2502 784 2533 alibi
799 2502 888 2542 saepi-

161 2567 216 2587 us:
241 2555 330 2596 Virg.
345 2554 400 2585 ecl.
423 2555 443 2584 i.
466 2557 516 2585 50.
538 2564 607 2595 geo.
621 2554 666 2585 iii.
681 2557 752 2584 441.
776 2554 888 2584 Horat.

162 2613 217 2639 sat.
233 2608 253 2638 i.
272 2611 298 2638 l.
315 2611 365 2638 80.
387 2607 420 2637 ii.
434 2610 463 2636 5.
481 2609 552 2637 163.

204 2660 280 2690 Ver.
294 2662 367 2689 548.
385 2661 495 2689 darent
509 2659 637 2689 ruinas.-
664 2664 705 2689 Π.
721 2660 807 2688 daret
822 2659 888 2688 rui-

160 2722 233 2747 nas;
257 2710 347 2740 male.
394 2709 554 2750 Virgilius,
580 2709 655 2740 AEn.
678 2709 718 2739 xi.
746 2713 818 2741 613.
843 2708 890 2740 uti

162 2769 279 2793 noster:

511 2827 645 2859 primique
656 2825 760 2851 ruinam

255 2873 328 2896 Dant
337 2871 427 2896 sonitu
436 2870 557 2903 ingenti:

165 2949 261 2981 quam
274 2940 527 2972 constitutionem
536 2939 596 2971 loci
612 2938 798 2970 lectionibus
813 2936 889 2969 alio-

209 2998 260 3029 Vo
268 3009 302 3030 1..
320 2999 388 3030 ΙΙΙ.

923 1179 1107 1215 carentibus,
1132 1179 1172 1208 ob
1195 1176 1378 1207 Lucretium
1399 1176 1543 1216 equidem
1570 1187 1645 1216 prae-

923 1229 1064 1260 tulerim:

1301 1296 1434 1328 primique
1448 1295 1526 1320 ruina

985 1339 1058 1362 Dant
1068 1337 1177 1361 sonitum
1187 1336 1360 1367 ingenti—.

924 1407 1017 1438 Tales
1029 1413 1135 1438 autem
1144 1408 1253 1437 ruinas
1269 1405 1379 1435 mundi
1396 1411 1499 1435 noster
1510 1406 1650 1436 animose

924 1458 1015 1499 fingit
1036 1457 1190 1497 prioribus
1213 1456 1352 1495 Epicuro
1374 1456 1566 1495 philosophis
1587 1456 1649 1486 fac-

926 1514 983 1546 tas,
999 1508 1039 1538 ad
1053 1507 1073 1538 i.
1090 1510 1161 1539 741.

956 1587 1089 1619 Principiis
1101 1590 1194 1612 tamen
1205 1586 1232 1610 in
1244 1591 1334 1610 rerum
1347 1584 1435 1610 fecere
1445 1585 1546 1610 ruinas:

926 1657 959 1687 in
974 1668 1044 1698 quae
1060 1658 1152 1693 verba
1173 1654 1358 1686 crediderim
1374 1655 1421 1685 M.
1440 1654 1584 1685 Tullium
1607 1665 1653 1685 re-

925 1708 1071 1747 spexisse,
1087 1707 1126 1737 de
1141 1706 1216 1736 finn.
1231 1706 1251 1736 i.
1269 1710 1297 1737 6.
1320 1712 1356 1736 ut
1370 1706 1423 1746 qui
1438 1705 1564 1736 talionis
1578 1716 1653 1746 qua·

925 1761 950 1791 si
966 1761 1068 1801 legem
1083 1759 1176 1789 vellet
1196 1759 1348 1798 irrogare:
1375 1762 1395 1776 “
1413 1758 1473 1788 Sed
1495 1760 1554 1788 hoc
1569 1769 1655 1789 com.

925 1816 945 1831 “
961 1822 1059 1842 mune
1092 1810 1204 1840 vitium
1211 1821 1221 1847 ;
1258 1809 1321 1838 illae
1352 1810 1488 1848 Epicuri
1524 1809 1656 1848 propriae

926 1867 946 1882 “
961 1863 1100 1894 ruinoe.''

970 1917 1044 1946 Ver.
1059 1917 1131 1946 550.
1154 1914 1364 1953 aegrescimus.-
1391 1911 1434 1941 sie
1449 1911 1486 1941 P.
1504 1911 1602 1942 Vind.
1616 1912 1656 1941 V.

928 1967 974 1997 ed.
1002 1967 1039 1997 L.
1063 1966 1110 1996 M.
1136 1965 1176 1996 O.
1202 1970 1247 1995 Ω..
1277 1963 1384 2004 vulgo,
1416 1964 1657 2002 aegrz'scz'mus.-

928 2020 1020 2049 iidem
1034 2017 1084 2048 vel
1109 2018 1206 2047 idem:
1232 2015 1276 2047 sic
1298 2024 1407 2044 omnes
1432 2013 1504 2044 libri
1531 2020 1657 2050 veteres,

930 2070 992 2111 qua
1006 2068 1158 2108 impressi,
1184 2066 1246 2108 qua
1261 2077 1359 2096 manu
1380 2065 1500 2104 scripti:
1526 2065 1659 2096 editores

930 2127 1036 2151 tamen
1051 2118 1206 2150 temerarii
1221 2123 1252 2148 et
1267 2117 1409 2152 audaces,
1423 2115 1474 2147 Pii
1488 2116 1572 2146 male
1586 2116 1659 2146 feri-

929 2179 1013 2204 atam
1028 2172 1238 2212 conjecturam
1253 2169 1363 2206 secuti,
1387 2177 1505 2208 magno
1527 2177 1658 2198 consen—

931 2236 967 2255 su
982 2225 1082 2264 po'e'tae
1105 2224 1305 2253 obtruserunt
1332 2220 1444 2256 isdem;
1467 2229 1574 2249 veram
1596 2219 1659 2249 ele-

931 2276 1072 2317 gantiam
1089 2275 1150 2306 loci
1163 2284 1219 2314 per
1233 2274 1352 2303 isthanc
1374 2272 1527 2301 rationem
1543 2271 1576 2300 in
1592 2281 1661 2310 pes.

931 2340 1002 2360 sum
1018 2329 1134 2360 dantes.
1178 2326 1347 2358 Lucretius
1365 2325 1451 2355 enim
1465 2323 1582 2354 scilicet
1595 2332 1660 2352 non

932 2381 1078 2417 affirmat,
1099 2378 1244 2409 homines
1265 2377 1355 2406 istius
1378 2374 1477 2405 aetatis
1494 2375 1662 2404 consimili-

932 2434 986 2463 bus
1016 2430 1148 2462 omnino
1177 2430 1287 2460 morbis
1317 2426 1440 2463 tentari,
1472 2424 1525 2454 sed
1560 2426 1661 2454 eodem

934 2485 1019 2514 modo
1039 2491 1113 2512 cum
1128 2480 1267 2520 priorum
1289 2476 1464 2508 seculorum
1481 2474 1663 2505 hominibus

933 2543 1108 2575 aegrescere,
1135 2538 1166 2562 et
1188 2530 1313 2565 caussis,
1339 2538 1408 2569 quae
1431 2531 1565 2557 mortem
1581 2525 1661 2555 infe.

932 2595 1016 2624 runt,
1054 2597 1141 2628 aeque
1173 2583 1321 2615 infestari.
1367 2581 1525 2612 Dictionis
1555 2585 1663 2610 autem

932 2639 984 2669 hic
1008 2649 1082 2669 usus
1107 2635 1287 2677 exquisitior
1309 2635 1389 2664 bene
1409 2637 1504 2662 notus
1518 2636 1574 2661 est.
1620 2629 1663 2659 In

933 2690 1114 2730 exemplum
1144 2686 1302 2729 singulare
1330 2684 1462 2715 sufficiat
1498 2680 1662 2722 Virgilius,

933 2754 1001 2785 geo.
1017 2742 1037 2773 i.
1053 2745 1103 2773 71.

963 2821 1079 2849 Alternis
1090 2820 1156 2846 idem
1166 2823 1256 2846 tonsas
1266 2824 1367 2844 cessare
1378 2815 1492 2846 novalia,

964 2865 998 2889 Et
1008 2868 1119 2894 segnem
1129 2861 1230 2894 patiere
1240 2859 1293 2884 situ
1301 2859 1442 2884 durescere
1451 2859 1590 2887 campum.

936 2934 1004 2966 Nos
1019 2933 1146 2975 insuper
1161 2941 1226 2963 non
1249 2929 1329 2963 idem
1352 2931 1520 2965 contracte,
1541 2922 1596 2956 sed
1616 2921 1662 2953 1ae

916 2994 947 3026 E
