1926 3224
578 270 812 318 LIBER
841 269 1163 342 SEXTUS.

268 401 438 443 Finibus
458 401 500 442 in
524 401 734 458 Cecropiis
755 402 935 443 funestos
955 401 1134 443 reddidit
1153 414 1289 458 agrOS,

263 474 530 531 Vastavitque
548 476 653 525 vias3
686 475 877 516 exhausit
897 475 1052 516 civibus
1071 475 1229 516 urbem.

263 548 372 590 Nam
394 550 571 604 penitus,
603 550 768 590 veniens
790 548 965 605 AEgypti
985 548 1151 598 finibus,
1184 556 1314 598 ortus,

125 627 233 664 1140
265 623 375 664 A'era
395 637 632 677 permensus
650 622 842 671 multum,
874 636 1121 676 camposque
1141 621 1359 671 natanteis,

260 696 454 738 Incubuit
474 696 640 738 tandem
659 696 858 751 populum
883 694 1108 736 Pandionis
1129 709 1314 735 ornnem:

161 868 237 900 Ver.
256 870 344 898 1158.
367 868 523 897 exhausit:
554 873 598 897 n.
624 869 760 904 examin
784 877 844 897 un-

117 918 158 949 de
173 924 291 948 tentare
304 917 402 956 possis
416 926 490 946 cum
501 917 671 958 perexigua
686 918 846 949 literarum

117 971 308 1001 mutatione:

149 1049 323 1080 Vastavitque
333 1049 399 1078 vias,
409 1048 540 1073 exhaustis
549 1048 652 1073 civibus
662 1049 722 1074 urbe
731 1057 740 1074 .·

119 1124 157 1149 ut
171 1118 357 1149 vocabulum
373 1119 437 1148 vias
458 1117 497 1148 ad
513 1119 584 1149 urbe
600 1118 714 1149 redeat.
761 1118 846 1149 Con-

119 1170 202 1200 feras
230 1176 334 1200 autem
365 1169 458 1199 velim
486 1169 575 1209 Virg.
609 1169 684 1200 AEn.
714 1169 745 1199 ii.
775 1173 847 1200 532.

121 1228 194 1256 564.

165 1283 248 1315 Ibid.
281 1284 412 1315 Vasmvi!
428 1286 501 1315 vias.
543 1284 712 1319 Arnobius,
730 1284 781 1314 lib.
796 1283 848 1314 vii.

125 1345 155 1374 p.
174 1338 314 1365 244.—“
331 1335 486 1364 civitatem
502 1335 665 1374 occoepisse
674 1334 850 1374 pestilentis}

121 1388 145 1404 “
161 1383 307 1416 vastari.”
355 1384 634 1425 Consignatissirna
660 1393 706 1416 est
727 1396 851 1426 quoque

119 1436 270 1466 harumce
286 1436 497 1466 calamitatum
514 1436 678 1476 descriptio
696 1436 850 1472 Gelfiana,

120 1487 155 1517 ii.
174 1491 199 1517 l.
224 1491 246 1505 “
267 1487 306 1517 In
331 1487 415 1517 illius
438 1487 531 1517 etiam
553 1489 735 1526 pestilentiae
757 1489 849 1518 vasti-

121 1541 146 1557 “
161 1544 234 1576 tate,
251 1549 321 1578 quae
344 1539 376 1568 in
391 1538 464 1568 belli
487 1538 749 1577 Peloponnesiaci
765 1539 850 1578 prin-

121 1592 145 1608 “
160 1589 249 1628 cipiis
263 1591 364 1628 ipsam
380 1591 615 1620 Atheniensium
630 1592 783 1620 civilatem
803 1591 850 1620 in-

121 1643 147 1659 “
162 1640 322 1670 ternecino
336 1651 451 1680 genere
462 1641 562 1671 morbi
579 1643 759 1681 depopulata
777 1641 851 1671 est.'’

124 1691 294 1730 Caeterum,
309 1691 541 1722 distinctionem
557 1692 664 1731 paullo
680 1691 853 1731 pleniorem

122 1756 165 1784 τῳ
178 1745 244 1774 vias
260 1744 404 1783 apposui:
432 1754 505 1774 nam
520 1754 610 1774 voces
632 1755 721 1784 agros
736 1755 772 1774 ac
786 1747 852 1775 vias

122 1795 300 1836 significant
335 1798 468 1828 colonias
504 1798 692 1828 suburbanas
698 1812 709 1834 ,·
748 1798 852 1827 urbem

121 1857 237 1884 rursus,
265 1850 401 1879 Athenas
426 1849 517 1888 ipsas.
563 1848 627 1880 His
649 1849 852 1889 opitulabitur

123 1898 253 1937 Seneca,
270 1899 377 1940 OEdip.
395 1904 466 1932 llo.

186 1990 300 2020 Occidis,
315 1990 411 2016 Cadmi
422 1997 550 2023 generosa
559 1990 662 2022 proles!

185 2029 251 2054 Urbe
262 2037 325 2054 cum
338 2030 410 2054 tota:
430 2030 524 2054 viduas
535 2030 625 2054 colonis

185 2068 302 2100 Respicis
311 2073 404 2099 terras,
415 2069 565 2094 miseranda
575 2069 687 2094 Thebe!

167 2147 249 2179 Ibid.
271 2151 407 2180 eoellausit
434 2151 549 2180 civibus
575 2151 695 2180 urbem:
728 2155 766 2180 ut
797 2150 852 2181 So-

123 2199 250 2240 phocles
265 2194 374 2231 itidem
392 2201 432 2231 de
445 2208 540 2241 peste,
557 2201 631 2231 OEd.
648 2201 686 2231 T.
702 2205 752 2232 29.

202 2284 258 2319 “Υφ’
272 2285 298 2311 οὐ
310 2295 412 2312 κίνυται
427 2286 503 2320 δωμοε
519 2286 688 2319 Καδμειον-.

126 2361 218 2394 Nova
232 2362 433 2393 translatione
448 2373 514 2393 rem
527 2369 639 2394 conata
649 2369 696 2394 est
707 2374 857 2395 exornare

125 2413 255 2454 Virgilii
269 2414 425 2454 majestas,
441 2414 482 2445 ad
498 2415 571 2445 AEn.
588 2415 651 2445 viii.
668 2418 739 2446 570.

412 2499 454 2521 tot
465 2496 536 2521 ferro
547 2503 621 2521 saeva
631 2497 745 2522 dedisset

157 2537 266 2565 Funera,
276 2539 334 2559 tam
345 2535 438 2560 multis
448 2535 584 2560 viduasset
595 2536 698 2560 civibus
709 2537 805 2562 urbem.

127 2612 282 2652 Apposite
309 2613 436 2650 Statius,
466 2620 498 2644 et
522 2613 699 2655 magnifice,
730 2614 794 2645 silv.
810 2614 854 2646 iii.

127 2665 158 2695 5·
175 2668 225 2695 72.

142 2744 202 2769 Non
213 2745 281 2770 adeo
293 2745 442 2771 Vesuvinus
453 2753 536 2778 apex,
553 2749 581 2771 et
593 2745 719 2772 flammea
729 2747 780 2771 diri

141 2793 242 2818 Montis
252 2793 360 2826 hyems,
375 2795 491 2828 trepidas
502 2796 620 2821 exhausit
630 2796 734 2821 civibus
745 2796 826 2822 urbes.

130 2866 251 2898 Verum
265 2869 353 2899 enim
367 2869 418 2900 hic
433 2869 668 2904 rescribendum
682 2870 767 2902 dIco:

353 2955 471 2988 trepidas
483 2956 583 2982 exussit
593 2955 695 2983 civibus
706 2957 799 2983 urbes:

891 866 910 897 i.
925 877 951 897 e.
972 879 1152 898 κατεκαυσεν
1179 865 1332 907 αυτανδρες
1360 871 1467 900 maus·
1476 866 1619 906 flammis

889 922 1074 958 consumpsit
1079 934 1090 955 ,·
1116 918 1211 959 longe
1241 918 1397 959 longeque
1426 918 1615 958 elegantius:

889 969 959 999 vide
975 976 1063 1000 notas
1078 980 1182 1008 supra,
1199 969 1239 999 ad
1256 979 1315 999 ver.
1332 973 1370 1000 58
1377 974 1403 1001 9.
1448 970 1549 999 Voces
1564 980 1621 1000 au-

889 1027 953 1051 tem
967 1028 1088 1052 exustus
1104 1028 1134 1051 et
1159 1024 1322 1052 exhaustus
1338 1020 1476 1051 confusae
1493 1027 1566 1051 sunt
1581 1021 1622 1052 ad

890 1073 1008 1102 Lucan.
1025 1073 1064 1103 ix.
1083 1077 1154 1104 964.
1179 1073 1231 1102 Sil.
1250 1073 1319 1103 Ital.
1336 1083 1363 1103 x.
1379 1076 1454 1104 579.
1476 1073 1529 1103 ubi
1545 1084 1621 1104 con-

891 1124 975 1155 sulas
999 1124 1304 1155 Drakenborchium.
1353 1124 1443 1154 Idem
1468 1125 1623 1163 Papinius

891 1178 925 1207 in
955 1178 1088 1208 transitu
1118 1178 1347 1217 emendabitur,
1382 1179 1422 1209 ad
1451 1180 1550 1210 Theb.
1581 1180 1622 1211 xi.

894 1231 966 1259 274.

925 1314 1038 1344 Urbem,
1049 1315 1128 1339 armis
1137 1315 1284 1347 opibusque
1293 1321 1417 1347 gravem,
1425 1318 1453 1341 et
1464 1315 1547 1341 modo
1556 1315 1626 1341 civi-

987 1353 1033 1377 bus
1044 1358 1144 1384 artam,

926 1393 994 1422 Ceu,
1004 1393 1076 1417 coelo
1087 1393 1204 1424 demissa,
1215 1393 1282 1424 lues,
1292 1393 1437 1420 inimicave
1447 1395 1537 1426 teum,

926 1432 1113 1458 Hausisti—.

897 1505 1015 1546 Vulgo,
1031 1509 1167 1537 dimissa.
1214 1506 1332 1537 Confer
1346 1507 1419 1537 ibid.
1436 1507 1487 1538 vii.
1504 1510 1554 1539 25.
1572 1508 1626 1539 Sil.

896 1558 968 1589 Ital.
990 1558 1054 1589 viii.
1081 1562 1153 1590 405.
1185 1559 1305 1589 Lucan.
1330 1559 1391 1589 viii.
1418 1563 1490 1590 255.
1539 1560 1627 1590 Sido-

895 1610 968 1641 nius
998 1610 1202 1649 Apollinaris,
1229 1620 1257 1641 v.
1282 1614 1355 1642 588.
1387 1611 1430 1640 ita
1455 1611 1495 1641 de
1522 1613 1628 1643 tellure

896 1662 1049 1703 quadam:

1249 1740 1329 1769 bove,
1341 1739 1430 1771 fruge,
1442 1739 1554 1770 colono,

957 1778 1076 1809 Civibus,
1087 1778 1213 1803 exhausta
1229 1781 1335 1802 εει--

897 1854 1009 1892 Porro,
1031 1853 1241 1883 nobilissimos
1254 1853 1307 1883 hic
1331 1863 1405 1883 sane
1419 1863 1525 1883 versus
1539 1853 1630 1883 nobis

893 1904 1034 1944 profudit
1049 1904 1148 1934 divini
1171 1905 1271 1943 poetae
1294 1904 1393 1934 nostri
1413 1911 1537 1942 pectus3
1558 1913 1630 1934 meo

894 1965 1001 1988 tamen
1013 1946 1143 1998 judicio,
1160 1957 1264 1996 palma
1278 1956 1450 1987 deferenda
1464 1963 1512 1987 est
1529 1967 1631 1998 praeg-

895 2012 985 2042 nanti
1016 2011 1269 2043 Manilianorum
1301 2010 1500 2049 sublimitati,
1538 2009 1577 2041 ad
1607 2009 1627 2040 i.

897 2068 969 2096 882.

929 2151 1020 2183 Qualis
1030 2151 1193 2176 Erechtheos
1205 2152 1285 2183 pestis
1297 2151 1425 2183 populata
1437 2151 1546 2176 colonos

928 2192 1035 2216 Extulit
1045 2193 1168 2223 antiquas
1180 2199 1227 2224 per
1239 2192 1335 2217 funera
1347 2191 1418 2223 pacis
1429 2191 1558 2217 Athenas.

902 2268 1068 2304 Quantum
1104 2267 1246 2307 simplice
1281 2267 1415 2297 disticho
1451 2264 1633 2306 complexus

900 2319 959 2350 est!

945 2372 1017 2403 Ver.
1038 2376 1128 2404 1159.
1146 2374 1262 2414 finibus
1274 2386 1284 2403 :
1310 2371 1455 2409 editores,
1469 2383 1484 2402 e
1489 2372 1614 2414 finibus
1619 2387 1632 2409 ,-

900 2426 986 2457 libris
1015 2427 1144 2457 vetustis
1172 2427 1393 2457 renuentibus:
1427 2425 1501 2456 satis
1528 2425 1634 2465 impu·

899 2477 1020 2517 denter,
1051 2484 1144 2519 atque
1173 2488 1229 2517 pro
1259 2478 1561 2517 imperim—ortus:
1596 2476 1634 2507 P.

896 2542 1002 2566 οτι-κε,-
1028 2535 1063 2561 Δ.
1080 2533 1196 2561 orchus.

943 2589 1024 2620 Ibid.
1043 2590 1131 2620 Ordo
1140 2596 1198 2620 est:
1218 2591 1316 2627 1Vam,
1333 2594 1417 2620 ortus
1424 2590 1562 2629 penitus‚·
1579 2587 1639 2623 Le.

897 2642 1102 2682 penitissimis
1116 2648 1146 2672 et
1159 2642 1273 2672 abditis
1288 2647 1370 2672 retro
1380 2648 1471 2671 terrae
1485 2640 1636 2679 partibus,

898 2692 1062 2733 AEtlziopici
1092 2693 1219 2731 scilicet,
1254 2693 1410 2733 originem
1434 2693 1567 2728 habens;
1589 2701 1637 2723 ve-

900 2748 988 2776 niens
1012 2752 1120 2775 autem
1143 2745 1247 2776 statim
1275 2755 1313 2775 ex
1333 2747 1473 2784 AEgypto
1499 2743 1533 2773 in
1549 2743 1636 2774 Atti-

900 2808 979 2828 cam.
1027 2797 1077 2827 Sic
1103 2797 1168 2827 dux
1183 2795 1396 2836 Thucydides,
1422 2795 1455 2825 ii.
1469 2798 1521 2825 48.
1544 2796 1635 2837 Ἠρξα-

902 2864 935 2881 το
951 2849 979 2880 δε
995 2863 1027 2880 το
1041 2862 1092 2889 μεν
1108 2861 1215 2891 xpm-ov
1228 2850 1259 2890 (ἡ
1276 2848 1378 2888 νου-ος),
1394 2848 1429 2882 ὦς
1446 2854 1581 2887 Myse-au,
1608 2848 1637 2885 εξ

901 2904 1045 2935 Aialon-ms
1062 2914 1114 2935 της
1142 2901 1210 2943 ὑπὲρ
1232 2905 1383 2940 Αιγυττε·
1406 2911 1508 2930 ετειτιι
1532 2897 1560 2929 δε
1585 2911 1636 2928 και

903 2967 928 2989 ες
944 2960 1096 2996 Αιγυπτον
1118 2966 1169 2985 και
1192 2953 1293 2986 Λιὲυπν
1315 2949 1635 2986 κατιέη.-Οοιιῖεῐ35

846 3015 946 3046 Bb2
