1926 3224
630 255 861 303 LIBER
909 254 1266 311 QUINTUS.

1617 261 1678 300 29

342 387 570 444 Flabraque
588 393 806 428 ventorum
826 384 1005 426 violento
1025 384 1188 426 turbine
1206 391 1368 426 vexant.

397 462 616 511 Praeterea,
638 475 767 517 genus
787 458 1034 500 horriferum
1055 458 1217 500 Natura
1234 458 1427 508 ferarum,

223 540 306 576 220
339 535 551 576 Humanae
571 533 683 589 genti
702 531 907 580 infestum,
929 531 1118 586 terrfique
1136 533 1335 587 marique,

336 608 458 656 Quur
478 605 562 654 alit,
585 612 706 658 atque
726 602 871 659 auget?
902 617 1008 658 quur
1028 604 1125 644 anni
1147 612 1333 659 tempora
1352 605 1516 647 morbos

335 676 595 732 Adportant?
627 674 706 732 qu&
728 690 772 716 re
793 674 913 716 Mors
931 675 1138 717 inmatura
1156 677 1351 733 vagatur?

390 751 501 793 Tum
521 765 647 806 porro
666 764 784 805 puer,
806 757 852 790 ut
871 749 988 792 saevis
1006 750 1210 806 projectus
1231 750 1283 792 ab
1303 751 1422 792 undis

184 910 238 947 sol,
260 908 308 939 vel
330 907 514 943 matutinus,
537 906 671 938 invicem
690 912 903 947 opponuntur:

186 960 293 992 redeas
314 960 355 991 ad
377 965 483 990 notata
499 960 532 990 in
547 959 589 990 iii.
605 961 698 990 1057.
723 965 755 990 et
778 970 909 990 manum

185 1012 279 1043 dabis.
326 1011 480 1043 Consulas
506 1010 601 1041 etiam
615 1021 677 1042 ver.
692 1015 764 1042 268.
789 1012 849 1042 hoc
870 1011 908 1041 li-

187 1065 253 1095 bro.

227 1115 302 1145 Ver.
317 1118 389 1146 217.
411 1116 521 1146 subitei
535 1115 659 1146 imbres:
684 1114 704 1146 i.
721 1124 747 1145 e.
770 1114 907 1145 subeun-

183 1172 238 1203 tes,
257 1172 367 1206 praeter
381 1177 467 1206 spem
483 1166 697 1203 obvenientes;
720 1165 812 1197 adeas
826 1166 909 1197 dicta

182 1217 273 1248 nobis
287 1217 360 1248 inii.
376 1221 448 1249 565.
468 1217 645 1253 Suetonius,
661 1216 706 1246 iii.
721 1219 770 1247 14.
789 1220 811 1235 “
822 1218 906 1253 Arae,

181 1270 205 1286 “
221 1274 330 1307 sponte
357 1269 475 1304 subicis,
512 1267 712 1298 conlucerent
739 1267 904 1307 ignibus?

179 1318 202 1348 i.
219 1329 244 1349 e.
267 1325 376 1359 sponte
391 1319 636 1350 ascendentibus.
680 1319 732 1349 Ita
752 1318 811 1349 loci
831 1329 906 1350 con-

181 1369 383 1400 structionem
398 1370 508 1409 capias.

222 1421 303 1452 Ibid.
314 1423 483 1462 gelidaeque
493 1423 630 1461 pruinae,
644 1423 677 1453 F
677 1423 820 1462 labraque
836 1433 904 1454 ven-

180 1477 289 1502 torum.
325 1471 491 1511 Virgilius,
506 1481 574 1512 geo.
589 1471 621 1502 ii.
638 1475 709 1502 265.

364 1543 402 1567 ·ic1
412 1542 489 1568 venei
500 1545 606 1573 curant,
613 1542 750 1575 gelidaeque
757 1543 873 1575 pruine:

179 1617 270 1653 atque
285 1621 360 1642 mox
375 1611 491 1642 ibidem
506 1610 570 1649 ille,
587 1610 628 1640 ad
641 1620 702 1640 ver.
717 1614 790 1642 295.

177 1693 257 1723 Ergo,
267 1697 322 1715 non
332 1690 426 1722 hyemes
436 1690 520 1720 illam,
532 1695 587 1714 non
595 1688 693 1720 flabra,
704 1696 792 1722 neque
802 1690 900 1722 imbres,

178 1730 412 1757 Convellunt—.

217 1802 293 1833 Ver.
310 1805 382 1834 218.
401 1804 520 1836 Flabra
536 1808 690 1835 ventorum
706 1810 821 1835 vexant.
847 1803 901 1834 Se-

174 1865 262 1892 neca,
279 1859 342 1885 nat.
358 1860 477 1896 quaestt.
492 1854 535 1885 iii.
550 1857 601 1886 28.
625 1857 647 1873 “
666 1855 758 1893 Sunt,
778 1855 832 1896 qui
847 1865 900 1886 ex-

175 1909 198 1925 “
213 1906 359 1942 istimenss
375 1905 552 1937 immodicis
567 1907 712 1937 imbribus
722 1908 826 1937 vexari
840 1913 900 1937 ter-

177 1960 200 1975 “
215 1967 264 1987 ras
278 1967 376 1996 posse,
392 1967 457 1988 non
472 1957 593 1988 obrui.”
630 1957 675 1988 Et
688 1957 773 1988 haud
789 1957 902 1989 dubius

174 2007 305 2038 dixerim
316 2008 380 2038 huc
395 2007 501 2039 oculos
513 2008 692 2039 Arnobium
707 2009 900 2046 convertisse,

174 2058 225 2089 lib.
241 2058 281 2089 vi.
303 2069 334 2098 p.
353 2061 424 2091 191.
447 2062 470 2078 “
486 2058 657 2099 Hyemalia
670 2059 809 2090 sentiunt
824 2060 899 2102 (dii)

174 2110 341 2150 “frigora,
367 2115 422 2141 aut
450 2111 560 2142 solibus
585 2117 739 2142 torrentur
769 2111 898 2144 aestivis?

173 2164 195 2179 “
212 2160 407 2191 Pluvialibus
430 2162 542 2192 nimbis
566 2160 777 2201 perfluuntur;
799 2168 899 2193 vento-

174 2215 196 2230 “
212 2223 280 2242 rum
295 2222 349 2242 eos
362 2217 418 2242 aut
439 2213 574 2243 turbines
587 2213 900 2253 vexant?”—-Porro,

174 2269 279 2293 vexant
309 2262 404 2301 valet,
440 2265 581 2301 evellunt,
610 2265 763 2300 lacerant‚-
801 2275 898 2304 quum

173 2314 213 2343 sit
234 2314 452 2345 efficacissimae
474 2315 520 2344 vis
549 2314 750 2346 vocabulum:
776 2315 845 2346 vide
859 2317 900 2347 sis

173 2363 214 2394 ad
227 2363 266 2395 vi.
282 2368 352 2397 429.

216 2413 298 2444 Ibid.
320 2421 472 2447 ventorum
495 2417 623 2448 turbine.
668 2417 757 2448 Hinc
774 2418 898 2448 facilem

171 2464 307 2495 admittit
318 2466 554 2505 explicationem
566 2467 700 2508 figurata
710 2468 794 2498 Flori
805 2469 897 2508 phra-

171 2519 221 2555 sis,
237 2529 313 2550 crux
329 2525 361 2549 et
376 2519 547 2551 ludibrium
561 2521 735 2558 doctorum,
754 2522 795 2553 ad
809 2523 853 2554 iii.
869 2526 898 2555 5.

171 2576 199 2601 8.
222 2575 241 2590 “
260 2572 386 2602 Italiam
413 2573 492 2613 jam,
522 2574 683 2615 ipsamque
704 2576 815 2606 urbem
830 2576 896 2606 Ro-

171 2627 191 2641 “
207 2634 307 2662 mam,
337 2624 442 2665 regius
471 2631 568 2656 terror
594 2626 748 2667 afflabat.'’
792 2627 896 2658 Nimi-

170 2685 253 2711 rum,
266 2675 360 2706 modo
375 2676 566 2713 ὢχραις-*ί
583 2677 703 2708 subitus
712 2679 797 2709 curbo
810 2678 896 2710 Pon-

168 2730 188 2745 “
203 2727 257 2757 tici
272 2727 522 2768 belli—erupit.”

209 2779 286 2810 Ver.
300 2783 375 2812 219.
401 2792 500 2821 genus
525 2781 708 2822 lzorrifizrum
727 2783 891 2823 serarum:

165 2831 284 2870 phrasis
308 2838 354 2862 est
378 2833 655 2864 Lucretianissima
680 2834 807 2873 scilicet,
830 2836 895 2866 vice

163 2894 260 2922 genus
275 2885 496 2928 horr-{ferarum
509 2887 674 2927 ferarum:
701 2887 741 2918 de
754 2887 817 2929 (1υὲ
838 2899 896 2918 nos

167 2934 209 2965 ad
223 2935 243 2967 i.
259 2939 332 2968 475.
356 2943 388 2968 et
403 2938 478 2970 alibi
493 2938 637 2978 Plautus,
649 2939 742 2980 Epid.
761 2939 780 2971 i.
797 2944 825 2973 1.
842 2943 892 2972 16.

984 906 1149 939 Caprigenum
1167 907 1295 932 hominum
1315 913 1369 932 non
1387 907 1475 940 placet
1492 907 1570 939 mihi,
1590 914 1675 940 neque

1042 947 1233 979 muniminum,
1244 955 1334 979 genus.

952 1008 1062 1046 Porro,
1079 1021 1176 1049 genus
1190 1010 1372 1051 horriferum
1384 1010 1530 1052 serarum
1546 1011 1675 1051 opponi-

951 1066 1004 1091 tur
1024 1065 1044 1080 “
1060 1064 1131 1092 miti
1144 1062 1282 1092 ferarum
1296 1062 1434 1102 generi‚”
1455 1062 1495 1092 ad
1514 1063 1676 1103 incorrup-

950 1113 1102 1144 tissimam
1118 1113 1295 1152 lectionem,
1318 1114 1506 1145 vindicatam
1521 1115 1619 1151 nobis,
1644 1116 1675 1146 in

950 1167 970 1196 i.
988 1169 1037 1196 14.
1059 1176 1114 1196 seu
1123 1166 1208 1207 feris
1225 1167 1403 1206 pecudibus.
1448 1167 1558 1202 Varro,
1582 1167 1622 1197 de
1643 1178 1676 1197 re

950 1223 1025 1248 rust.
1041 1217 1072 1248 ii.
1089 1220 1118 1248 1.
1136 1221 1166 1249 5.
1187 1221 1208 1236 “
1224 1218 1332 1249 Etiam
1347 1227 1433 1248 nunc
1455 1217 1488 1247 in
1502 1216 1579 1248 locis
1593 1219 1675 1248 mul-

950 1272 970 1287 “
985 1269 1025 1299 tis
1046 1280 1162 1311 genera
1178 1272 1334 1310 pecudum
1348 1271 1494 1311 ferarum
1521 1276 1594 1301 sunt
1619 1272 1674 1302 ali-

947 1323 969 1339 “
985 1322 1133 1362 quot—.'’
1156 1322 1206 1353 Sic
1220 1322 1316 1360 idem,
1335 1322 1409 1353 ibid.
1425 1326 1453 1353 2.
1470 1326 1498 1353 2.
1515 1328 1545 1352 et
1559 1325 1588 1352 5.
1603 1326 1633 1352 5.

990 1372 1066 1403 Ver.
1080 1376 1153 1404 221.
1173 1375 1276 1408 Quur:
1303 1373 1346 1403 ita
1361 1373 1442 1405 clare
1458 1380 1498 1404 n.
1517 1379 1547 1403 et
1562 1373 1674 1409 statim,

953 1425 1027 1459 Qur.

993 1476 1076 1506 Ibid.
1101 1479 1180 1509 anni
1204 1483 1357 1518 tempora:
1393 1477 1412 1508 i.
1428 1488 1456 1509 e.
1488 1484 1673 1519 tempestates

949 1526 1115 1565 quaepiam,
1137 1533 1174 1558 ut
1196 1530 1341 1559 autumni
1362 1534 1453 1567 puta:
1491 1529 1562 1560 vide
1576 1529 1608 1559 ii.
1622 1532 1673 1559 51.

948 1578 999 1606 52.

991 1627 1065 1657 Ver.
1098 1631 1168 1659 222.
1209 1631 1385 1670 Adporlant
1420 1631 1544 1660 morbos.
1599 1629 1674 1660 Non

946 1677 1048 1707 multo
1083 1678 1182 1715 aliter,
1212 1686 1244 1710 et
1279 1680 1314 1710 in
1343 1679 1498 1711 consimili
1531 1681 1671 1718 materie,

946 1727 1088 1767 Flaccus,
1105 1730 1192 1768 epist.
1208 1731 1228 1760 i.
1244 1734 1272 1762 7.
1289 1736 1317 1762 9.

1127 1801 1238 1827 Adducit
1246 1802 1342 1834 febres.

988 1872 1069 1904 Ibid.
1093 1874 1180 1905 Mors
1194 1874 1363 1904 inmatura.
1410 1873 1516 1912 Maro,
1541 1875 1613 1906 AEn.
1631 1877 1669 1906 xi.

947 1926 1017 1954 166.

1201 1997 1290 2030 Quod,
1300 1997 1322 2022 si
1331 1998 1461 2023 inmatura
1472 1998 1600 2023 manebat

1006 2039 1077 2062 Mors
1086 2041 1272 2070 gnatum—.

986 2108 1062 2139 Ver.
1080 2113 1150 2141 225.
1181 2112 1278 2142 Tum:
1315 2115 1350 2143 Σ.
1374 2113 1592 2151 Cum-porro
1614 2119 1666 2143 ut.-

946 2165 988 2190 Π.
1005 2170 1070 2190 vero
1085 2166 1122 2191 et.

988 2211 1068 2241 Ibid.
1091 2214 1178 2243 saevis
1193 2213 1346 2254 projectus
1367 2214 1405 2243 ab
1426 2214 1517 2244 undis
1535 2215 1665 2245 Navita.

940 2261 1081 2293 vPulchre
1110 2263 1312 2302 politissimus
1339 2263 1480 2300 Ovidius,
1512 2274 1550 2295 ex
1575 2265 1667 2296 Pont.

942 2314 974 2345 ii.
990 2318 1019 2345 5.
1037 2317 1087 2346 27.

974 2388 1011 2410 Ut
1022 2386 1079 2411 fera
1090 2387 1212 2412 nimboso
1223 2389 1359 2413 tonuerunt
1368 2393 1479 2418 aequora
1490 2390 1584 2418 vento,

1002 2427 1032 2450 In
1043 2426 1137 2450 mediis
1144 2426 1232 2451 lacera
1243 2434 1332 2459 puppe
1340 2427 1476 2457 relinquor
1485 2427 1560 2457 aquis
1570 2434 1576 2450 ε

972 2466 1097 2496 Cumque
1108 2465 1152 2490 alii
1162 2465 1248 2490 nolint
1259 2466 1340 2490 etiam
1353 2472 1398 2490 me
1409 2472 1485 2490 nosse
1495 2466 1590 2495 videri,

1003 2505 1057 2529 Vix
1067 2505 1121 2530 duo
1129 2505 1246 2537 projecto,
1260 2509 1360 2534 tresve,
1376 2504 1472 2529 tulistis
1483 2512 1573 2537 opem.

942 2579 984 2610 In
999 2580 1101 2619 primo
1116 2590 1205 2610 versu
1220 2579 1290 2610 libri
1312 2579 1465 2611 fluctuant
1478 2580 1559 2610 inter
1578 2590 1668 2611 voces

940 2637 1125 2666 tumuerunt,
1151 2632 1531 2669 tenueruntstimuemmt,
1560 2642 1667 2662 sonue-

940 2689 1026 2721 runt,
1053 2689 1084 2713 et
1102 2693 1197 2723 quam
1221 2683 1415 2713 restituimus
1436 2683 1546 2721 po'e'tae‚
1573 2683 1668 2723 longe

939 2734 1203 2764 venustissimam»
1220 2733 1580 2774 incorruptissimamque
1585 2746 1594 2771 3
1618 2734 1667 2764 uti

939 2785 1014 2815 scite
1037 2785 1240 2815 Burmannus
1269 2785 1363 2815 etiam
1385 2784 1551 2825 judicavit:
1575 2784 1667 2814 adeas

938 2836 1220 2867 animadversiones
1244 2846 1330 2866 mem
1356 2835 1389 2865 in
1405 2835 1494 2876 Virg.
1523 2836 1596 2865 AEn.
1613 2835 1666 2865 xii.

937 2891 1010 2919 566.
1055 2888 1222 2926 Praeterea,
1251 2887 1417 2927 Apuleius,
1444 2893 1518 2917 met.
1533 2887 1552 2916 i.
1570 2897 1599 2925 p.
1615 2889 1665 2916 50.

938 2946 1083 2972 nostrum
1098 2950 1201 2981 presse
1215 2941 1399 2972 subsecutus
1414 2945 1472 2972 εδει
1495 2942 1516 2958 “
1533 2938 1580 2969 At
1595 2946 1664 2977 ego,
