1926 3224
593 235 826 286 LIBER
869 232 1227 292 QUINTUS.

1562 233 1651 276 137

311 370 470 413 Multus
489 370 600 412 enim
620 369 744 419 calor,
766 377 889 424 atque
907 367 1072 416 humor,
1095 361 1310 419 superabat
1329 361 1373 402 in
1393 360 1509 401 arvis.

197 450 277 487 805
310 445 424 495 Hoc,
448 445 518 487 ubi
538 459 711 500 quaeque
730 443 808 484 loci
828 443 943 499 regio
964 441 1198 495 obportuna
1217 437 1405 484 dabatur,

310 519 559 561 Crescebant
578 518 707 559 uterei
727 516 850 565 terra,
873 514 1078 555 radicibus
1098 512 1221 566 aptei:

309 593 427 642 Quos
446 592 516 633 ubi
536 599 721 644 tempore
740 597 903 629 maturo
922 584 1168 641 patefecerat
1187 592 1286 624 aetas

162 752 182 767 ‘⁶
198 747 291 788 liique
305 745 496 776 decretum.”
541 744 620 775 Mox
636 753 748 783 corpus
768 742 885 773 ibidem

164 804 299 833 matur,
317 798 472 836 pelliculis
484 801 515 826 et
531 796 660 826 cutibus.
708 795 785 824 Huc
807 793 888 824 refe-

161 858 211 879 ras
227 847 405 878 Anaxarchi
421 846 542 877 dictum
563 845 647 885 apud
671 846 765 885 Diog.
784 845 886 875 La'e'rt.

162 899 204 930 ix.
227 903 276 931 59.
301 911 403 930 πτισσε
430 912 477 928 τον
501 899 660 939 Αναξαρχε
686 902 887 927 ΘΎΛΑΚΟΝ·

159 951 328 991 Δναξιιρχον
343 950 370 981 δε
387 962 404 980 υ
419 956 580 982 τλῆτε-εις,-
599 949 617 977 i.
629 959 655 978 e.
671 961 768 978 oso-nov·
781 954 887 982 utrem,

159 1002 209 1032 vel
213 1002 331 1043 sallem.
378 1000 494 1032 Confer
519 999 708 1031 Tertulliani
730 999 884 1039 apologet.

159 1055 219 1085 sub
233 1053 337 1083 finem.
384 1052 475 1083 Idem
490 1062 554 1082 non
569 1062 643 1082 curn
657 1051 745 1081 nulla
759 1051 885 1092 elegan-

159 1104 216 1143 tia,
240 1104 279 1134 de
294 1114 350 1134 res.
366 1113 447 1134 carn.
459 1109 531 1133 sect.
547 1106 598 1134 52.
627 1106 649 1121 “
668 1102 786 1133 Seritur
801 1102 886 1132 enim

160 1158 184 1175 ‘⁸
200 1154 400 1186 solummodo
414 1165 560 1195 granum,
576 1154 643 1184 sine
647 1153 789 1194 folliculi
800 1160 885 1190 veste,

160 1209 184 1225 “
199 1206 267 1237 sine
292 1205 502 1236 fundamento
528 1204 663 1245 spicae:'’
688 1210 719 1234 et
741 1214 812 1244 quae
838 1214 884 1234 se-

161 1263 312 1298 quuntur,
329 1267 384 1296 per
395 1255 610 1286 solertissimas
618 1255 786 1286 antitheses
800 1264 886 1286 com-

158 1307 315 1348 paginata-

207 1358 288 1389 Ibid.
311 1360 450 1389 lereteis:
478 1357 501 1388 i.
518 1368 544 1388 e.
566 1357 717 1388 rotundos
731 1364 762 1388 et
776 1357 885 1388 oblon-

157 1419 226 1450 gos,
256 1409 296 1439 ad
325 1409 558 1448 proportionem
584 1409 720 1448 corporis
746 1409 887 1440 similiter

159 1461 288 1492 tornati:
318 1460 388 1490 vide
405 1460 560 1496 Servium,
585 1460 625 1490 ad
643 1459 731 1500 Virg.
754 1460 809 1491 ecl.
825 1461 887 1492 viii.

159 1515 206 1543 16.
232 1511 275 1541 ita
297 1516 402 1541 tamen
417 1517 452 1541 ut
477 1513 638 1541 tenuitatis
660 1511 819 1551 quendam
842 1512 887 1541 1ae

159 1568 280 1593 tentem
294 1573 421 1594 sensum
436 1572 497 1592 vox
510 1562 545 1592 in
561 1572 593 1592 se
602 1562 753 1600 videatur,
770 1569 806 1592 ut
817 1563 887 1602 plu-

157 1614 286 1649 rimum,
319 1613 550 1652 nobismetipsis
575 1612 686 1642 saltem
714 1613 885 1644 includere.

155 1665 311 1706 Pelignus
324 1671 418 1703 vates,
442 1671 498 1696 art.
513 1675 576 1695 am.
594 1665 637 1697 iii.
654 1668 704 1696 77.

187 1732 327 1765 Anguibus
337 1731 452 1757 exuitur
460 1730 531 1755 tenui
541 1737 606 1756 cum
618 1730 683 1763 pelle
694 1733 825 1756 vetustas.

157 1790 267 1826 Porro,
297 1789 444 1820 nonnulli
470 1789 580 1820 volunt
609 1799 759 1828 reponere
783 1797 885 1829 male,

156 1852 215 1883 pro
228 1848 348 1877 aestate5
374 1841 505 1872 forsitan
526 1842 594 1871 sine
607 1841 725 1872 fructu:
753 1848 886 1872 reverta-

156 1896 200 1927 ris
215 1896 256 1927 ad
269 1896 308 1926 iv.
333 1899 382 1927 56.
409 1906 467 1926 nec
495 1910 528 1927 ‘ro
549 1903 653 1927 aestate
677 1906 743 1926 non
768 1897 886 1936 opt-ime

156 1947 304 1988 congruit
329 1961 386 1982 τοις
411 1954 540 1988 tempore
569 1959 657 1979 verno
681 1948 786 1979 statim
806 1959 884 1987 prae-

155 1999 278 2039 gressis.
301 1999 460 2040 Denique,
472 1998 566 2039 longe
578 1999 804 2038 appositissima
812 2006 886 2030 sunt

155 2049 205 2080 his
232 2050 437 2086 Lucrefianis,
461 2057 492 2080 et
515 2049 691 2087 lectoribus,
714 2052 829 2091 quibus
850 2061 884 2082 o-

155 2100 238 2132 tium
267 2101 412 2141 suppetit,
443 2102 559 2133 debent
587 2102 719 2133 omnino
749 2103 882 2141 consuli,

155 2162 227 2193 quae
241 2152 276 2182 in
290 2152 494 2193 cosmogonia
514 2151 571 2184 sui
593 2153 779 2184 declaranda
804 2155 883 2184 Dio-

156 2202 252 2233 dorus
268 2203 392 2234 Siculus
405 2205 577 2244 proposuit,
593 2204 627 2235 in
642 2204 662 2235 i.
679 2208 707 2236 7.
729 2205 885 2235 Lambino

156 2253 301 2285 laudatus
315 2261 346 2286 et
361 2255 546 2295 adscriptus:
573 2256 628 2286 sed
649 2256 740 2287 nobis
761 2267 826 2286 non
843 2257 881 2286 li-

156 2310 207 2336 cet
221 2315 286 2336 esse
301 2312 365 2336 tam
379 2307 515 2346 prolixis.

199 2357 274 2388 Ver.
287 2361 357 2389 802.
380 2361 511 2390 victum:
536 2359 556 2390 i.
572 2370 597 2390 e.
623 2359 746 2396 cibum;
769 2362 879 2391 vitam:

156 2409 179 2440 i.
207 2419 234 2440 e.
267 2409 339 2439 aera
365 2416 396 2440 et
418 2411 539 2448 lucem3
569 2412 682 2452 quibus
705 2411 885 2442 hauriendis

157 2461 380 2502 carpendisque
394 2463 457 2493 vita
471 2463 658 2494 animalium
676 2469 881 2495 sustentatur:

157 2513 227 2543 vide
243 2523 304 2544 ver.
321 2517 393 2544 808.

199 2564 274 2594 Ver.
291 2568 361 2595 805.
391 2567 470 2596 Tum
484 2567 552 2597 tibi.-
580 2572 621 2597 Π.
642 2568 731 2597 Tunc
746 2568 821 2601 tibi;
847 2567 883 2597 P.

160 2619 252 2649 Tunc
277 2620 336 2655 ibz';
360 2618 444 2659 quod
469 2619 678 2660 undequaque
704 2620 807 2660 pejus:
833 2631 880 2652 re-

155 2669 286 2711 gredere
300 2680 362 2701 ver.
380 2675 451 2702 961.

198 2721 283 2752 Ibid.
300 2728 382 2752 terra
399 2724 492 2753 dedit.
518 2722 572 2752 Ad
586 2723 670 2753 hunc
687 2722 793 2753 locum
807 2723 882 2753 faci-

157 2777 218 2803 unt
245 2772 374 2812 pulchre
399 2783 505 2803 versus
538 2773 635 2804 Marii
665 2773 810 2810 Victoris,
849 2774 883 2804 in

161 2833 233 2864 gen.
247 2823 268 2854 i.
287 2827 355 2856 199.

172 2889 286 2920 Jamque
295 2892 390 2922 tepens
400 2891 478 2916 tellus
489 2891 612 2923 gravidos
627 2891 766 2917 laxaverat
776 2895 849 2916 artus
859 2901 867 2922 3

179 2928 263 2960 Cum,
273 2930 373 2962 majora
384 2931 496 2963 agitans,
504 2930 579 2962 jussit
590 2933 660 2956 Deus
671 2931 750 2958 edere
759 2936 860 2957 terram
909 2954 912 2956 .

947 740 1036 766 Omne
1045 736 1155 768 animal,
1167 739 1276 769 vegetat
1286 736 1355 760 ratio
1367 735 1439 766 quod
1450 734 1504 759 sola
1517 735 1653 758 movendi.

934 814 1089 855 Origenes
1103 818 1184 843 cont.
1201 810 1282 842 Cels.
1305 810 1358 840 lib.
1381 810 1400 840 i.
1423 820 1452 849 p.
1477 813 1525 840 29.
1550 815 1582 839 Ea
1602 823 1660 850 γαρ

933 879 1049 906 syenna-03
1067 867 1079 895 ὃ
1095 877 1208 904 nocuos,
1236 864 1270 897 ὦς
1295 876 1344 893 και
1368 869 1488 895 aroxio&
1512 861 1659 893 Ἐλληνων

934 930 1030 959 ἤρεσεν,
1055 929 1175 956 αναγκῆ
1203 927 1252 948 *785
1280 926 1394 956 τρωγες
1416 927 1459 953 μη
1484 926 1514 943 ΕΖ
1531 925 1658 947 ffvvlssmoeg

933 981 1088 1009 γεγονεναι,
1111 968 1183 997 αλλ’
1209 978 1270 996 mro
1293 980 1361 1006 γης,
1384 978 1587 1007 σπερματικων
1608 972 1658 996 λο-

932 1033 991 1060 γων
1006 1032 1172 1050 συσταντων
1191 1031 1216 1048 εν
1232 1031 1269 1060 τῃ
1285 1031 1334 1059 γῃ.

972 1078 1047 1108 Ver.
1063 1080 1135 1108 804.
1158 1078 1242 1107 calor
1256 1082 1347 1117 atque
1367 1079 1475 1107 humor
1496 1077 1657 1115 superabat

929 1132 963 1161 in
979 1132 1078 1161 arvis.-
1097 1135 1133 1159 ut
1147 1135 1278 1168 tempore
1293 1138 1383 1159 verno
1399 1127 1515 1157 scilicet
1529 1136 1659 1157 nascen-

929 1182 969 1212 tis
982 1181 1103 1212 mundi.
1127 1180 1284 1221 Virgilius
1306 1179 1452 1210 nonnihil
1473 1179 1548 1208 hinc
1562 1178 1658 1208 deflo-

929 1234 1019 1270 ravit,
1034 1233 1074 1263 ad
1088 1242 1159 1274 geo,
1173 1232 1205 1262 ii.
1221 1235 1294 1263 550.
1309 1242 1359 1262 ver
1374 1230 1483 1267 fusius,
1496 1235 1527 1259 et
1536 1239 1574 1259 ex
1586 1239 1658 1269 pro-

929 1284 1022 1321 faeso,
1045 1284 1231 1324 praedicans:

930 1371 1045 1394 Parturit
1056 1369 1144 1394 almus
1153 1375 1232 1400 agen
1245 1367 1416 1400 Zephyrique
1428 1366 1568 1399 tepentibus
1577 1366 1649 1390 auris

930 1411 1040 1434 Laxant
1051 1415 1116 1433 arva
1127 1408 1214 1432 sinus:
1226 1410 1328 1439 superat
1336 1410 1413 1432 tener
1421 1406 1546 1431 omnibus
1557 1407 1657 1430 humor:

930 1483 951 1514 i.
967 1493 993 1514 e.
1014 1484 1152 1513 omnibus
1167 1483 1266 1519 arvis‚·
1287 1481 1336 1512 uti
1357 1491 1417 1512 nos
1436 1481 1529 1512 docet
1542 1482 1658 1512 Lucre-

932 1534 994 1564 tius
1009 1533 1214 1572 interpretari.
1259 1532 1537 1564 Tacenteditores.
1561 1534 1659 1573 Supe-

931 1586 1021 1616 rabat
1049 1590 1157 1615 autem
1187 1588 1233 1614 est
1261 1585 1448 1621 abundabat,
1483 1596 1659 1627 ετερισσευεν-

932 1636 980 1666 uti
1003 1636 1114 1676 glossae
1128 1641 1260 1666 veterae:
1286 1635 1393 1666 videas
1414 1635 1511 1665 etiam
1537 1634 1660 1664 Sallust.

935 1686 1026 1716 Catil.
1042 1696 1092 1716 xx.
1109 1690 1159 1716 ll.
1175 1686 1280 1726 ibique
1298 1686 1455 1722 Conium,
1467 1695 1542 1716 cum
1553 1684 1661 1715 Nonio

935 1737 1101 1775 Marcello,
1124 1738 1162 1767 iv.
1180 1741 1253 1768 414.

974 1797 1047 1827 Ver.
1064 1800 1135 1829 805.
1160 1800 1247 1829 Huc:
1272 1798 1292 1827 i.
1308 1807 1333 1828 e.
1348 1798 1408 1827 hoc
1423 1797 1533 1834 mod03
1556 1796 1660 1827 videas

929 1857 982 1878 me
997 1848 1037 1878 ad
1051 1848 1172 1878 ἰὶ.194.
1186 1848 1226 1878 ἰν.
1241 1851 1314 1879 561.
1331 1851 1402 1878 626.
1427 1850 1499 1878 775.
1523 1854 1554 1877 et
1576 1848 1660 1878 alibi.

931 1899 982 1929 Sic
996 1904 1102 1930 autem
1117 1899 1256 1939 positum
1270 1904 1317 1928 est
1338 1898 1371 1928 in
1386 1898 1424 1928 L.
1441 1899 1489 1928 M.
1508 1899 1548 1929 Ο.
1567 1905 1607 1930 Π.
1624 1904 1660 1931 Σ.

931 1957 976 1982 Ω..
993 1951 1164 1981 verissime:
1192 1951 1230 1981 P.
1245 1949 1345 1981 Vind.
1368 1950 1406 1980 Β.
1430 1956 1465 1981 Δ.
1490 1952 1594 1987 Hz'nc;
1621 1962 1659 1981 ex

929 2001 1046 2042 glossa:
1066 2003 1107 2033 V.
1123 2002 1171 2033 ed.
1190 2004 1272 2033 Hec:
1290 2001 1455 2033 Bentleius
1468 2002 1579 2041 reponi
1589 2002 1658 2042 jus-

928 2053 970 2083 sit
987 2055 1068 2090 Hic;
1093 2054 1113 2084 i.
1129 2065 1155 2084 e.
1173 2055 1276 2092 Heic3
1299 2064 1469 2093 provocans
1483 2054 1524 2084 ad
1537 2054 1576 2084 vi.
1586 2057 1659 2085 273.

928 2109 1001 2137 445.
1016 2110 1089 2137 687.
1113 2107 1182 2136 Nec
1197 2106 1292 2144 male,
1322 2106 1348 2135 si
1362 2106 1440 2146 quid
1457 2111 1535 2136 esset
1549 2105 1661 2136 demu-

930 2158 1170 2188 tandum.—ubz'
1203 2168 1345 2198 quaeque:
1386 2164 1431 2188 Ω.
1468 2158 1638 2197 ubiquaque
1645 2173 1657 2194 ,-

929 2209 1013 2238 unde
1028 2207 1199 2238 certissima
1214 2207 1435 2238 emendatione
1451 2207 1640 2247 scripserim:

942 2282 1009 2312 Hoc,
1021 2281 1184 2314 ubiquumque
1194 2282 1248 2307 loci
1258 2283 1332 2314 regio
1344 2283 1495 2315 obportuna
1507 2282 1632 2307 dabatur.

928 2356 1002 2391 Quo
1016 2356 1097 2386 nihil
1111 2356 1237 2395 planius
1251 2367 1287 2388 ac
1302 2357 1437 2388 facilius.
1483 2357 1516 2387 Si
1530 2357 1657 2398 vulgata

927 2407 1089 2438 mordicus
1114 2408 1250 2439 tenenda
1275 2409 1348 2445 sint,
1381 2409 1504 2448 phrasis
1528 2421 1655 2450 quaeque

926 2461 988 2490 loci
1001 2462 1083 2500 regio
1100 2460 1340 2491 usitatissimum
1354 2462 1395 2491 sit
1408 2463 1535 2492 schema
1549 2461 1656 2492 dicen-

928 2511 960 2541 di
976 2512 1202 2543 Lucretianum
1217 2523 1274 2552 pro
1300 2514 1445 2554 cujusque
1472 2515 1532 2545 loci
1553 2516 1649 2554 regio.

926 2564 1031 2595 videas
1045 2565 1086 2596 ad
1100 2566 1120 2596 i.
1137 2569 1210 2598 475.
1258 2567 1326 2596 Nos
1340 2566 1526 2598 divinationi
1542 2577 1656 2606 propo-

926 2617 993 2646 sitae
1007 2617 1262 2656 adhaerescimus;
1278 2621 1446 2659 ubz'qussque
1461 2618 1586 2650 scilicet.
1612 2619 1658 2649 Et

925 2669 985 2698 loci
998 2671 1081 2708 regio
1097 2676 1143 2700 est
1156 2672 1232 2701 situs
1246 2669 1319 2708 loci,
1339 2670 1389 2700 vel
1402 2670 1549 2709 positura.
1578 2669 1656 2700 Vir-

927 2719 1083 2759 gilianum
1098 2721 1178 2752 illud
1194 2722 1280 2753 haud
1301 2721 1434 2760 abludit,
1457 2722 1491 2752 in
1507 2722 1582 2752 AEn.
1604 2721 1655 2751 vii.

927 2773 999 2802 215.

991 2850 1045 2875 Nec
1057 2851 1127 2876 sidus
1138 2852 1235 2884 regione
1245 2852 1314 2883 vile,
1325 2851 1432 2883 litusve,
1442 2850 1550 2878 fefellit.

971 2918 1045 2951 Ver.
1065 2925 1136 2953 806.
1160 2921 1260 2953 sem-a:
1286 2922 1329 2953 sic
1351 2922 1533 2957 castissime,
1559 2928 1602 2952 Ω.
1625 2929 1654 2951 θ’,

882 2980 957 3011 ΚΩ
