1926 3224
241 240 306 281 46

721 235 782 286 T.
828 235 1200 285 LUCRETII

388 363 599 406 Consimili
617 370 841 418 properant
860 363 1032 411 ratione,
1054 361 1201 402 ardore
1219 360 1407 401 ministro

386 438 654 493 Subpeditare
673 451 826 478 novum
845 436 1000 485 lumen,
1020 442 1194 476 tremere
1212 433 1377 490 ignibus
1394 433 1564 482 instant3

277 515 360 551 300
391 511 565 559 Instant,
587 523 663 550 nec
682 510 772 550 loca
790 509 878 558 lux,
900 509 1010 551 inter
1029 508 1144 564 quasi
1162 515 1298 562 rupta,
1319 505 1523 562 relinquit:

387 583 529 638 Usque
548 582 652 624 adeo
670 590 938 638 properanter
957 583 1009 624 ab
1029 581 1218 623 omnibus
1237 580 1401 638 ignibus
1419 579 1457 621 ei

385 657 571 697 Exitium
591 655 710 697 celeri
730 656 927 698 celeratur
946 655 1105 712 origine
1123 655 1314 696 flammae.

388 729 456 772 Sic
475 730 601 787 igitur
621 729 763 779 solem,
785 729 941 779 lunam,
963 728 1188 784 stellasque,
1209 726 1440 783 putandum

240 902 323 942 quod
333 912 426 932 ausus
440 911 510 932 sum
525 910 684 939 reponere,
706 899 780 940 quia
794 899 957 930 Bentleius

240 952 324 982 idem
336 952 470 992 jusserit.
516 951 614 980 Nobis
630 951 763 981 imitatio
779 950 963 992 Virgiliana,

241 1003 281 1034 ad
296 1003 351 1033 ecl.
366 1003 417 1032 vii.
433 1006 482 1033 50.
497 1001 587 1032 valde
605 1002 809 1043 suffragatur:

271 1083 335 1108 Heic
346 1083 432 1113 focus,
442 1086 470 1108 et
481 1082 544 1107 lcdae
553 1083 669 1115 pingues:
683 1083 742 1108 heic
754 1083 884 1114 plurimus
895 1083 962 1115 ignis

271 1124 393 1154 Semper,
403 1126 431 1148 et
441 1122 549 1147 adsidua
559 1126 648 1154 postes
650 1122 765 1154 fuligine
775 1122 853 1154 nigri.

241 1194 310 1226 Nec
324 1194 430 1225 minus
445 1193 612 1233 Apuleius,
628 1200 703 1224 met.
718 1194 757 1225 iv.
775 1195 833 1225 sub
848 1194 957 1225 finem:

241 1249 264 1265 “
280 1246 302 1278 J
303 1256 356 1276 am
369 1247 447 1276 tedae
462 1245 570 1275 lumen
581 1251 656 1275 atrae
664 1246 816 1287 fuliginis
827 1246 964 1277 cinerem

240 1299 264 1316 ‘⁶
280 1295 476 1327 arcessit—.”
509 1297 607 1337 Lege,
619 1303 719 1327 atrum
728 1312 738 1333 ;
756 1303 792 1326 ut
806 1296 881 1327 vites
896 1306 963 1327 am-

239 1350 370 1390 biguam
390 1349 665 1386 constructionem,
691 1349 888 1379 invenustam
913 1348 963 1379 ni-

238 1400 314 1431 mis:
339 1400 480 1431 conferas
494 1399 584 1440 Virg.
605 1400 681 1430 AEn.
699 1400 737 1429 iv.
754 1403 824 1430 653.
849 1399 963 1439 opitu-

239 1453 354 1485 labitur
364 1454 454 1485 nobis
464 1453 559 1484 etiam
567 1453 590 1485 J
591 1453 730 1484 uvenalis
739 1453 963 1488 testimonium,

240 1505 293 1536 vii.
309 1508 380 1536 225.

241 1589 315 1612 Dum
327 1587 410 1611 modo
420 1592 474 1610 non
485 1588 578 1617 pereat
587 1585 702 1611 totidem
715 1585 834 1611 olfecisse
841 1586 967 1616 lucernas,

242 1628 317 1657 Quot
327 1627 433 1650 stabant
447 1626 522 1658 pueri
528 1634 536 1656 ς
554 1633 617 1651 cum
629 1630 702 1650 totus
712 1627 820 1651 decolor
829 1629 895 1651 esset

244 1666 363 1696 Flaccus,
375 1670 402 1691 et
413 1666 529 1691 haereret
540 1666 617 1698 nigro
619 1666 707 1698 fuligo
719 1667 831 1691 Maroni.

247 1736 375 1767 Addam
391 1736 541 1773 Gellium,
553 1742 646 1767 noctt.
660 1738 726 1767 Att.
739 1736 760 1766 i.
773 1740 800 1766 2.
818 1739 920 1761 “—“
931 1747 964 1767 a·

246 1790 268 1806 ‘⁶
285 1787 333 1818 tra
347 1789 513 1818 verborum
527 1792 559 1817 et
573 1787 766 1827 argutiarum
770 1786 912 1827 fuligine
927 1789 967 1818 ob

242 1843 265 1858 “
286 1839 392 1870 oculos
403 1838 600 1868 audientium
611 1837 772 1878 jacta—f
818 1838 882 1869 Ubi
897 1849 965 1878 spe-

243 1891 370 1921 ravisses
385 1899 458 1920 sane
473 1891 622 1929 caligine:
641 1895 688 1920 ast
698 1889 846 1920 rariorem
858 1900 967 1920 vocem

242 1941 375 1978 facilius,
405 1947 441 1970 ut
462 1940 496 1969 in
518 1940 677 1978 Lucretio,
700 1950 773 1970 cum
795 1940 966 1981 vulgatiore

241 1992 359 2023 librarii
374 1992 538 2031 scriptores
555 1996 806 2022 commutassent.
853 1992 914 2022 Sed
937 1998 967 2022 et

241 2045 368 2076 Plinius
382 2044 540 2083 appositus
555 2050 612 2082 est,
628 2050 826 2085 nostramque
846 2044 966 2076 divina-

244 2096 362 2126 tionem
375 2097 507 2131 roborat,
529 2101 592 2126 nat.
607 2096 676 2126 hist.
692 2096 751 2126 xvi.
770 2100 818 2128 19.
849 2099 872 2115 “
886 2096 966 2127 Om-

243 2150 266 2165 “
283 2147 336 2177 nia
350 2153 457 2177 autem
473 2148 539 2176 haec
551 2157 665 2187 genera
677 2147 846 2188 (tedamm)
859 2157 967 2177 accen-

245 2202 268 2217 “
285 2209 329 2236 sa,
335 2199 476 2239 sule'gine
487 2198 660 2234 immodica,
670 2201 834 2229 carbonem
843 2205 968 2238 repente

244 2253 267 2267 “
283 2255 440 2288 exspuunt
468 2259 542 2280 cum
571 2249 742 2289 eruptionis
773 2249 966 2289 crepitu—.'’

245 2300 403 2341 Denique,
432 2301 606 2339 Ausonius,
632 2301 718 2341 idyll.
735 2301 805 2331 xvii.
823 2305 871 2332 19.
893 2301 966 2341 pol}-

244 2357 309 2382 tam
324 2358 466 2382 nostrum
480 2352 513 2382 in
527 2352 628 2383 oculis
641 2353 781 2388 habebat,
803 2353 870 2383 haec
893 2351 966 2382 scri·

245 2403 334 2433 bens:

275 2484 320 2508 Est
331 2483 390 2508 lux.
424 2485 503 2510 Estne
513 2484 568 2509 dies
578 2486 660 2516 ergo?
678 2486 736 2510 Non
748 2485 874 2510 convenit
887 2485 966 2509 istuc:

274 2524 341 2546 Nam
345 2522 450 2554 facibus
457 2524 559 2554 multis,
567 2527 615 2549 aut
618 2524 778 2557 fulguribus,
786 2525 909 2556 quotiens
915 2525 964 2549 lux

275 2561 320 2585 Est
331 2565 455 2586 nocturna
466 2562 578 2593 homini,
590 2570 644 2588 non
655 2567 695 2589 est
705 2564 754 2589 lux
762 2564 812 2589 ista
823 2565 884 2589 diei.

244 2632 319 2663 Jam
335 2643 407 2664 vero
421 2634 565 2665 codicum
584 2635 722 2674 lectioni,
737 2638 868 2676 caligine
884 2635 963 2672 dico,

243 2683 304 2712 nisi
326 2685 464 2715 Lucretii
487 2686 621 2717 rationes
647 2697 684 2717 ea
705 2696 744 2718 ex
778 2687 843 2717 imo
866 2686 965 2717 fundo

244 2740 386 2774 verteret,
409 2736 511 2768 favere
526 2737 623 2769 videri
637 2745 740 2778 posset
754 2739 889 2776 Persius,
913 2744 966 2770 sat.

244 2794 272 2815 v.
286 2789 338 2816 81.

655 2871 790 2903 unctaque
801 2871 918 2897 senestr2

277 2905 429 2937 Dispositae,
437 2906 555 2939 pinguem
566 2908 682 2935 nebulam
691 2917 820 2936 vomuere
831 2911 959 2936 lucemae.

1006 900 1138 931 Nosmet
1152 904 1269 937 autem,
1285 896 1442 938 perpensis
1456 895 1612 933 omnibus,
1632 894 1724 934 scrip-

1006 958 1085 982 turae
1106 951 1139 981 in
1161 955 1308 981 contextu
1330 949 1438 988 positae
1463 947 1605 984 libenter,
1634 951 1665 975 et
1687 955 1725 974 ex

1005 1002 1112 1032 animo
1133 1001 1270 1042 quidem,
1294 998 1525 1040 acquiescimus.
1571 997 1651 1033 Quae
1673 1006 1726 1027 su·

1005 1059 1144 1093 pei-sunt,
1160 1052 1257 1093 igitur
1271 1059 1486 1090 exsequemur.

1049 1116 1125 1146 Ver.
1140 1118 1211 1146 298.
1229 1117 1412 1153 properant.-
1437 1110 1480 1140 sic
1495 1110 1534 1140 P.
1552 1109 1590 1139 Β.
1606 1113 1641 1140 Σ.
1657 1107 1730 1145 soli;

1010 1172 1051 1197 Π.
1067 1165 1196 1205 referam
1204 1179 1214 1200 ;
1239 1162 1341 1194 caeteri
1356 1171 1475 1197 omnes,
1488 1159 1661 1201 prcfiJrant,·
1677 1157 1732 1189 sed

1006 1216 1113 1256 procul
1128 1215 1224 1246 dubio
1247 1214 1364 1245 vitiose.
1411 1211 1570 1243 Librarios
1590 1210 1631 1242 ad
1652 1219 1731 1241 eun-

1006 1269 1078 1299 dem
1094 1267 1226 1299 modum
1247 1275 1461 1306 saepenumero
1485 1263 1669 1304 peccavisse,
1690 1263 1732 1293 ob

1007 1318 1248 1349 similitudinem
1263 1317 1427 1347 literarum
1441 1313 1686 1354 majuscularum
1701 1314 1737 1345 F

1007 1374 1038 1399 et
1053 1371 1094 1406 P,
1111 1366 1367 1398 Drakenborchio
1377 1363 1629 1405 praestantissimo
1639 1363 1732 1394 doce-

1008 1428 1093 1456 mur,
1108 1418 1148 1447 ad
1163 1418 1232 1447 Liv.
1248 1417 1351 1447 xxxix.
1368 1420 1397 1447 6.
1413 1416 1568 1448 5.—Mox
1582 1416 1682 1446 instar
1691 1420 1734 1445 n.

1012 1479 1069 1508 pro
1083 1471 1209 1498 instant.

1052 1525 1132 1557 Ibid.
1155 1527 1264 1557 ardore
1279 1527 1427 1557 ministro.
1471 1525 1547 1556 Hoc
1565 1523 1735 1556 consimili-

1009 1583 1056 1608 ter
1071 1577 1192 1608 dictum
1207 1582 1264 1615 est,
1280 1584 1374 1617 atque
1388 1587 1498 1607 manus
1514 1577 1679 1612 ministras,
1695 1575 1734 1605 iv.

1009 1632 1082 1659 828.

1051 1687 1127 1716 Ver.
1142 1690 1214 1718 299.
1235 1692 1360 1717 tremere
1376 1686 1514 1725 ignibus:
1531 1685 1552 1716 i.
1567 1695 1593 1716 e.
1608 1684 1734 1721 micare,

1009 1747 1177 1773 coruscare,
1191 1736 1279 1777 quasi
1290 1736 1504 1776 jacularentur
1514 1735 1636 1774 lucem;
1651 1735 1736 1777 quod

1009 1788 1076 1819 sine
1095 1788 1272 1818 tremoribus
1296 1796 1360 1817 non
1381 1786 1430 1817 fit:
1457 1786 1550 1818 adeas
1574 1791 1734 1825 annotata,

1009 1839 1049 1870 ad
1078 1839 1097 1869 i.
1116 1842 1208 1869 1088.
1233 1838 1272 1868 ἰν.
1296 1841 1367 1868 406.
1396 1843 1428 1868 et
1450 1838 1544 1876 infra,
1570 1847 1647 1869 verr.
1662 1839 1734 1869 587.

1011 1895 1083 1922 696.
1105 1892 1163 1921 hoc
1179 1889 1265 1920 libro.
1289 1889 1337 1919 M.
1353 1889 1487 1926 Tullius,
1502 1890 1536 1919 in
1552 1890 1640 1920 Arat.
1651 1892 1704 1920 49.

1039 1973 1151 2005 Magnus
1167 1971 1220 2001 leo,
1229 1970 1363 1996 tremulam
1375 1971 1497 2002 quatiens
1509 1978 1525 1997 e
1535 1976 1647 2003 corpore
1655 1970 1734 2002 flam-

1131 2017 1212 2036 mam:

1011 2088 1042 2113 et
1057 2081 1219 2118 Manilius,
1235 2081 1256 2112 i.
1274 2085 1343 2112 186.
1367 2081 1522 2113 similiter:

1043 2163 1157 2194 Fulgura
1168 2169 1232 2187 cum
1241 2162 1341 2192 videas,
1352 2162 1487 2187 tremulum
1499 2162 1631 2188 vibrantia
1639 2163 1725 2189 lumen

1043 2201 1173 2226 Imbribus
1184 2201 1211 2226 in
1219 2201 1314 2226 mediis
1323 2209 1330 2231 3
1344 2205 1373 2226 et
1380 2201 1482 2226 coelum
1492 2202 1605 2227 fulmine
1614 2206 1734 2235 ruptum.

1012 2280 1075 2310 His
1099 2286 1145 2311 tot
1170 2279 1312 2310 locorum
1338 2279 1502 2320 elegantiis
1523 2280 1689 2320 impulsus,
1706 2287 1738 2312 et

1011 2330 1044 2360 in
1055 2331 1164 2370 primis
1173 2330 1398 2361 consuetudine
1407 2331 1556 2367 Lucretii,
1566 2332 1738 2371 suspicatus

1011 2393 1083 2413 sum
1106 2382 1280 2423 Virgilium
1301 2382 1418 2413 variare
1444 2383 1576 2413 voluisse
1602 2394 1738 2421 sensum,

1011 2433 1051 2464 ad
1074 2433 1151 2463 AEn.
1176 2433 1226 2463 vii.
1243 2436 1315 2464 787.
1340 2433 1389 2463 uti
1415 2443 1500 2464 nunc
1522 2434 1739 2465 circumfertur

1011 2485 1109 2523 locus,
1132 2495 1258 2525 prorsus
1272 2485 1477 2516 uniformem:

1007 2570 1080 2594 Tam
1096 2569 1180 2601 magis
1189 2569 1234 2594 llla
1244 2572 1350 2593 tremens
1361 2573 1388 2594 et
1403 2569 1523 2594 tristibus
1533 2567 1738 2598 efferaflammis,

1009 2610 1097 2640 Quam
1110 2609 1196 2640 magis
1208 2608 1291 2634 effuso
1301 2609 1462 2634 crudescunt
1473 2607 1602 2639 sanguine
1609 2612 1719 2638 pugnae.

1010 2686 1095 2717 Nam
1110 2687 1231 2718 codices
1243 2687 1431 2728 interfiemo
1443 2693 1473 2716 et
1481 2691 1573 2716 tremo
1585 2694 1650 2715 non
1666 2694 1737 2714 raro

1011 2738 1180 2769 fluctuant:
1207 2739 1277 2770 vide
1293 2736 1596 2772 Drakenborchium,
1612 2735 1652 2766 ad
1668 2735 1736 2766 Liv.

1010 2799 1038 2819 x.
1073 2793 1122 2819 14.
1154 2793 1206 2821 19.
1231 2796 1264 2820 et
1292 2789 1376 2819 alios.
1428 2786 1635 2818 Postmodum
1665 2796 1738 2816 vero

1014 2841 1159 2871 Maronis
1173 2851 1296 2872 versum
1311 2850 1374 2870 non
1397 2839 1485 2870 aliter
1513 2838 1664 2878 scriptum
1687 2848 1736 2868 re-

1013 2892 1079 2932 peri
1100 2893 1167 2924 sine
1192 2893 1338 2924 varietate
1359 2891 1392 2922 in
1414 2890 1560 2921 omnibus
1579 2889 1666 2921 Fabii
1681 2899 1735 2920 ex-
