1926 3224
568 254 802 302 LIBER
850 249 1208 309 QUINTUS.

1535 251 1623 290 125

288 385 391 426 Inde
410 386 645 427 minutatim
666 394 776 426 retro
793 390 1053 438 contorquet,
1075 390 1114 422 et
1134 379 1278 429 aufert,

173 460 254 499 725
287 459 519 501 Luciferam
539 466 697 514 partem
718 456 1023 513 glomeraminis
1043 463 1164 509 atque
1183 452 1300 508 pila'1'3

289 533 350 575 Ut
374 532 623 587 Babylonica
644 529 888 571 Chaldaefim
909 528 1112 575 doctrina,
1135 526 1315 567 refutans

285 606 600 661 Astrologorum
620 611 764 651 artem,
787 609 931 641 contra
951 599 1194 640 convincere
1216 598 1363 639 tendit:

290 678 484 726 Proinde,
516 676 629 731 quasi
650 675 694 715 id
712 674 801 715 fieri
822 680 1011 728 nequeat,
1043 671 1154 727 quod
1175 679 1333 727 pugnat
1352 679 1539 726 uterque3

287 751 374 792 Aut
393 750 528 791 minus
545 748 661 790 hocc'
682 747 749 788 illo
777 747 828 788 sit
847 761 953 802 quur
973 745 1207 801 amplectier
1226 744 1344 785 ausis.

146 918 242 948 4.--“
254 914 327 946 inde
342 920 387 946 tot
397 916 552 946 stellarum
565 913 788 945 collucentium
800 912 868 944 illos

147 971 170 987 “
185 967 312 999 oculos.‘'
356 968 399 998 Et
413 967 435 998 J
438 966 586 1005 uvenalis,
601 966 666 997 viii.
685 969 754 997 150.

162 1059 249 1083 Nocte
260 1058 368 1090 quidem
379 1066 386 1088 ;
403 1058 448 1082 sed
460 1059 532 1082 Luna
543 1056 629 1087 videt,
639 1056 685 1082 sed
695 1055 777 1081 sidera
788 1059 868 1081 testes

161 1098 311 1123 intendunt
324 1097 445 1122 oculos—-

191 1178 267 1208 Ver.
284 1181 354 1209 724.
378 1183 549 1217 contorquet
565 1176 686 1217 aufert:
712 1182 751 1206 11.
774 1181 868 1206 retor-

147 1236 216 1270 quet
231 1229 327 1270 aufer.

191 1289 267 1318 Ver.
299 1290 369 1319 725.
397 1290 624 1328 glomeraminis
653 1294 743 1327 atque
767 1287 867 1326 pila'i:

151 1338 257 1377 divise,
278 1349 331 1378 per
345 1339 551 1379 hendyadem,
568 1349 623 1378 pro
635 1341 809 1378 glomeratoe
820 1339 870 1376 pi-

152 1392 208 1422 lae:
233 1397 264 1421 et
279 1390 421 1421 similiter
437 1401 535 1430 nuper
550 1401 652 1430 supra,
668 1400 730 1420 ver.
746 1392 817 1420 719.

195 1451 271 1481 Ver.
288 1453 358 1481 7‘26.
383 1452 573 1491 Babylonica
607 1448 783 1481 Chaldaeztm
806 1450 875 1478 doc-

153 1502 236 1531 trina
245 1515 256 1536 ;
282 1501 435 1531 Berosum
461 1501 606 1539 innuens,
633 1501 672 1531 de
686 1510 748 1540 quo
764 1499 873 1529 Vitru-

153 1553 222 1582 vius
236 1553 270 1582 in
286 1552 354 1582 loco
370 1552 464 1582 modo
481 1558 664 1582 memorato:
693 1555 715 1570 “
732 1553 872 1587 Berosus,

154 1608 179 1624 “
193 1605 258 1645 qui,
268 1616 286 1635 a
300 1607 512 1636 Clcaldaeorum
524 1605 657 1641 civitate,
669 1604 731 1634 sive
739 1604 873 1638 natione,

155 1658 179 1674 “
195 1665 383 1695 progressus,
410 1656 444 1685 in
472 1655 550 1685 Asia
573 1656 667 1685 etiam
682 1655 878 1694 disciplinam

157 1708 180 1724 “
195 1706 369 1745 patefecit.”
415 1705 571 1736 Nonnulli
586 1705 720 1742 malunt,
739 1707 877 1735 Chaldae-

154 1767 205 1788 um
212 1773 223 1794 ;
247 1757 331 1798 quod
345 1757 434 1788 nullo
448 1757 543 1787 modo
556 1757 762 1792 tolerandum,
778 1767 877 1797 quum

155 1809 228 1839 satis
239 1809 279 1839 sit
287 1809 493 1849 Babylonicos
502 1815 696 1839 astronomos
703 1818 774 1838 cum
788 1808 876 1838 Grae-

157 1859 202 1889 cis
217 1859 363 1890 Lucretio
379 1861 534 1899 componi.
581 1860 711 1899 Magnae
733 1865 806 1889 sunt
827 1859 877 1888 in-

158 1915 243 1941 terea
256 1911 477 1950 scripturarum
504 1911 701 1941 confusiones
725 1911 757 1940 in
781 1909 877 1947 libris,

157 1962 206 1992 uti
221 1962 402 2003 plerumque
421 1973 494 1993 cum
509 1963 640 2002 propriis
654 1962 834 1993 nominibus
847 1971 879 1991 se

159 2023 209 2043 τω
236 2015 339 2044 habet.
379 2014 477 2044 Vind.
512 2015 695 2045 Habitonisa
724 2015 859 2045 caldeum
867 2029 878 2049 ,-

161 2064 202 2095 V.
219 2065 266 2095 ed.
284 2067 444 2097 Babilonis
459 2068 650 2102 oclealdeam;
678 2072 718 2096 Π.
734 2067 881 2096 babilonis

160 2118 203 2147 ad
217 2119 373 2148 chaldeam
380 2134 392 2155 ;
417 2123 451 2149 Σ.
476 2120 623 2149 babilonis
637 2120 791 2149 chaldeam
799 2134 809 2154 ;
836 2124 880 2148 Ω.

160 2169 324 2200 babilonisa
355 2172 530 2201 chaldeam:
567 2171 606 2200 Ο.
635 2170 762 2209 insuper
790 2171 883 2200 habet

162 2223 347 2253 Chaldaeam.
392 2223 573 2254 Lectionem
585 2229 725 2253 nostram
742 2233 799 2252 suo
821 2221 881 2251 cai-

162 2272 235 2302 culo
257 2275 394 2312 probavit
409 2275 571 2305 Bentleius
596 2274 636 2304 ad
658 2276 743 2304 hunc
766 2274 882 2311 locum,

163 2322 242 2352 etin
258 2324 385 2362 epistola
401 2325 441 2355 ad
458 2326 612 2362 Minium,
627 2336 657 2364 p.
672 2328 724 2355 57.

208 2382 288 2413 Ibid.
303 2384 440 2424 refutans
455 2387 628 2416 convincere
643 2387 741 2416 tendit
748 2399 757 2414 .·
776 2384 886 2414 eodem

165 2434 261 2464 modo
275 2434 397 2465 locutus
412 2442 458 2466 est
472 2437 511 2467 ad
526 2437 568 2466 iii.
585 2440 656 2468 524.
671 2447 740 2476 quae
755 2436 870 2466 redeas.

207 2494 282 2524 Ver.
300 2497 370 2525 7⁴27.
394 2497 635 2535 Astrologorum:
663 2496 682 2526 i.
698 2506 725 2525 e.
751 2499 773 2513 “
789 2502 885 2526 astro-

164 2547 274 2575 “rum
304 2548 474 2578 rationibus
503 2547 724 2587 investigandis
761 2557 887 2586 operam

167 2600 190 2614 “
206 2597 349 2627 dantium
359 2598 390 2635 ;”
412 2598 466 2638 qui
481 2606 585 2637 postea
603 2601 769 2629 astronomi
791 2598 887 2628 vocati

167 2653 252 2686 sunt,
279 2649 381 2688 priore
400 2650 527 2680 nomine
542 2649 603 2679 illis
617 2649 748 2686 reddito,
772 2649 825 2689 qui
849 2659 887 2678 ex

167 2700 256 2730 astris
285 2703 526 2741 augurabantur.
574 2702 623 2731 Ita
647 2701 817 2737 Juvenalis,
848 2703 887 2730 vi.

168 2753 241 2782 522.

216 2836 338 2860 Chaldaeis
348 2838 394 2862 sed
403 2838 489 2868 major
500 2838 549 2863 erit
561 2837 672 2862 fiducia:
691 2837 817 2868 quicquid

217 2875 324 2900 Dixerit
336 2877 484 2909 astrologus,
495 2877 605 2902 credent
617 2884 631 2902 a
641 2876 718 2902 fonte
729 2877 842 2902 relatum

216 2915 397 2941 Ammonis—.

954 912 1029 943 Ver.
1049 915 1119 943 728.
1143 911 1259 941 Nescio
1273 909 1335 951 qua
1350 909 1391 940 de
1404 906 1511 939 caussa
1525 917 1630 937 recen-

911 963 1002 993 tiores
1013 963 1146 993 editores
1159 976 1191 993 το
1201 964 1233 992 id
1243 961 1361 992 soleant
1370 960 1512 990 omittere
1519 971 1527 996 ;
1535 967 1634 999 quum

910 1014 945 1044 in
959 1016 1106 1044 omnibus
1119 1014 1274 1043 veteribus
1288 1011 1448 1050 exemplis,
1465 1016 1528 1040 tam
1539 1009 1633 1048 scrip-

911 1065 962 1103 tis,
978 1075 1072 1106 quam
1084 1064 1249 1103 impressis,
1266 1068 1633 1102 compareat—uterque.-

913 1117 950 1147 P.
963 1118 1117 1156 utrinque.

956 1171 1037 1202 Ibid.
1053 1173 1143 1212 quasi
1157 1177 1303 1211 nequeat:
1314 1184 1423 1201 *raca-m
1433 1183 1499 1210 γαρ,
1512 1173 1549 1197 ut
1560 1163 1636 1203 Epi·

914 1233 1006 1253 curus
1022 1233 1102 1262 saepe
1113 1222 1252 1263 loquitur
1260 1221 1344 1261 apud
1356 1221 1535 1261 Diogenem
1543 1217 1636 1248 La'er-

914 1275 1006 1313 tium,
1024 1282 1192 1315 πολλαχως
1209 1273 1354 1314 ενδεχεται
1371 1275 1501 1312 »yturbat-

960 1325 1040 1356 ibid.
1063 1327 1141 1366 quod
1164 1331 1286 1365 pugnat
1311 1334 1452 1364 uterque:
1479 1323 1497 1352 i.
1513 1332 1540 1352 e.
1563 1323 1586 1339 “
1601 1319 1640 1350 de

919 1380 941 1395 “
956 1388 1017 1417 quo
1041 1377 1146 1407 Graeci
1172 1376 1373 1416 Chaldaeique
1399 1371 1640 1416 digladiantur.'’

921 1428 1041 1465 Cicero,
1061 1427 1095 1456 in
1110 1426 1197 1466 epist.
1213 1426 1253 1456 ad
1268 1426 1365 1456 famil.
1382 1425 1425 1456 iii.
1443 1429 1491 1456 10.
1515 1428 1538 1443 “
1554 1424 1642 1454 Illud

922 1483 943 1498 “
955 1490 1062 1519 pugna
1071 1494 1081 1514 ;
1105 1485 1137 1508 et
1156 1478 1284 1515 enitere,
1314 1488 1355 1507 ne
1369 1477 1446 1518 quid
1460 1476 1550 1507 nobis
1563 1482 1642 1505 tem-

922 1534 943 1549 “
961 1530 1044 1570 poris
1059 1529 1272 1569 prorogetur.”

964 1590 1038 1620 Ver.
1062 1593 1132 1621 729.
1156 1591 1206 1620 illo
1217 1603 1227 1619 .·
1252 1588 1348 1619 Vind.
1375 1596 1414 1620 11.
1430 1593 1466 1620 Σ.
1483 1595 1527 1619 Ω.
1552 1589 1641 1622 ilico;

922 1641 959 1671 L.
981 1643 1049 1677 ilio,·
1076 1641 1115 1671 O.
1131 1643 1227 1677 macl,-
1252 1640 1336 1681 quod
1349 1640 1462 1679 placet:
1488 1649 1546 1669 vox
1562 1640 1647 1668 abest

923 1693 962 1723 V.
975 1693 1117 1723 ed.—sit.·
1137 1693 1231 1722 Vind.
1244 1693 1283 1723 Ο.
1294 1695 1447 1723 sia—cur
1457 1693 1643 1731 amplectier:

925 1751 966 1775 11.
983 1749 1017 1775 Σ.
1033 1756 1139 1775 curam
1152 1747 1286 1784 plectier.

963 1804 1037 1833 Ver.
1055 1807 1127 1834 750.
1152 1815 1284 1842 semper.-
1309 1803 1329 1833 i.
1345 1813 1370 1832 e.
1387 1805 1517 1842 singulis
1530 1804 1646 1840 diebus,

921 1860 958 1885 ut
971 1854 1028 1890 sol,
1043 1853 1083 1885 ad
1099 1854 1287 1884 sententiam
1302 1853 1540 1890 nonnullorum,
1555 1863 1649 1891 supra

921 1906 1062 1945 positam,
1093 1916 1153 1936 ver.
1184 1908 1362 1936 650—655.
1393 1911 1424 1935 et
1451 1915 1512 1934 ver.
1535 1908 1650 1935 659—

925 1960 997 1988 665.

968 2018 1042 2048 Ver.
1060 2020 1130 2049 752.
1146 2019 1267 2057 privos:
1300 2017 1339 2047 O.
1363 2019 1400 2047 Δ.
1423 2022 1463 2046 Π.
1481 2016 1651 2056 primos.—

923 2071 1074 2100 aborisci:
1104 2071 1255 2111 oepxai'xmg
1277 2068 1363 2099 haud
1384 2067 1488 2105 dubie,
1512 2067 1652 2107 quamvis

925 2122 963 2151 de
981 2121 1066 2151 verbi
1083 2120 1185 2151 forma
1200 2120 1279 2150 nihil
1301 2120 1376 2150 alibi
1397 2119 1530 2158 reperire
1545 2119 1651 2158 quive-

925 2173 996 2210 rim,
1020 2183 1076 2211 pro
1097 2174 1230 2202 aboriri:
1258 2172 1280 2201 i.
1294 2183 1321 2202 e.
1345 2173 1481 2201 abortum
1500 2172 1580 2209 pati,
1604 2170 1653 2200 vel

926 2225 1024 2265 perdi,
1040 2232 1070 2255 et
1085 2226 1223 2255 interire:
1250 2225 1358 2255 redeas
1376 2223 1416 2253 ad
1430 2223 1475 2253 iii.
1494 2226 1562 2254 156.
1601 2222 1653 2252 Sic

927 2285 1032 2308 autem
1062 2278 1204 2308 scribitur
1229 2277 1261 2307 in
1288 2278 1324 2307 L.
1351 2277 1399 2307 ῘΜ.
1422 2282 1457 2306 Δ.
1482 2282 1522 2306 Π.
1546 2280 1580 2306 Σ.
1607 2281 1652 2305 Ω.

927 2339 1028 2369 neque
1051 2329 1136 2359 aliud
1159 2335 1204 2359 est
1232 2342 1264 2359 το
1288 2329 1414 2358 aborisci
1440 2327 1473 2356 in
1488 2327 1529 2356 V.
1550 2326 1598 2356 ed.
1615 2327 1652 2357 Β.

927 2380 1016 2410 litera
1032 2392 1060 2418 c,
1083 2386 1119 2410 ut
1133 2380 1256 2419 passim,
1281 2390 1354 2410 cum
1369 2386 1379 2409 t
1397 2376 1532 2408 mutati:
1558 2378 1597 2408 P.
1613 2378 1653 2408 Ο.

929 2433 1059 2467 aboriri,-
1096 2431 1190 2461 Vind.
1212 2433 1385 2466 abolescere,
1415 2435 1451 2459 ut
1472 2439 1654 2459 communes

929 2483 1019 2519 editi3
1043 2482 1096 2512 sed
1119 2492 1192 2512 cave
1213 2481 1306 2511 fidem
1332 2479 1470 2510 collatori
1486 2479 1548 2510 des.
1593 2479 1653 2509 Fa-

929 2535 987 2564 cile
1008 2534 1117 2564 fuisset
1137 2544 1210 2564 cum
1234 2532 1419 2573 quibusdam
1445 2531 1542 2562 doctis
1563 2541 1653 2570 repo-

931 2600 1004 2619 nere
1025 2591 1168 2624 nbolesci,·
1193 2598 1250 2618 nos
1272 2593 1379 2617 autem
1401 2585 1527 2625 optimis
1541 2584 1654 2614 codici-

930 2642 988 2671 bus
1003 2640 1147 2670 standum
1164 2649 1229 2668 esse
1244 2636 1500 2668 existimavimus,

975 2698 1055 2729 lbid.
1078 2709 1203 2738 quaeque
1229 2703 1349 2728 creata:
1375 2696 1395 2726 i.
1416 2705 1442 2725 e.
1467 2698 1489 2713 “
1504 2704 1654 2734 unaquae-

933 2756 954 2770 “
971 2762 1031 2792 que
1061 2751 1162 2781 forma
1189 2751 1284 2786 lunae,
1307 2761 1377 2791 quae
1410 2748 1493 2779 varie
1523 2746 1655 2786 figurata

934 2807 955 2821 “
972 2802 1103 2843 singulis
1117 2802 1226 2832 diebus
1241 2798 1598 2831 subnascatur.''——Mox
1614 2797 1652 2827 P.

933 2856 1022 2887 olins,
1043 2863 1097 2892 pro
1112 2855 1206 2883 illius.

977 2913 1051 2942 Vcr.
1069 2915 1138 2943 754.
1162 2914 1295 2943 ratione:
1322 2911 1361 2942 V.
1378 2910 1426 2941 ed.
1443 2916 1487 2942 Ω.
1502 2910 1590 2940 ratio.
