1926 3224
282 255 377 298 :336

777 250 837 297 Τ.
896 248 1276 298 LUCRETII

421 377 611 434 Obpletei
631 377 769 419 calidis
789 377 860 418 ubi
878 378 1039 420 fumant
1057 379 1240 421 funtibus
1260 380 1403 422 auctei.

477 452 552 493 Est
571 460 612 493 et
633 450 845 493 Athenaeis
865 452 907 493 in
928 453 1148 504 moenibus,
1170 454 1273 495 arcis
1293 454 1337 495 in
1355 455 1447 510 ipso

304 527 387 567 750
418 525 597 574 Vertice,
617 523 791 566 Palladis
812 525 866 566 ad
886 526 1083 582 templum
1104 527 1334 569 Tritonidis
1353 527 1488 579 almae,

417 599 515 648 Quo
535 612 762 654 numquam
781 600 927 654 pennis
947 600 1155 655 adpellunt
1173 616 1348 657 corpora
1365 615 1503 643 raucae

418 671 614 713 cornices
621 689 634 722 3
666 686 768 722 non,
791 687 916 727 quom
936 672 1096 715 fumant
1114 674 1256 715 altaria
1274 674 1406 716 donis.

418 745 562 801 Usque
581 745 685 786 adeo
708 745 899 801 fugitant,
921 761 1006 788 non
1026 747 1106 788 iras
1129 747 1304 788 Palladis
1325 749 1466 799 aereis,

416 816 626 874 Pervigilii
646 817 801 869 caussz‘i,
828 819 1005 861 Graium
1024 829 1071 862 ut
1091 821 1272 863 cecinere
1290 823 1443 876 poe'tae3

300 978 392 1011 Qualis
402 978 474 1011 apud
485 979 587 1004 Cumas
596 978 670 1005 locus
688 982 739 1011 est,
757 983 911 1014 montemque
926 984 997 1008 Vese-

393 1024 475 1043 vum.-

268 1089 405 1122 confusis
418 1090 576 1127 omnibus,
601 1096 632 1121 et
654 1101 742 1123 more
756 1103 880 1133 prorsus
894 1098 991 1124 teme-

267 1145 361 1183 rario,
384 1143 473 1182 nulli
494 1144 638 1175 codicum
653 1146 772 1177 ratione
787 1146 901 1185 habita,
918 1157 992 1177 con-

267 1196 390 1228 stitutis,
432 1197 510 1228 Jam
524 1207 597 1228 vero
612 1197 678 1228 dies
693 1208 744 1229 me
758 1198 912 1235 deficeret,
933 1207 991 1227 nec

267 1248 347 1278 vires
375 1253 408 1278 et
427 1248 541 1278 chartae
567 1249 753 1286 sufficerent,
783 1248 808 1278 si
830 1257 992 1287 pergerem

266 1311 423 1331 morosam
452 1301 720 1331 enumerationem
738 1300 841 1330 facere
869 1299 990 1330 divina-

265 1353 390 1384 tionum
404 1353 547 1383 omnium
561 1352 756 1392 singillatim,
768 1362 846 1392 quas
855 1351 991 1382 fecunda

265 1403 430 1434 doctorum
455 1402 603 1442 sagacitas
633 1402 667 1431 in
692 1403 777 1432 hunc
801 1401 991 1432 versiculum

265 1454 474 1494 copiosissime
503 1453 650 1493 profudit.
693 1460 877 1494 Λφισταμοιι·
906 1467 990 1489 ming

267 1522 329 1542 ειην·
356 1514 430 1539 sunt
451 1509 537 1539 enim
552 1509 652 1539 ferme
667 1509 888 1540 commentitiae
902 1519 990 1548 pror-

265 1570 328 1597 sus,
343 1559 518 1600 futilesque.
563 1560 726 1591 Bentleius
748 1560 791 1597 id,
821 1560 906 1601 quod
934 1570 991 1591 uos

265 1610 475 1649 exhibuimus,
503 1612 665 1650 probabat;
688 1611 748 1641 nisi
771 1611 857 1652 quod
871 1611 914 1641 sic
929 1611 989 1641 ini-

265 1661 345 1691 tium
369 1662 474 1692 versus
495 1662 727 1693 rescribendum
752 1662 878 1700 diceret,
904 1665 926 1680 “
950 1664 990 1693 Ut

264 1715 286 1730 ‘⁴
302 1714 389 1744 lacus
403 1719 449 1743 est
465 1713 622 1744 Cumas:”
639 1723 709 1754 quae
719 1723 831 1753 pamm
846 1713 990 1744 videntur

262 1764 442 1795 necessaria.
486 1764 612 1795 Deinde
627 1764 751 1804 subjicit
772 1764 909 1795 secundo
920 1774 988 1793 ver·

264 1816 326 1846 sui:
356 1818 378 1834 “
395 1816 476 1851 Quae
491 1822 646 1855 postrema
661 1815 701 1846 ad
719 1817 836 1846 Cumas
849 1821 880 1846 et
894 1814 988 1845 Baia-

263 1870 286 1885 “
302 1877 381 1896 num
397 1872 531 1897 tractum
544 1867 656 1905 refero,
678 1876 741 1897 non
757 1866 798 1898 ad
812 1868 987 1900 Avernum.

263 1920 287 1936 ‘⁶
303 1916 386 1948 Vide
400 1924 489 1948 notas
504 1917 630 1948 Fabri.‘’

304 1975 386 2006 Ibid.
401 1978 492 2012 locus,
507 1979 576 2007 acri
589 1976 708 2017 sulfure
724 1976 986 2017 montesfumant:

262 2027 370 2057 confer
384 2027 424 2057 sis
439 2028 479 2058 iv.
497 2031 566 2058 122.
584 2031 654 2059 123.
677 2028 843 2069 Virgilius,
867 2028 941 2059 AEn.
957 2028 988 2059 ii.

262 2081 333 2110 698.

495 2150 552 2176 late
562 2150 664 2176 circum
673 2151 727 2176 loca
737 2151 956 2183 sulfuresumant.

296 2222 371 2254 Ver.
388 2226 459 2254 748.
481 2226 600 2255 auctei:
619 2223 658 2255 P.
677 2228 711 2256 Σ.
726 2230 851 2261 auctus-,-
870 2229 906 2255 ut
920 2223 988 2254 vul-

260 2284 312 2314 go.

304 2333 378 2363 Ver.
396 2335 466 2365 749.
491 2335 665 2365 Athenaeis:
691 2334 732 2364 V.
749 2333 796 2364 ed.
813 2335 850 2365 B.
865 2336 987 2365 athone·

259 2388 502 2417 is.—⁷noenibus:
528 2386 566 2417 P.
594 2387 631 2417 Β.
653 2388 818 2423 montibus;
842 2397 896 2425 per
915 2397 985 2427 gra-

260 2436 339 2466 dum
355 2437 538 2477 corruptelae
546 2438 706 2476 mentibus,
717 2448 787 2478 quae
800 2438 987 2478 conspicitur

259 2487 294 2517 in
310 2487 351 2518 V.
366 2487 414 2519 cd.

305 2548 379 2579 Ver.
396 2552 467 2580 750.
496 2550 685 2580 Tritonidis:
711 2548 756 2579 sic
783 2549 820 2580 P.
836 2549 932 2580 Vind.
948 2550 989 2580 V.

260 2599 308 2630 ed.
326 2600 367 2631 Ο.
386 2601 425 2636 Q.
448 2607 492 2632 Ω.
514 2601 618 2641 vulg0‚
641 2603 826 2632 Tritonidos.
871 2601 990 2631 Parum

261 2652 354 2682 refert
361 2663 370 2689 ;
393 2651 447 2682 sed
470 2662 535 2683 non
560 2653 650 2683 aliter
671 2653 776 2693 scripti
791 2653 832 2683 ad
848 2652 991 2684 Maronis

261 2703 337 2733 AEn.
353 2704 385 2735 ii.
407 2707 478 2735 226.

292 2794 415 2804 ———
424 2790 561 2817 saevaeque
571 2789 670 2819 petunt
682 2785 817 2811 Tritonidis
828 2792 928 2812 arcem.

306 2847 388 2879 Ibid.
419 2851 532 2882 Vertice
557 2854 707 2884 Palladis.
753 2852 804 2883 Sic
831 2862 895 2882 non
920 2861 989 2882 raro

262 2901 330 2934 sine
343 2903 462 2935 caesura
477 2904 652 2946 Homerus5
673 2912 710 2938 ut
733 2906 795 2939 Od.
812 2913 834 2939 1.
852 2909 924 2939 246.

1153 981 1259 1007 Αυτικα.
1269 980 1291 1006 δ’
1300 980 1379 1014 ἡμων
1389 989 1434 1014 μιν
1448 979 1592 1015 (ἱρήια-ζ

1080 1049 1162 1080 Ibid.
1189 1051 1362 1081 Tritonidis
1376 1051 1481 1080 almae:
1506 1050 1528 1080 i.
1546 1059 1572 1080 e.
1594 1059 1664 1090 quae
1682 1052 1760 1090 alat,

1035 1100 1083 1130 vel
1113 1099 1243 1130 nutriat:
1282 1105 1406 1139 propter
1441 1099 1518 1130 oleae
1546 1100 1761 1140 pinguissimae

1034 1150 1272 1188 fecunditatem,
1303 1155 1340 1180 ut
1368 1155 1444 1190 puto
1450 1162 1459 1188 ;
1495 1150 1585 1190 cujus
1614 1151 1762 1183 Minerva.

1034 1200 1190 1230 inventrix
1212 1205 1286 1236 erat,
1312 1206 1342 1230 et
1364 1211 1434 1241 quae
1450 1201 1532 1231 inter
1546 1207 1687 1233 veterum
1701 1203 1760 1234 ho-

1033 1251 1158 1281 minum
1171 1252 1317 1282 alimenta
1345 1261 1462 1293 magno
1483 1257 1563 1283 esset
1584 1252 1618 1283 in
1643 1253 1758 1293 pretio:

1033 1307 1140 1332 notata
1153 1301 1261 1332 redeas
1275 1302 1314 1333 ad
1329 1302 1348 1332 i.
1364 1306 1393 1333 2.

1076 1353 1150 1383 Ver.
1163 1355 1236 1384 751.
1247 1355 1375 1394 pennis:
1394 1354 1435 1385 V.
1447 1353 1494 1384 ed.
1501 1365 1626 1395 pemas5
1643 1355 1762 1387 eisdem

1032 1403 1131 1435 lineis.

1079 1454 1161 1485 Ibid.
1178 1457 1291 1495 pennis
1316 1457 1491 1495 adpellunt:
1516 1455 1536 1486 i.
1552 1466 1579 1486 e.
1601 1466 1660 1496 ope
1681 1466 1758 1496 pen-

1035 1517 1162 1544 narum3
1187 1512 1223 1537 ut
1238 1506 1348 1546 Dictys
1362 1507 1530 1545 Cretensis,
1545 1507 1565 1537 i.
1581 1509 1611 1539 5.
1633 1511 1655 1526 “
1672 1508 1760 1539 Tum

1035 1562 1056 1577 “
1072 1568 1215 1598 namque,
1225 1559 1439 1598 properatione
1454 1558 1570 1599 navigii
1584 1559 1762 1590 inconsulte

1034 1612 1057 1629 “
1073 1610 1133 1647 usi,
1148 1611 1243 1640 ventis
1265 1609 1305 1640 ad
1329 1610 1469 1649 Cyprum
1489 1610 1664 1650 appulere.”
1709 1610 1762 1641 Ita

1033 1659 1240 1690 sublevandus
1251 1666 1297 1690 est
1310 1659 1397 1690 locus
1407 1660 1537 1692 meliore
1547 1661 1758 1697 distinctione,

1032 1710 1188 1741 ulterioris
1202 1711 1411 1751 castigationis
1420 1711 1499 1742 nihil
1510 1711 1644 1752 indigus.
1674 1712 1760 1743 Con-

1032 1762 1112 1792 feras
1123 1761 1213 1802 Virg.
1227 1762 1301 1792 AEn.
1317 1761 1357 1792 xi.
1374 1765 1444 1793 272.
1480 1762 1575 1793 Adsit
1585 1763 1682 1794 etiam
1690 1763 1759 1794 Va·

1031 1816 1099 1848 lerii
1115 1816 1218 1848 Flacci
1232 1816 1459 1856 testimonium,
1474 1817 1517 1848 iii.
1534 1822 1605 1850 656.

1192 1902 1230 1925 En
1241 1901 1247 1926 !
1267 1901 1410 1927 Haemonifi
1421 1909 1487 1934 puer
1497 1901 1596 1935 adpulit
1606 1902 1665 1928 alno

1061 1939 1152 1964 Clarus
1163 1940 1313 1971 Hylas-—

1032 2014 1076 2044 Et
1091 2020 1195 2045 noster
1208 2015 1241 2044 in
1256 2015 1457 2046 translatione
1468 2021 1590 2055 perstat,
1602 2026 1622 2046 a
1630 2015 1758 2057 naviga-

1032 2065 1126 2094 tionis
1141 2076 1200 2096 usu
1217 2065 1328 2106 petit55
1351 2076 1446 2107 quam
1468 2067 1625 2108 ingressus
1650 2073 1696 2098 est
1716 2066 1758 2098 ad

1031 2125 1092 2146 ver.
1107 2119 1178 2147 745.

1073 2177 1148 2207 Ver.
1174 2179 1244 2208 752.
1256 2177 1388 2219 sumant
1413 2179 1538 2209 altaria.

1031 2227 1086 2258 ecl.
1102 2227 1123 2258 i.
1141 2231 1193 2258 44.

1591 2177 1758 2219 Virgilius,

1092 2303 1134 2328 Bis
1145 2309 1220 2329 senos
1231 2303 1274 2329 cui
1284 2307 1375 2328 nostra
1385 2304 1440 2330 dies
1451 2303 1545 2329 altaria
1549 2304 1670 2335 fumant.

1075 2370 1156 2401 Ibid.
1193 2371 1290 2401 Hanc
1318 2371 1459 2401 fabulam
1489 2370 1631 2410 pluribus
1658 2369 1758 2402 verbis

1032 2428 1210 2461 persecutus
1225 2428 1270 2453 est
1286 2423 1471 2463 Antigonus
1495 2422 1531 2458 is,
1555 2421 1610 2462 qui
1632 2420 1758 2461 collegit

1029 2471 1171 2505 historias
1195 2474 1403 2505 admirabiles:
1430 2481 1661 2515 Αμελησαγορας
1685 2472 1724 2510 δε,
1745 2472 1760 2503 ὅ

1034 2539 1085 2559 την
1117 2525 1224 2556 Ατέιδα
1254 2533 1479 2568 συγγεγραφως,
1510 2537 1527 2555 8
1549 2532 1615 2564 φησι
1644 2537 1759 2566 xopuvm

1034 2579 1241 2620 ffpOSIff‘POEUaoe!
1257 2589 1321 2619 ff?0§
1339 2590 1390 2609 Τῆν
1405 2583 1569 2618 ακροῗὸλίν”
1591 2575 1632 2606 33,
1647 2588 1709 2615 ‘xo‘
1723 2587 1758 2605 ΕΙ

1035 2642 1117 2660 emm
1133 2629 1258 2670 ἒωρακως
1275 2627 1353 2661 ⁸32&-
1369 2634 1440 2658 κτλ.
1478 2627 1561 2657 Haec
1575 2625 1756 2656 Lambinus.

1075 2679 1153 2709 Ver.
1169 2682 1240 2710 753.
1265 2680 1407 2710 Palladis
1421 2679 1534 2709 aereis:
1561 2676 1602 2706 V.
1617 2675 1663 2705 ed.
1681 2676 1756 2706 Pal-

1032 2732 1101 2761 lade·
1113 2733 1218 2762 sacris.

1078 2781 1160 2812 Ibid.
1183 2783 1247 2812 iras
1263 2782 1413 2812 Palladis.
1458 2777 1601 2816 Ovidius,
1613 2787 1709 2808 amor.
1724 2775 1756 2808 ii.

1032 2837 1061 2865 6.
1075 2837 1126 2865 55.

1227 2905 1362 2934 armifera
1378 2903 1467 2933 cornix
1477 2902 1569 2931 invisa
1581 2902 1725 2930 Mimne-
