1926 3224
568 258 800 307 LIBER
837 253 1193 313 QUINTUS.

1534 260 1620 298 143

338 393 500 435 Caetera
518 391 570 433 de
589 405 739 449 genere
758 389 838 431 hoc
858 396 1056 437 monstra,
1078 400 1126 428 ac
1145 390 1350 441 portenta,
1372 381 1550 424 creabat:

278 467 587 523 Nequidquam3
619 465 813 521 quoniam
836 462 997 504 Natura
1016 460 1234 501 absterruit
1254 466 1438 506 auctum3

166 545 245 582 845
279 541 368 582 Nec
388 550 558 596 potuere
578 539 761 593 cupitum
781 536 912 576 aetatis
932 543 1101 590 tangere
1119 533 1279 582 florem,

278 615 367 656 Nec
387 614 565 668 reperire
585 611 737 659 cibum,
759 623 835 649 nec
848 607 970 663 jungi
990 620 1064 660 per
1085 605 1257 645 Veneris
1278 620 1353 646 res.

279 687 430 735 Multa,
452 685 651 733 videmus,
674 683 784 724 enim
804 680 925 722 rebus
945 692 1190 720 concurrere
1209 677 1375 727 debent,

277 759 339 802 Ut
358 756 630 814 propagando
649 756 807 811 possint
826 752 1055 810 procudere
1076 751 1195 793 secla:

277 831 437 874 Pabula
455 831 635 886 primum
655 838 702 871 ut
724 829 819 879 sint,
841 826 1036 885 genitalia
1053 825 1203 867 deinde
1222 839 1295 880 per
1314 832 1426 867 artus

136 1015 246 1045 campo
260 1003 386 1044 placuit.
438 1004 543 1034 Vultus
557 1008 663 1033 autem
685 1012 741 1042 pro
763 1003 858 1033 oculis

132 1059 294 1089 tritissima
315 1062 360 1087 ast
384 1056 517 1094 locut103
539 1062 575 1086 ut
590 1055 746 1086 inscitiam
761 1056 857 1086 Lam-

133 1110 199 1140 bini
215 1119 280 1139 non
294 1118 422 1148 possum
440 1117 504 1137 non
529 1106 685 1142 demirari,
710 1116 858 1146 reponere

134 1162 266 1193 volentis
292 1164 366 1193 visu.
412 1160 512 1191 Haud
535 1160 623 1191 aliter
649 1160 795 1201 equidem
808 1161 857 1190 in-

134 1213 274 1253 telligam
293 1213 476 1249 Maronem,
494 1211 569 1242 AEn.
584 1212 638 1242 xii.
657 1214 708 1242 70.

165 1278 245 1303 Illum
256 1279 348 1302 turbat
358 1284 445 1307 amor,
455 1277 569 1309 figitque
579 1277 606 1301 in
618 1277 721 1309 virgine
730 1277 833 1302 vultus.

137 1335 200 1366 Sed
212 1336 245 1366 in
262 1336 345 1366 notis
359 1336 438 1366 utile
453 1342 576 1375 tempus
590 1336 758 1375 perdimus.

178 1387 253 1418 Ver.
279 1391 352 1418 840.
379 1389 572 1428 Vinctaque:
608 1393 642 1418 A.
666 1389 855 1428 Junctaque:

137 1449 201 1470 non
217 1439 360 1469 deterius.
398 1438 564 1479 Virgilius,
579 1438 648 1469 loco
663 1438 770 1477 simili,
785 1439 859 1469 AEn.

136 1489 199 1521 viii.
214 1493 285 1521 485.

151 1564 258 1588 Mortua
268 1563 333 1594 quin
345 1562 427 1587 etiam
433 1562 558 1594 jungebat
570 1568 680 1594 corpora
692 1562 769 1592 vivis,

151 1603 314 1634 conponens
320 1601 496 1632 manibusque
504 1608 610 1631 manus,
618 1605 699 1632 atque
708 1601 796 1626 oribus
806 1607 861 1626 ora.

138 1671 180 1695 Π.
206 1666 545 1704 7ἰειαφιε.-αιί1ιιεειι.·
573 1668 606 1694 Σ.
623 1666 789 1694 adlzaesum.

179 1715 251 1745 Ver.
268 1717 340 1745 841.
358 1720 478 1754 possent
494 1715 614 1744 cedere:
643 1720 682 1744 n.
709 1713 772 1751 dat,
789 1725 859 1754 pos-

135 1768 197 1798 sint
211 1768 340 1796 credere.

178 1817 253 1846 Ver.
269 1819 341 1846 842.
364 1817 455 1846 volet:
480 1821 513 1845 at
528 1815 713 1853 Lambinus,
740 1821 771 1845 et
793 1815 858 1846 edi·

136 1874 218 1898 tores
234 1868 300 1906 alii,
325 1873 433 1897 contra
447 1867 542 1897 libros
558 1873 674 1897 veteres
688 1867 858 1906 universo&

136 1920 171 1949 ni
186 1918 288 1956 fallor,
298 1918 493 1948 intruserunt
503 1918 542 1948 de
553 1928 620 1956 suo,
626 1919 728 1959 foret;
746 1918 859 1949 audac-

136 1976 184 2000 ter
198 1977 229 2000 et
243 1969 375 2000 indocte.
422 1969 553 2008 Nempe,
574 1969 798 2009 antiquissimis
811 1981 860 2000 vo·

135 2023 177 2052 lec
205 2021 306 2052 officio
335 2021 514 2052 recentioris
542 2023 612 2052 velit
635 2031 715 2060 saepe
740 2021 862 2051 videtur

136 2072 236 2113 fungi.
282 2072 425 2108 Plautus,
443 2071 528 2102 Rud.
543 2071 577 2102 ii.
597 2076 625 2103 6.
643 2076 670 2103 1.

153 2147 207 2178 Qui
217 2146 300 2170 horno
311 2153 361 2169 esse
370 2152 426 2170 sese
437 2145 564 2170 miserum
576 2150 604 2170 et
614 2146 772 2183 mendicum
781 2147 862 2176 volet,

155 2187 279 2217 Neptuno
292 2185 385 2210 credat
395 2192 461 2215 sese,
473 2189 556 2216 atque
568 2189 683 2210 aetatem
693 2193 780 2210 suam.

140 2248 294 2278 Hiantem
304 2258 428 2278 versum
440 2248 482 2278 sic
496 2249 648 2287 probabili
663 2249 862 2288 supplemen-

140 2308 172 2331 to
188 2300 351 2331 Bentleius
369 2301 535 2339 resarcivit,
560 2301 594 2330 in
616 2301 802 2340 exemplaris
816 2302 865 2331 sui

142 2352 283 2392 margine
306 2362 402 2391 penes
424 2363 484 2383 me.
529 2352 658 2383 Nescias
687 2359 793 2383 autem
825 2363 866 2383 an

140 2405 202 2433 huc
217 2403 384 2441 respexerit
399 2403 565 2439 Horatius,
583 2410 638 2434 art.
654 2404 733 2443 po'elt.
750 2407 802 2435 71.

142 2474 211 2504 Qua:
221 2479 292 2497 nunc
304 2476 367 2497 sunt
377 2473 405 2496 in
416 2473 519 2498 honore
529 2473 671 2503 vocabula,
682 2473 703 2497 si
715 2472 785 2497 volet
796 2480 865 2498 usus.

184 2530 259 2560 ver.
276 2532 347 2560 843.
370 2531 510 2560 creabat:
535 2530 556 2560 i.
572 2540 598 2560 e.
619 2531 731 2560 solebat
746 2540 848 2560 creare
855 2544 866 2565 ‚-

142 2591 216 2610 nam
231 2582 290 2610 hoc
304 2581 388 2610 verbi
403 2586 542 2619 tempore
557 2582 647 2611 series
668 2579 781 2610 talium
795 2590 865 2620 por·

143 2639 303 2663 tentorum
318 2635 470 2664 durabilis
486 2633 668 2663 ostenditur.

186 2684 260 2714 Ver.
288 2688 359 2715 844.
391 2687 571 2715 absterruit:
597 2684 633 2714 L.
657 2684 710 2714 abs
731 2694 761 2714 se
783 2686 864 2719 παῖ,-

902 1000 942 1030 V.
958 999 1005 1029 ed.
1022 1005 1073 1035 ut,·
1099 998 1228 1028 forsitan
1244 1007 1299 1036 pro
1314 1004 1384 1033 aut;
1401 997 1440 1028 de
1456 997 1516 1038 qua
1531 998 1625 1039 scrip.

901 1049 971 1080 tura
987 1049 1030 1080 sic
1044 1049 1124 1079 foret
1139 1058 1244 1078 versus
1259 1048 1506 1079 constituendus:

933 1126 986 1149 Nec
997 1124 1113 1155 reperire
1122 1122 1197 1152 cibos,
1207 1122 1338 1154 autjungi
1349 1130 1396 1154 per
1408 1124 1516 1148 Veneris
1526 1131 1576 1150 res.

905 1188 1040 1219 Solenne
1064 1192 1228 1228 peccatum
1254 1194 1300 1218 est
1320 1188 1519 1219 librariorum
1540 1199 1625 1219 com-

901 1247 1024 1271 mutare
1038 1240 1163 1271 voculas
1177 1246 1232 1270 aut
1255 1246 1286 1270 et
1306 1246 1359 1270 ut:
1384 1240 1455 1270 vide
1480 1241 1624 1271 Draken-

901 1291 1077 1329 borchium,
1107 1289 1147 1321 ad
1169 1291 1235 1321 Liv.
1258 1291 1296 1321 iv.
1322 1294 1370 1322 12.
1394 1295 1422 1321 8.
1451 1301 1525 1321 cum
1547 1291 1625 1328 aliis,

903 1353 1036 1384 meoque
1048 1342 1160 1373 indice.

946 1402 1020 1432 Ver.
1035 1405 1107 1432 847.
1129 1402 1251 1432 debent:
1276 1400 1320 1431 sic
1337 1401 1376 1432 Ο.
1395 1408 1438 1433 n..
1454 1401 1562 1443 vulgo,
1574 1405 1625 1434 ‹Ie-

903 1455 988 1488 bere;
1012 1452 1067 1483 sed
1090 1452 1175 1482 istud
1199 1453 1433 1492 hypermetrum
1455 1463 1580 1485 carmen
1595 1455 1629 1484 in

903 1503 1088 1534 Lucretium
1104 1513 1168 1533 non
1183 1509 1301 1533 temere
1325 1504 1490 1543 recipiam3
1513 1516 1550 1535 ac
1574 1516 1629 1545 po.

906 1555 1072 1591 tissimum,
1088 1554 1169 1584 clare
1184 1564 1325 1588 cernens,
1348 1554 1388 1584 ad
1410 1555 1494 1595 quod
1508 1556 1631 1586 inscitia

907 1607 1077 1637 scribarum
1092 1605 1291 1636 haesitaverit:
1316 1619 1350 1636 ‘ro
1360 1607 1494 1637 videmus
1505 1607 1629 1642 scilicet.

903 1658 947 1688 ita
960 1659 1106 1692 Eme-mm
1121 1664 1215 1698 atque
1230 1660 1430 1699 παρενθετικως
1446 1665 1533 1688 extra
1554 1669 1629 1688 con-

905 1710 1110 1740 structionem
1124 1708 1342 1739 decurrentem
1364 1709 1510 1747 positum.
1556 1709 1631 1740 Hoc

905 1766 1012 1791 autem
1026 1759 1149 1789 dicendi
1161 1760 1287 1789 schema
1301 1759 1404 1798 probis
1419 1766 1465 1789 est
1475 1760 1630 1799 scriptori-

903 1815 962 1843 bus
984 1811 1219 1851 frequentatum
1230 1822 1239 1847 ;
1263 1810 1347 1850 quod
1368 1820 1408 1840 ne
1423 1811 1546 1849 pueruli
1561 1811 1630 1852 qui-

903 1863 977 1894 dem
1004 1861 1157 1892 nesciunt.
1202 1860 1378 1900 Virgilium
1393 1860 1565 1892 adscribam
1583 1868 1630 1892 ta·-

903 1924 989 1952 men,
1005 1923 1044 1943 ex
1059 1913 1134 1943 AEn.
1151 1911 1190 1942 vi.
1207 1914 1278 1942 760.

936 1996 994 2025 Ille,
1006 1994 1094 2024 vides,
1105 1994 1171 2026 pura
1176 1993 1290 2026 juvenis
1303 1993 1349 2024 qui
1361 1993 1458 2018 nititur
1468 1993 1555 2024 hasti,

936 2035 1062 2060 Proxima
1073 2038 1146 2059 sorte
1157 2036 1222 2059 tenet
1233 2033 1298 2058 lucis
1308 2034 1408 2058 loca—.

907 2108 959 2138 De
973 2118 1087 2148 genere
1109 2108 1168 2137 hoc
1185 2107 1255 2137 aliae
1281 2105 1426 2136 formulae
1450 2106 1564 2145 passim
1588 2106 1633 2137 le-

907 2161 1052 2200 gentibus
1066 2161 1277 2190 obversantur.

950 2212 1025 2242 Ver.
1046 2215 1120 2241 848.
1149 2213 1334 2251 procudere:
1361 2209 1405 2239 sic
1434 2209 1472 2240 P.
1502 2209 1557 2240 sed
1588 2216 1633 2241 Ω.

903 2265 1088 2302 producens,-
1114 2272 1172 2292 nec
1202 2268 1318 2291 temere
1347 2260 1451 2290 dicam
1476 2260 1634 2301 equidem,

908 2320 980 2344 utra
1009 2314 1049 2343 sit
1070 2313 1300 2353 anteponenda:
1333 2313 1375 2342 V.
1398 2311 1444 2342 ed.
1467 2311 1504 2342 L.
1528 2312 1575 2342 M.
1599 2317 1635 2344 Σ.

905 2367 1103 2405 procludere;
1121 2364 1160 2395 O.
1179 2370 1214 2395 Δ.
1232 2365 1471 2403 1’1-Precl1tdere.
1516 2362 1635 2394 Omnia

911 2427 981 2457 quae
997 2416 1128 2447 veniunt
1142 2416 1224 2446 inter
1233 2417 1348 2455 possint
1364 2414 1495 2454 hujusce
1519 2413 1635 2450 versus,

912 2475 1005 2509 atque
1020 2468 1153 2499 eandem
1167 2467 1335 2497 dictionem
1350 2476 1411 2496 ver.
1427 2469 1498 2497 850.
1514 2465 1636 2496 deside-

912 2526 1021 2550 rantur
1036 2520 1069 2550 in
1085 2520 1126 2550 V.
1143 2519 1189 2550 ed.
1205 2519 1244 2549 de
1259 2518 1350 2550 solito
1358 2524 1484 2558 peccato
1493 2517 1635 2547 librario-

914 2582 996 2603 rum.

955 2633 1037 2664 Ibid.
1056 2636 1226 2674 procudere
1239 2635 1328 2664 secla.
1361 2632 1485 2663 Nonius
1500 2630 1637 2661 Marcel-

911 2686 972 2723 lus,
996 2684 1028 2714 ii.
1044 2688 1115 2715 677.
1140 2688 1162 2703 “
1184 2686 1357 2716 Procudere
1379 2683 1459 2714 dixit
1472 2681 1638 2722 prolatare,

143 2736 191 2766 M.
210 2741 244 2766 Δ.
259 2737 410 2771 obser-uin
429 2736 468 2766 Ο.
484 2737 651 2770 observ-uin
668 2745 772 2765 versus
784 2735 871 2766 deest
916 2740 937 2755 ‘⁸
948 2738 1127 2776 producere,
1143 2735 1255 2766 Varro.
1294 2734 1445 2775 Legendo
1467 2739 1584 2772 autem,
1608 2740 1639 2764 et

146 2793 186 2817 Π.
231 2786 320 2817 Nihil
335 2787 517 2818 novandum
532 2794 616 2826 puto.

187 2838 262 2868 Ver.
294 2841 367 2869 845.
399 2841 535 2878 cupitum
546 2852 556 2869 .·
585 2838 624 2869 V.
654 2837 702 2868 ed.
739 2844 871 2878 captum.

150 2887 232 2918 Vide
245 2889 286 2918 sis
302 2899 374 2920 vero
389 2889 434 2920 iii.
452 2894 468 2921 ’ῖ
474 2892 523 2921 71.

191 2938 264 2969 Ver.
280 2943 351 2971 846.
377 2951 447 2972 nec:
474 2941 557 2971 abest
574 2946 615 2971 Π.
638 2939 749 2978 codici;
776 2939 872 2972 vind.

917 2790 938 2805 “
955 2785 1127 2821 scribendo,
1153 2787 1249 2816 vitam
1271 2784 1463 2826 procudito.''
1509 2784 1552 2815 In
1577 2794 1640 2825 quo

915 2844 1022 2868 tamen
1037 2836 1105 2866 faui
1120 2844 1228 2876 putem
1237 2837 1478 2877 grammaticum
1489 2836 1640 2875 interpre-

915 2888 1042 2919 tationis
1057 2897 1138 2925 suae;
1161 2894 1192 2918 et
1207 2887 1380 2918 Varronem
1395 2887 1540 2924 voluisse,
1563 2890 1585 2904 “
1598 2886 1642 2915 vi-

918 2943 941 2959 “
957 2946 1021 2970 tam
1037 2950 1153 2977 acuere,
1170 2939 1219 2969 vel
1233 2938 1396 2970 reficere:”
1414 2949 1454 2969 ne
1468 2945 1572 2977 torpor
1587 2938 1641 2965 ob-
