1926 3224
251 227 345 270 160

707 221 767 268 Τ.
821 217 1198 265 LUCRETII

388 351 515 403 Quod
535 350 711 406 quoique
731 346 933 388 obtulerat
951 344 1105 400 praedae
1123 345 1304 396 fortuna,
1334 346 1505 398 ferebat3

390 427 545 481 Sponte
565 422 635 463 sua
655 421 730 462 sibi
750 420 918 476 quisque
937 417 1084 469 valere,
1115 427 1155 459 et
1174 419 1322 468 vivere,
1353 419 1509 461 doetus.

275 505 358 543 960

446 498 500 539 Et
520 497 660 537 Venus
680 495 723 535 in
742 493 860 550 sylvis
873 492 1073 549 jungebat
1092 506 1265 547 corpora
1284 500 1508 534 amantum:

390 569 645 612 Conciliabat
663 567 773 608 enim
792 565 854 607 vel
874 572 1017 606 mutua
1036 579 1239 620 quamque
1259 565 1424 620 cupido,

249 728 311 759 Sed
333 727 418 758 enim
434 726 592 757 AEolicum
607 725 766 766 digamma
788 724 869 754 clare
884 723 965 753 voci-

247 779 364 810 feratur
390 777 537 808 mendam
566 776 660 816 priori
687 775 789 805 versui
817 773 966 811 insidere;

248 829 341 865 unde,
367 836 398 859 et
419 839 456 858 ex
479 827 591 858 collato
606 836 666 856 ver.
681 828 753 857 475.
774 824 904 855 omnino
918 834 966 854 re-

249 879 445 910 scribendum
461 883 586 917 putem:

365 951 419 978 Tm
431 957 476 982 μεν
490 948 562 977 mN,
584 946 718 978 worn—a

252 1016 331 1048 Mox
346 1015 439 1050 idem,
458 1014 518 1046 Od.
537 1021 567 1045 z.
585 1016 655 1044 127.

285 1100 337 1130 Ὠς
348 1107 422 1129 ueram,
436 1098 542 1132 Susum
555 1096 692 1123 ὑπεδνσατο
705 1096 752 1124 διας
763 1095 891 1123 Οδυσσευς.

249 1165 484 1199 Accommodus
498 1171 543 1196 est
557 1165 650 1195 etiam
673 1164 705 1194 in
720 1163 828 1203 primis
847 1163 971 1203 elegans

249 1219 336 1250 locus
350 1218 371 1250 J
374 1217 523 1255 uvenalis‚
539 1216 578 1247 ad
593 1222 648 1246 sat.
662 1215 701 1245 vi.
718 1219 745 1245 2.

249 1303 615 1312 —————
625 1295 688 1312 cum
699 1286 795 1318 frigida
806 1293 898 1317 parvas

249 1331 382 1355 Praeberet
393 1330 519 1362 spelunca
529 1329 638 1357 domos;
656 1327 812 1358 ignemque,
823 1326 969 1356 laremque,

248 1370 283 1394 Et
294 1376 384 1401 pecus,
395 1373 422 1394 et
434 1369 565 1396 domium,
575 1366 710 1391 communis
720 1365 856 1389 clauderet
865 1365 968 1389 umbra:

248 1409 412 1440 sylvestrem
424 1412 553 1433 montana
564 1411 653 1430 torum
666 1412 728 1430 cum
741 1408 869 1429 sterneret
880 1410 951 1428 uxor

248 1448 405 1477 Frondibus,
417 1452 444 1473 et
457 1447 557 1476 culmo,
569 1445 773 1474 vicinarumque
784 1442 900 1468 ferarum

249 1488 430 1514 Pellibus—-.

254 1561 427 1590 Communis
456 1559 577 1593 umbra,·
602 1556 753 1586 nimirum
778 1556 877 1595 sylvoe,
901 1563 971 1593 quae

248 1610 429 1649 speluncam
441 1609 617 1639 continebat
626 1614 656 1638 et
665 1608 875 1638 obumbrabat.
889 1606 918 1635 V
923 1605 970 1635 ul-

250 1674 301 1705 g0,
318 1666 470 1695 communi
477 1679 488 1700 ;
510 1663 563 1693 sed
578 1668 682 1692 nostra
696 1660 788 1691 lectio
803 1659 972 1700 elegantior

251 1721 304 1751 est,
332 1721 363 1745 et
389 1714 561 1750 exhibetur,
595 1712 678 1752 quod
707 1712 846 1750 impense
874 1710 969 1745 laetor,

251 1768 417 1799 Lactantio
442 1767 475 1797 in
498 1766 621 1797 scholiis
649 1765 690 1795 ad
716 1765 790 1794 Stat.
824 1763 921 1794 Theb.
951 1763 969 1793 i.

253 1822 323 1850 585.
349 1818 491 1853 Ovidius,
506 1823 578 1847 met.
594 1816 615 1846 i.
639 1819 706 1845 122.

584 1889 679 1912 domus
689 1891 765 1912 antra
776 1887 900 1917 fuerunt,

298 1931 333 1954 Et
343 1929 417 1954 densi
417 1929 540 1960 frutices,
557 1932 584 1953 et
595 1928 695 1952 vinctae
708 1927 807 1952 cortice
819 1927 912 1958 virgae.

296 1992 378 2022 Ibid.
401 1993 582 2022 condebant:
608 1991 627 2021 i.
652 2001 679 2021 e.
705 1993 727 2008 “
743 1989 807 2019 una
828 1989 971 2019 locabant

255 2047 277 2063 “
292 2042 467 2078 acervatim,
490 2042 556 2072 sine
571 2041 645 2071 cura
659 2051 694 2070 ac
715 2040 845 2079 pudore,
864 2050 970 2078 corpo-

253 2097 276 2113 “
292 2104 337 2131 ra,
353 2103 427 2123 mox
442 2093 578 2122 discretis
593 2091 738 2121 thalamis
752 2091 902 2120 curiosius
917 2101 969 2129 po-

254 2148 277 2163 “
293 2143 426 2174 nenda.”
474 2142 561 2172 Nihil
575 2148 683 2182 agunt,
710 2148 765 2171 aut
780 2141 895 2179 vident,
917 2142 970 2182 qui

253 2196 493 2234 interpretantur
521 2203 627 2223 vocem
657 2203 712 2231 per
746 2193 972 2223 abscondebant.

253 2246 306 2277 Ita
333 2247 438 2276 minus
466 2251 606 2275 accurate
636 2244 770 2279 Nonius,
800 2244 838 2273 iv.
862 2247 911 2275 49.
933 2243 972 2274 de

254 2296 434 2337 Virgiliano
450 2306 549 2332 versu,
564 2295 598 2325 in
616 2294 690 2325 AEn.
704 2295 736 2324 ii.
753 2297 824 2325 401.

285 2378 421 2402 scandunt
432 2383 520 2401 rursus
531 2382 643 2407 equum,
659 2378 687 2400 et
704 2374 768 2400 nota
785 2374 928 2400 conduntur
945 2375 971 2400 in

377 2417 454 2442 alvo:

254 2480 274 2511 i.
289 2490 315 2510 e.
339 2484 361 2499 “
378 2491 410 2510 se
425 2482 605 2511 cumulatim
620 2479 796 2520 injiciunt.”
834 2479 902 2509 Nec
917 2489 970 2509 ne-

254 2542 375 2562 cessum
389 2538 443 2567 est‚
465 2538 500 2562 ut
514 2532 547 2562 in
570 2532 618 2562 his
632 2531 672 2562 ad
691 2541 816 2562 sensum
831 2531 973 2561 dictionis

253 2582 472 2613 secundarium
495 2583 600 2613 minus
622 2582 778 2622 eleganter
802 2582 972 2622 confugias.

257 2632 318 2663 Sed
332 2644 433 2664 annus
447 2634 568 2674 integer
582 2633 736 2671 transiret,
759 2632 836 2663 dum
851 2632 974 2663 inseitas

254 2684 303 2714 vel
318 2685 350 2714 in
366 2686 422 2715 hac
437 2695 511 2715 voce
533 2685 695 2716 doctorum
711 2685 976 2724 interpretationes

255 2744 470 2775 coarguerem:
502 2737 632 2778 ideoque
648 2737 743 2768 finem
759 2737 862 2768 statim
877 2737 976 2768 facere

254 2785 438 2824 praestiterit.

298 2834 372 2864 Ver.
398 2838 469 2866 955.
503 2838 696 2878 imbreisque:
725 2845 765 2870 Π.
791 2840 972 2880 umbrisque.

254 2885 299 2918 Et
309 2886 421 2925 nescio,
437 2897 477 2918 an
491 2898 555 2919 non
571 2889 648 2920 mihi
663 2891 765 2932 magis
778 2891 923 2922 arrideret
940 2907 973 2924 το

1010 724 1114 754 imbris
1128 723 1279 754 librorum
1301 733 1358 763 pro
1379 723 1514 754 secundo
1533 733 1606 753 casu
1621 722 1729 764 singu-

1009 773 1081 803 laris
1096 775 1217 804 numeri
1233 781 1406 814 acceptum,
1425 781 1516 814 atque
1531 785 1604 804 cum
1628 776 1730 805 Verbe-

1010 835 1047 854 ra
1063 825 1281 855 consociatum.
1327 825 1415 855 Huic
1442 825 1551 855 saltem
1573 832 1729 855 construc-

1011 875 1089 905 tioni
1106 875 1256 916 Virgilius
1269 875 1361 915 favet,
1382 877 1456 907 AEn.
1474 877 1513 906 ix.
1532 880 1603 908 669.

1027 957 1158 987 Quantus,
1170 957 1202 980 ab
1214 963 1308 981 occasu
1319 955 1437 986 veniens,
1448 955 1605 988 pluvialibus
1616 957 1716 987 Haedis,

1027 996 1141 1021 Verberat
1152 996 1229 1020 imber
1242 997 1367 1021 humum.

1014 1066 1077 1096 His
1092 1067 1241 1104 monitus,
1257 1066 1429 1096 emendabo
1447 1067 1482 1097 C.
1500 1067 1641 1096 Marium
1656 1067 1731 1097 Vic-

1012 1123 1122 1153 torem,
1145 1118 1178 1147 in
1201 1127 1270 1157 gen.
1294 1117 1324 1147 ii.
1347 1120 1419 1147 561.
1442 1116 1497 1146 ubi
1512 1116 1606 1157 vulgo
1620 1117 1733 1158 legitur

1013 1174 1082 1201 a'e're
1091 1184 1101 1200 :

1029 1252 1090 1275 Nox
1102 1251 1165 1281 ruit,
1177 1254 1204 1276 et
1215 1251 1309 1276 subitae
1323 1252 1424 1277 coelum
1437 1252 1575 1277 obduxere
1585 1252 1721 1282 tenebrae;

1028 1289 1169 1322 Effusoque
1180 1292 1275 1316 cadens
1287 1295 1368 1316 terras
1371 1291 1438 1323 serit
1448 1292 1536 1316 ethere
1546 1291 1653 1316 nimbus.

1016 1359 1216 1391 Verissimam
1244 1372 1308 1391 esse
1341 1362 1550 1402 conjecturam
1581 1362 1734 1403 Virgilius

1013 1411 1126 1441 evincit
1141 1412 1174 1441 in
1188 1422 1255 1451 geo.
1271 1412 1292 1441 i.
1309 1416 1381 1442 524.
1399 1412 1551 1448 Tibullus,
1567 1413 1586 1443 i.
1603 1417 1631 1443 2.
1648 1416 1676 1444 7.

1059 1484 1143 1514 Janua
1153 1483 1264 1508 difficilis
1275 1484 1405 1513 dominae,
1417 1487 1446 1509 te
1456 1484 1572 1509 verberet
1582 1484 1670 1510 imber:

1014 1545 1069 1576 ubi
1085 1545 1228 1576 consulas
1245 1547 1491 1583 Broukhusium,
1508 1553 1539 1578 et
1552 1547 1584 1579 J.
1601 1548 1635 1578 F.
1653 1548 1734 1579 Gro-

1014 1597 1141 1626 novium
1156 1607 1279 1637 quoque
1293 1597 1333 1627 ad
1351 1597 1420 1627 Sen.
1439 1598 1472 1627 H
1477 1598 1569 1637 ippol.
1583 1602 1655 1628 583.

1059 1647 1137 1677 Ibid.
1163 1649 1286 1677 Verbera
1302 1654 1473 1678 ventorum:
1492 1649 1564 1679 vide
1580 1655 1684 1680 notata
1694 1650 1734 1681 ad

1014 1697 1033 1727 i.
1050 1700 1120 1728 272.
1135 1697 1173 1727 iv.
1185 1701 1255 1728 260.
1269 1701 1341 1729 956.
1359 1698 1480 1728 Pariter
1492 1699 1654 1740 Virgilius,
1666 1711 1733 1742 geo.

1014 1749 1057 1779 iii.
1074 1753 1145 1780 582.

1044 1818 1116 1842 Gens
1127 1817 1225 1842 effrena
1237 1818 1327 1844 virum
1343 1818 1455 1851 Rhipaeo
1466 1820 1585 1844 tunditur
1596 1821 1674 1845 Euro.

1018 1883 1123 1924 Atque
1137 1883 1230 1913 etiam
1248 1884 1373 1921 Seneca,
1403 1885 1476 1915 OEd.
1493 1889 1564 1916 475.

1106 1953 1138 1977 Et
1149 1959 1214 1984 quos
1226 1953 1328 1979 vicinus
1340 1956 1432 1979 Boreas
1434 1954 1573 1985 serit—-.

1016 2018 1062 2048 Ut
1077 2018 1153 2049 alios
1168 2021 1247 2050 bene
1262 2019 1379 2050 multos
1395 2020 1428 2050 in
1450 2030 1482 2050 re
1505 2020 1618 2050 leviore
1634 2021 1733 2060 negli-

1015 2078 1098 2108 gam.

1059 2122 1130 2152 Ver.
1148 2126 1217 2154 956.
1240 2134 1352 2163 neque:
1379 2122 1422 2153 sic
1446 2123 1482 2153 P.
1501 2122 1538 2153 V.
1563 2122 1611 2153 ed.
1637 2123 1676 2154 Ο.
1699 2127 1735 2153 Δ.

1017 2180 1056 2205 Π.
1073 2179 1108 2205 Σ.
1129 2181 1172 2205 Ω.
1189 2180 1223 2204 ut
1237 2185 1357 2214 semper
1379 2174 1456 2204 solet
1477 2174 1641 2204 Lucretius
1655 2174 1735 2204 vari-

1018 2235 1077 2255 are.
1122 2225 1239 2266 Vulgo,
1265 2237 1336 2261 nec;
1360 2225 1448 2255 libris
1472 2235 1569 2255 manu
1593 2224 1736 2262 exaratis,

1018 2282 1065 2306 sat
1078 2276 1151 2312 scio,
1174 2286 1238 2306 non
1253 2275 1474 2306 addicentibus.

1060 2328 1134 2358 Ver.
1151 2331 1221 2360 957.
1243 2331 1391 2359 scierant:
1421 2327 1507 2365 editi,
1520 2329 1657 2364 scibant,·
1680 2326 1734 2358 sed

1018 2379 1114 2410 Vind.
1131 2380 1172 2410 V.
1187 2379 1234 2410 ed.
1250 2380 1286 2410 L.
1304 2381 1351 2410 M.
1370 2386 1411 2410 Π.
1430 2385 1464 2411 Σ.
1477 2381 1627 2410 sciebant.-
1654 2378 1737 2410 unde

1017 2441 1067 2461 me
1082 2430 1318 2461 sincerissimam
1334 2430 1472 2461 Lucretii
1484 2431 1668 2469 scripturam
1683 2429 1737 2460 eli-

1017 2483 1115 2513 cuisse
1127 2483 1174 2512 vix
1192 2488 1285 2513 restet
1294 2482 1411 2522 aliquid
1424 2482 1636 2513 dubitationis.
1661 2482 1687 2512 F
1688 2491 1735 2511 or-

1016 2545 1068 2565 ma
1084 2534 1166 2565 verbi
1188 2534 1295 2564 minus
1317 2534 1428 2564 usitata
1448 2533 1588 2564 librarios
1608 2531 1731 2563 fefellit:

1016 2586 1084 2616 vide
1099 2586 1139 2616 sis
1154 2585 1256 2616 Plaut.
1273 2585 1357 2616 Pers.
1372 2585 1402 2615 ii.
1419 2588 1447 2615 2.
1461 2588 1512 2616 36.
1535 2584 1652 2615 Lucan.
1673 2582 1733 2611 viii.

1020 2640 1090 2667 627.

1064 2687 1144 2718 Ibid.
1167 2689 1306 2718 Moribus
1322 2698 1376 2718 nec
1399 2687 1514 2726 legibus
1539 2686 1604 2720 uti‚·
1627 2685 1734 2723 Sponte

1018 2737 1074 2769 ειιά
1100 2741 1205 2770 vivere.
1250 2738 1330 2768 Haec
1359 2736 1503 2777 spectavit
1529 2735 1734 2772 Mantuanus,

1020 2789 1094 2819 AEn.
1110 2789 1160 2819 vii.
1177 2792 1246 2819 5203.

1017 2862 1122 2887 Saturni
1130 2864 1251 2894 gentem,
1263 2860 1334 2885 haud
1342 2859 1440 2889 vinclo,
1452 2865 1495 2883 nec
1503 2857 1605 2890 legibus,
1616 2863 1734 2889 aequam3

1016 2906 1104 2936 sponte
1115 2903 1176 2933 sud,
1187 2901 1334 2932 veterisque
1347 2900 1389 2926 dei
1399 2907 1426 2926 se
1437 2906 1503 2925 more
1514 2902 1661 2925 tenentem.
