1926 3224
615 217 848 266 LIBER
884 215 1191 266 SEXTUS.

1543 231 1638 272 349

293 349 510 406 Multaque
529 358 624 392 sunt
642 350 748 407 ignis
767 363 898 406 prope
916 349 1071 391 semina
1090 364 1238 406 corpus
1257 352 1390 407 aquai.

294 425 408 476 Hoc,
440 424 510 466 ubi
529 424 707 466 roriferis
726 433 878 466 terram
897 438 986 465 nox
1006 424 1143 466 obruit
1162 425 1334 477 umbris,

182 503 262 540 865
295 499 362 540 Ex
383 499 534 555 templo
555 499 694 541 subtus
713 499 892 556 fiigescit
911 507 1035 548 terra,
1067 499 1246 555 coitque:
1343 549 1345 551 ι

295 573 392 615 Hac
412 573 569 614 ratione
589 572 650 622 fit,
682 580 742 622 ut,
774 580 984 627 tamquam
1005 585 1223 627 conpressa
1242 587 1368 616 manu
1388 573 1454 625 sit,

296 646 514 702 Exprimat
531 647 574 687 in
593 645 766 695 funtem,
798 659 891 701 quae
911 645 1067 686 semina
1087 660 1294 702 quomque
1313 647 1437 690 habet
1456 648 1581 705 ignis;

295 720 403 769 Quae
423 720 600 762 calidum
618 719 773 762 faciunt
792 720 920 762 laticis
940 728 1110 771 tactum,
1143 728 1265 777 atque
1287 735 1491 777 vaporem.

294 794 414 844 Inde,
446 794 515 835 ubi
535 794 594 835 sol
621 795 744 836 radiis
763 805 916 836 terram
936 794 1108 836 dimovit
1130 794 1300 846 obortis,

181 869 262 909 870
294 867 349 908 Et
369 866 568 917 rarefecit‚
600 868 732 909 calido
751 869 947 910 miscente
967 883 1137 924 vapore3

294 941 452 984 Rursus
471 942 516 982 in
535 942 723 998 antiquas
742 942 917 984 redeunt
935 943 1165 998 primordia
1189 942 1302 984 sedes

150 1123 186 1143 va
203 1118 298 1147 tenen·
324 1112 361 1142 L.
378 1113 464 1143 Para
481 1119 558 1144 tenet
564 1128 574 1150 ;
595 1113 643 1144 M.
661 1115 812 1151 Partene;
837 1113 876 1144 Ο.

151 1169 187 1194 Δ.
213 1169 247 1195 Σ.
270 1166 358 1194 Pura
384 1164 624 1194 tenet.—Locus
645 1175 710 1195 non
734 1171 780 1195 est
805 1174 877 1195 acu·

152 1215 230 1246 mini
246 1216 430 1246 ostentando
444 1227 498 1255 per
519 1216 649 1247 lusorias
668 1217 872 1257 conjecturas:

151 1272 211 1296 stat
225 1273 333 1296 contra
346 1266 405 1297 loci
422 1267 511 1302 ratio,
527 1273 557 1297 et
571 1268 776 1298 commutatio
790 1267 878 1299 valde

149 1318 292 1357 proclivis
306 1318 466 1348 literarum
481 1319 727 1358 majuscularum
743 1322 774 1350 P
787 1326 818 1350 et
835 1322 877 1357 R,-

152 1369 192 1400 de
207 1369 270 1411 quii
290 1370 499 1401 consulendus
521 1377 568 1400 est
591 1371 879 1410 Drakenborchius,

152 1420 193 1451 ad
208 1421 275 1451 Liv.
290 1421 375 1452 xxiii.
395 1425 419 1452 l.
437 1425 624 1453 6.—circum
634 1436 644 1452 .·
671 1423 708 1453 P.
723 1423 764 1453 V.
779 1422 826 1453 ed.
843 1423 880 1454 B.

151 1478 449 1503 certum—caetera:
490 1479 534 1502 Ω..
559 1473 758 1503 extera—Et
786 1473 882 1513 vulgo

152 1528 276 1563 ponunt
289 1524 371 1553 Ιιιιηε
386 1528 456 1562 post
470 1524 598 1560 circum,
615 1528 722 1553 contra
737 1522 876 1563 scriptos:

154 1573 349 1614 negligenter
367 1580 474 1603 tamen
489 1572 585 1603 vind.
601 1572 729 1604 collator
744 1574 880 1605 retinuit.

198 1632 268 1662 Ver.
285 1636 357 1663 864.
381 1634 467 1663 Hoc:
494 1632 513 1662 i.
529 1642 555 1662 e.
577 1634 631 1662 hoc
652 1634 750 1670 modo,
778 1632 825 1663 vel
848 1635 882 1664 ob

151 1687 224 1722 hoc,·
240 1685 286 1716 uti
302 1695 457 1726 nusquam
472 1695 537 1715 non
551 1685 730 1716 Lucretius:
751 1685 883 1716 editores

153 1737 299 1768 audaculi
315 1744 421 1768 tamen
436 1747 502 1767 non
520 1738 672 1768 erubuere
687 1737 726 1768 de
748 1748 804 1769 suo
833 1748 883 1768 re-

153 1789 295 1827 scribere,
319 1795 355 1819 ut
376 1789 461 1827 alibi,
486 1791 698 1820 Hine—ubi.-
725 1789 765 1820 V.
781 1789 827 1820 ed.
845 1790 882 1820 Β.

154 1841 226 1876 τίὀί,-
250 1839 335 1870 unde
364 1839 522 1881 eleganter
548 1840 734 1870 concinnare
758 1849 883 1871 versum

154 1898 276 1933 poteras
290 1891 331 1922 ad
345 1892 430 1922 hunc
445 1890 589 1922 modum:

170 1971 229 2007 -Hoc
242 1970 297 2000 tibi,
308 1970 424 1995 roriferis
434 1970 477 1995 ubi
487 1976 542 1995 nox
551 1973 644 1995 terram
656 1970 745 1995 obruit
755 1970 866 2001 umbrk,

169 2009 212 2033 Ex
222 2009 326 2040 templo
336 2010 428 2034 subtus
439 2009 557 2041 frigescit
568 2013 716 2034 terra—2

155 2080 210 2111 sed
225 2080 357 2121 vulgatis
372 2087 477 2111 tamen
493 2081 624 2111 omnino
638 2080 784 2129 standum
797 2086 882 2121 puto.

155 2133 328 2164 -umbris:
355 2133 392 2163 P.
408 2133 445 2163 B.
463 2132 504 2164 Ο.
523 2138 557 2165 Σ.
574 2140 618 2165 Ω.
634 2135 744 2169 mulis,-
768 2139 804 2164 Δ.
823 2144 882 2164 un-

156 2185 221 2215 das.

202 2241 283 2272 Ibid.
307 2241 446 2282 rorffm's
470 2249 582 2273 terram
607 2254 665 2274 nor
691 2244 791 2274 obruit
815 2254 882 2273 um-

157 2294 227 2324 bris.
280 2293 393 2323 Paullo
421 2293 510 2323 aliter
539 2293 701 2333 Virgilius,
739 2294 815 2324 AEn.
844 2294 883 2325 iv.

158 2346 231 2375 551.

384 2416 507 2448 quotiens
516 2417 674 2442 humentibus
684 2417 778 2442 umbris

187 2459 246 2481 Nox
257 2457 335 2488 operit
344 2460 495 2481 terras—-.

199 2526 274 2572 Ver.
291 2528 361 2557 865.
383 2528 502 2557 subtus:
528 2526 624 2557 Vind.
641 2527 683 2557 V.
710 2527 757 2558 ed.
783 2528 822 2563 Q.
845 2527 884 2558 Ο.

157 2580 194 2607 Δ.
211 2583 255 2608 Ω.
275 2579 407 2613 εοηίιιιες
432 2582 466 2608 Σ.
478 2577 555 2618 fims
578 2580 678 2609 inlus:
704 2579 816 2619 quibus
830 2589 883 2609 va-

156 2628 340 2659 riationibus
354 2628 451 2659 rarior
462 2629 562 2660 forma
573 2631 676 2661 subtus
690 2630 884 2662 occasionem

155 2681 283 2720 peperit.

167 2775 171 2778 ⁴
198 2742 280 2773 Ibid.
301 2744 415 2774 subtus.
462 2743 547 2780 Quid
575 2743 613 2780 si,
643 2745 778 2784 supera?
809 2754 885 2775 nam

159 2795 334 2833 superficies
365 2802 455 2825 terrae
486 2795 631 2836 frigescit.
687 2797 743 2827 An
778 2798 883 2827 subter

157 2846 302 2879 umbras?
349 2848 575 2879 Banunms.

159 2904 251 2937 Mera
279 2913 466 2950 λεττολογια
500 2914 533 2940 et
567 2908 730 2950 argutatio.
783 2907 886 2940 sensu

920 1113 1019 1153 po'etae
1033 1113 1115 1144 nihil
1129 1113 1264 1152 apertius
1284 1112 1449 1143 desiderari
1464 1113 1562 1145 debet.
1607 1113 1649 1144 In

920 1172 1079 1206 sequente,
1099 1172 1142 1196 Ω.
1155 1165 1306 1206 frontem,
1322 1175 1379 1203 pro
1391 1165 1522 1206 fontem.

965 1217 1039 1247 Ver.
1064 1220 1135 1247 868.
1157 1218 1276 1248 laticis:
1304 1215 1390 1246 Beda
1405 1215 1489 1255 apud
1505 1216 1649 1247 Putschi·

922 1277 986 1301 um,
1011 1277 1040 1306 p.
1068 1269 1162 1298 2:375.
1189 1278 1295 1307 aquae,·
1322 1267 1410 1307 quasi
1431 1267 1515 1307 prior
1536 1267 1653 1307 syllaba

921 1318 1038 1358 porrigi
1056 1323 1156 1358 queat.
1203 1318 1235 1347 Si
1254 1328 1325 1348 vera
1345 1318 1384 1348 sit
1403 1319 1470 1348 hoec
1490 1318 1653 1358 scriptura,

923 1369 1033 1400 malim
1060 1371 1258 1412 τρισυλλαὲως
1285 1370 1433 1409 accipere,
1463 1373 1569 1410 aquae,-
1599 1371 1654 1401 sed

924 1421 1054 1451 omnino
1076 1421 1236 1461 glossatori
1257 1420 1447 1451 reddendam
1468 1431 1533 1451 esse
1548 1421 1655 1452 existi-

924 1481 1186 1510 mo.——vaporem:
1216 1472 1236 1501 i.
1260 1482 1286 1501 e.
1309 1474 1332 1489 “
1349 1481 1413 1501 nou
1435 1471 1655 1502 tantummodo

927 1525 949 1541 “
965 1522 1101 1553 calidum
1118 1525 1266 1562 tangenti,
1285 1522 1338 1552 sed
1353 1534 1384 1553 re
1400 1521 1469 1554 verti
1486 1522 1655 1554 calidum.”

927 1574 977 1604 Sic
993 1574 1070 1604 solet
1093 1574 1179 1615 loqui
1201 1574 1379 1604 Lucretius:
1406 1574 1539 1604 editores
1554 1585 1590 1604 ex
1605 1585 1656 1605 ar-

925 1625 1017 1655 bitrio
1045 1625 1235 1655 inferserunt
1259 1636 1408 1665 saporem,
1433 1632 1463 1655 et
1488 1631 1596 1655 contra
1618 1625 1658 1655 li-

925 1677 996 1706 bros
1026 1683 1141 1707 veteres
1171 1676 1339 1713 universos,
1377 1682 1408 1707 et
1440 1677 1656 1707 auctoritatem

926 1727 1037 1765 Bedae,
1052 1728 1070 1758 l.
1087 1739 1111 1759 c.

968 1786 1043 1816 Ver.
1061 1790 1131 1818 869.
1154 1788 1280 1817 obortis:
1299 1787 1341 1816 V.
1355 1786 1402 1816 ed.
1418 1787 1456 1817 B.
1473 1791 1508 1817 Δ.
1522 1788 1653 1818 obortis:

928 1836 968 1867 Ο.
991 1838 1127 1873 altorum·
1158 1843 1192 1868 Σ.
1217 1843 1261 1867 Ω.
1285 1839 1417 1873 obortus;
1440 1837 1546 1867 forsan
1568 1847 1655 1867 vere:

925 1887 998 1917 hinc
1014 1888 1099 1917 enim
1116 1888 1222 1917 omnia
1237 1888 1426 1928 quadrarent
1447 1888 1489 1918 ad
1506 1889 1658 1921 amussim

925 1937 973 1968 his
988 1938 1185 1979 Virgilianis,
1202 1938 1236 1968 in
1252 1939 1328 1970 AEn.
1344 1939 1397 1969 xii.
1415 1942 1486 1969 115.

1182 2021 1322 2052 spargebat
1332 2020 1427 2045 lumine
1438 2020 1539 2045 montis

987 2060 1052 2084 Orta
1068 2059 1190 2083 dies—.

971 2127 1051 2157 Ibid.
1074 2130 1173 2158 radiis
1195 2133 1309 2158 terram
1329 2129 1464 2159 dimovit.
1508 2127 1657 2164 Fortior-i-

927 2179 986 2208 bus
1002 2179 1102 2208 verbis
1125 2188 1201 2208 usus
1223 2185 1279 2216 est,
1301 2185 1333 2208 et
1353 2179 1500 2209 audacter
1514 2179 1652 2218 poeticis:

926 2229 1015 2270 quasi
1039 2229 1118 2259 lucis
1144 2231 1222 2260 ictus
1239 2229 1364 2259 vibratae
1388 2229 1489 2259 solum
1511 2236 1655 2269 penetra-

927 2288 992 2312 rent
1023 2287 1116 2321 atque
1145 2281 1329 2321 disjicerent.
1376 2282 1572 2311 Mantuanus
1601 2281 1660 2320 vir,

927 2343 994 2373 geo.
1010 2333 1041 2363 ii.
1058 2337 1130 2364 515.

989 2414 1113 2446 Agricola
1123 2414 1235 2439 incurvo
1250 2417 1343 2438 terram
1355 2413 1468 2439 dimovit
1478 2417 1577 2439 aratro.

931 2485 1010 2515 Solis
1024 2487 1123 2516 calore
1133 2492 1246 2515 terram
1252 2487 1344 2526 findi
1358 2487 1460 2515 notior
1475 2491 1521 2515 est
1535 2484 1664 2516 dioendi

929 2537 1057 2575 locutio,
1085 2547 1121 2567 ac
1150 2537 1283 2577 pedestri
1314 2537 1448 2567 orationi
1471 2537 1660 2568 convenien-

928 2595 998 2619 tlor.

970 2650 1045 2679 Ver.
1070 2652 1142 2680 870.
1172 2651 1314 2680 miscente
1344 2660 1468 2688 vapore.-
1515 2648 1662 2680 intransi-

927 2701 1001 2738 tive,
1025 2700 1073 2730 uti
1094 2700 1173 2730 solet
1188 2707 1307 2737 noster;
1330 2699 1450 2732 fallitur
1466 2706 1572 2730 tamen
1589 2699 1660 2729 Ser-

928 2753 1007 2787 vius,
1045 2752 1181 2782 similem
1220 2752 1364 2782 dictionis
1400 2761 1493 2782 usum
1525 2751 1663 2791 Virgilio

927 2805 1087 2843 imputans
1108 2803 1148 2834 ad
1167 2804 1239 2834 AEn.
1255 2805 1274 2833 i.
1291 2808 1363 2834 440.
1386 2814 1460 2834 nam
1489 2813 1665 2843 pronomen

928 2856 972 2886 ibi
997 2863 1043 2886 est
1072 2866 1110 2885 ex
1141 2855 1299 2894 superiore
1327 2865 1418 2886 versu
1448 2853 1664 2894 repetendum·

928 2900 974 2938 Et
990 2907 1070 2939 forte
1085 2912 1190 2938 noster
1205 2906 1338 2946 scripsit:
