1926 3224
279 263 376 305 230

787 256 850 304 Τ.
899 251 1278 302 LUCRETII

284 391 394 429 1450
425 387 636 437 Carmina,
667 385 861 440 picturas,
893 397 940 424 ac
958 381 1122 424 daedala
1141 380 1273 438 signa,
1303 378 1455 434 politus

422 462 548 511 Usus,
579 468 620 502 et
638 460 814 516 inpigrae
833 457 952 500 simul
971 455 1226 512 experientia
1245 453 1409 503 mentis,

423 534 640 576 Paullatim
659 533 800 576 docuit
818 531 1072 588 pedetentim
1091 526 1431 586 progredienteis.

454 608 524 650 Sic
543 622 673 650 unum
693 606 894 664 quidquid
913 604 1124 662 paullatim
1143 600 1351 658 protrahit
1370 607 1470 640 aetas

281 781 354 818 lito,·
377 780 419 811 V.
444 779 491 811 ed.
517 781 626 820 politos
632 793 643 815 ,·
678 780 725 809 Μ.
746 780 863 818 polita:
891 779 1005 818 caeteri,

275 833 385 872 polire.
427 831 542 868 Locus,
570 830 618 860 uti
641 830 709 871 jam
738 831 923 860 constitutus
948 837 1005 869 est,

283 881 379 923 longe
393 881 574 912 concinnior
588 887 619 912 et
633 880 792 910 venustior
813 880 934 911 videtur
949 891 1004 911 no-

283 932 339 964 bis.
384 933 520 971 Plinius,
544 938 606 963 nat.
628 933 697 963 hist.
720 932 826 963 xxxiii.
841 935 959 964 45.—“
975 933 1009 964 in

284 987 309 1004 “
324 984 458 1024 speculis
471 995 528 1015 usu
542 982 636 1024 ροῐίιᾶ
651 983 930 1015 crassitudine—.”

329 1043 410 1074 Ibid.
436 1045 572 1075 Daedala
593 1045 691 1084 signa.
737 1044 789 1075 De
817 1046 948 1075 Daedalo
981 1051 1013 1076 et

285 1097 383 1136 signis
397 1095 465 1135 ejus
478 1095 585 1126 omnia
600 1095 668 1136 jam
685 1095 823 1137 vulgata:
849 1107 951 1136 operae
966 1102 1011 1127 ta.

286 1158 361 1178 men
375 1147 510 1186 pretium
534 1147 628 1178 fuerit
653 1147 760 1178 locum
786 1148 949 1188 Euripidis
973 1148 1011 1178 il-

287 1197 431 1237 lustrare,
461 1198 494 1228 in
525 1198 605 1229 Hec.
631 1202 701 1229 857.
726 1209 826 1240 quum
855 1199 1013 1230 Porsonus

288 1249 403 1291 aliique
424 1255 600 1281 venustates
621 1251 687 1291 ejus
709 1260 820 1290 pamm
841 1256 1014 1289 perspectas

288 1305 466 1344 habuerint,
489 1305 654 1336 lectionem
675 1305 768 1345 longe
789 1305 1013 1344 ineptissimam

289 1355 386 1387 MSS.
404 1362 618 1397 propagantes,
640 1354 814 1395 posthabita
837 1355 1012 1395 Musgravii

289 1406 448 1438 verissima
463 1407 606 1438 omnium
621 1406 850 1437 emendatione:

327 1497 358 1522 Et
369 1495 422 1530 ’μοι
434 1505 525 1528 yeme·
536 1495 642 1529 φθογγος
656 1504 676 1521 εν
688 1497 818 1530 βραχιοσι,

327 1545 379 1569 Kal
392 1552 471 1578 χερσι,
483 1553 530 1568 και
546 1544 698 1573 ΚΟΡΑῙΣῘ,
710 1553 756 1569 και
767 1543 843 1569 ποδων
853 1544 937 1574 fiam,

329 1591 353 1615 H
375 1590 567 1615 ΔΔῙΔΑΔΟΥ
579 1598 713 1624 mxuma-w,
728 1601 743 1619 η
757 1590 821 1616 θεων
833 1597 907 1618 τινος·

326 1636 377 1666 Ὠς
390 1637 467 1663 aeoevss’
486 1637 588 1673 ὁμαρτῇ
599 1647 646 1664 em
661 1640 799 1663 EXOlTO
813 1648 937 1670 quarm.

330 1684 515 1717 KAAIONT',
537 1695 723 1715 §minc-murm
736 1696 854 1714 ‘xav‘roms
866 1691 955 1718 λογυς.

292 1763 464 1803 Nimirum,
492 1765 622 1795 verbum
649 1778 747 1806 εχομη
776 1766 905 1796 membra
933 1764 1016 1796 dicta

292 1817 431 1856 respicit3
454 1819 583 1849 κλαιοιτ·
600 1823 719 1856 autem,
734 1819 843 1849 oculos.
880 1818 923 1848 Et
937 1819 1015 1849 Dae-

291 1871 398 1906 dolum
413 1869 528 1909 posuit,
553 1870 626 1910 quia
645 1870 712 1910 ejus
736 1876 846 1901 staaeuae
868 1876 933 1900 tam
948 1880 1015 1901 mo-

291 1931 362 1954 vere
386 1926 478 1963 pedes
504 1929 536 1954 et
559 1935 669 1954 manus
693 1924 891 1963 videbantur,
922 1935 1017 1965 quam

292 1975 446 2005 oculorum
462 1984 522 2004 usu
536 1973 607 2005 frui.
652 1974 772 2015 Vulgo,
789 1988 921 2014 neptam:
947 1986 1017 2016 quae

292 2025 388 2056 dictio
413 2025 544 2064 pessime
567 2025 697 2056 alteram
720 2025 838 2065 expulit
859 2026 899 2056 ad
923 2027 1017 2066 Soph.

292 2077 349 2118 Aj.
369 2080 459 2109 1209.
482 2077 552 2107 vide
569 2077 642 2108 Silv.
661 2078 736 2109 Crit.
753 2084 826 2109 sect.
843 2078 924 2109 cxiii.

337 2135 410 2166 Ver.
436 2139 527 2168 1452.
545 2139 803 2177 progredienteis:
839 2137 882 2168 sic
906 2138 941 2169 P.
969 2138 1017 2169 Μ.

292 2189 415 2230 reliqui,
436 2191 663 2230 progredientes
668 2206 680 2226 ,-
705 2200 799 2231 quam
825 2200 898 2221 sane
923 2190 1017 2230 scrip-

293 2246 397 2271 turam
408 2251 604 2282 nequaquam
619 2241 815 2280 deteriorem,
829 2242 893 2273 imo
908 2242 1018 2273 melio·

293 2302 372 2331 rem,
402 2299 486 2332 puto,
516 2299 624 2332 utpote
651 2293 834 2331 doctiorem,
865 2300 895 2324 et
918 2293 1020 2334 magis

294 2344 526 2380 Lucretianam,
542 2345 576 2374 in
591 2345 650 2374 boc
664 2343 773 2374 saltem
788 2344 868 2382 loco,
882 2345 1017 2384 receptat

293 2394 364 2425 vide
384 2405 445 2426 ver.
461 2398 532 2427 554.
561 2394 615 2426 sed
645 2397 700 2426 has
721 2396 882 2427 varietates
906 2397 1020 2436 passim

296 2453 401 2478 noster
420 2448 553 2479 exhibet.

339 2506 415 2537 Ver.
432 2509 525 2538 1454.
546 2508 656 2547 erigit.-
680 2512 716 2537 ut
743 2508 845 2546 arbor,
871 2506 920 2537 vel
934 2517 1019 2548 quae-

296 2557 342 2588 vis
354 2558 462 2598 planta
476 2559 642 2598 procerior,
663 2561 795 2599 erigitur
809 2569 826 2589 e
841 2559 960 2590 telluris
974 2567 1019 2590 te-

297 2611 410 2641 nebris.
455 2611 609 2647 Editores
647 2617 755 2642 contra
782 2611 877 2642 libros
905 2617 1022 2642 veteres

297 2662 465 2699 universos,
489 2669 645 2703 reponunt
664 2665 756 2700 eruit,
782 2674 820 2694 ex
844 2673 903 2694 ver.
930 2666 1020 2694 1588.

298 2721 500 2753 accersentes3
532 2715 675 2755 exemplo
703 2725 778 2746 sane
799 2715 1022 2754 scelestissimo,

298 2774 400 2807 neque
414 2765 497 2809 quod
511 2767 622 2799 debeat
635 2769 731 2799 homo
756 2768 901 2799 cordatus
922 2769 1020 2799 incas-

299 2817 433 2858 tigatum
468 2820 632 2852 dimittere.
689 2820 851 2862 Virgilius,
891 2820 946 2852 ecl.
984 2820 1021 2851 vi.

301 2872 354 2900 83.

1064 781 1139 805 Tum
1150 777 1373 804 Phaethontiadas
1384 783 1477 801 musco
1487 764 1639 801 circumdat
1651 778 1753 799 amam

1066 828 1189 858 corticis,
1204 834 1268 859 aque
1277 826 1334 851 solo
1344 831 1465 857 proceras
1481 823 1553 857 erigit
1563 823 1645 848 alnos.

1055 904 1106 935 Ita
1119 914 1203 935 unus
1216 903 1313 935 codex
1328 904 1453 944 optime,
1469 908 1500 933 et
1514 902 1579 942 ipse
1592 910 1664 932 meo
1678 906 1779 930 marte

1053 956 1298 992 emendaveram,
1324 966 1381 995 pro
1409 955 1535 995 vulgato
1563 960 1671 994 atque5
1694 951 1779 993 quod

1054 1013 1133 1038 stare
1148 1006 1236 1037 nullo
1251 1006 1346 1037 modo
1360 1006 1466 1046 possit:
1491 1015 1566 1035 nam
1579 1007 1638 1036 solo
1653 1007 1780 1044 erigere,

1055 1059 1089 1089 ni
1118 1058 1221 1096 fallor,
1250 1057 1335 1088 idem
1363 1062 1495 1092 sonaret,
1526 1055 1609 1096 quod
1638 1066 1701 1096 spe,
1730 1054 1781 1085 vel

1055 1110 1116 1141 alio
1131 1110 1279 1150 quolibet,
1301 1111 1415 1148 erigere
1422 1124 1433 1145 ‚·
1456 1113 1563 1138 contra
1577 1107 1676 1146 po'etae
1690 1116 1780 1137 men-

1055 1166 1128 1191 tem.

1098 1220 1173 1250 Ver.
1190 1222 1282 1251 1455.
1305 1221 1389 1250 alid.-
1414 1217 1511 1250 Vind.
1527 1218 1568 1248 V.
1598 1217 1646 1249 ed.
1677 1218 1717 1249 0.
1743 1221 1780 1249 Δ.

1058 1277 1099 1301 Π.
1116 1275 1150 1302 Σ.
1177 1272 1353 1302 alium—ex
1375 1272 1460 1301 abest
1476 1271 1706 1302 A.-videbant.·
1732 1270 1781 1300 M.

1058 1327 1093 1352 Δ.
1115 1324 1266 1357 videmus;
1292 1322 1340 1352 uti
1355 1321 1456 1352 solent
1470 1321 1570 1351 edere.

1100 1383 1184 1415 Ibid.
1208 1386 1314 1415 corde.-
1339 1383 1359 1415 i.
1383 1394 1409 1415 e.
1433 1397 1580 1424 αγχινοιᾳ,
1604 1382 1779 1423 sagacitate.

1056 1435 1131 1466 Non
1146 1435 1267 1466 alienus
1283 1440 1329 1466 est
1343 1435 1508 1475 Virgilius,
1524 1444 1592 1475 geo.
1608 1434 1627 1464 i.
1647 1436 1717 1464 125.

1251 1535 1321 1560 curis
1330 1541 1423 1559 acuens
1434 1533 1558 1559 mortalia
1573 1533 1719 1558 corda—.

1106 1613 1185 1645 Ibid.
1200 1616 1339 1645 videbant
1351 1616 1522 1650 clarescere,
1536 1615 1630 1644 donec
1644 1615 1686 1643 ad
1699 1623 1783 1644 sum·

1060 1677 1142 1697 mum
1157 1677 1302 1697 cacumen
1317 1677 1431 1698 venere.
1469 1665 1601 1696 Videtur
1615 1674 1717 1695 sermo
1728 1675 1782 1695 ve-

1059 1717 1240 1748 nustissime
1262 1717 1426 1747 translatus
1446 1717 1486 1747 ab
1498 1716 1617 1747 oriente
1631 1716 1705 1753 sole,
1727 1726 1782 1755 pe-

1060 1768 1211 1799 detentim
1234 1769 1462 1810 progrediente,
1483 1775 1514 1799 et
1535 1769 1677 1799 aetherias
1698 1777 1785 1798 arces

1060 1820 1188 1851 tandem
1197 1821 1430 1852 conscendente.
1450 1820 1582 1852 Anthol.
1593 1818 1661 1851 Lat.
1672 1820 1782 1851 Burm.

1060 1872 1104 1903 iii.
1124 1876 1192 1904 102.
1209 1877 1238 1904 2.

1091 1966 1221 1990 Summum
1233 1965 1269 1990 ad
1281 1965 1391 1997 gradum
1404 1972 1488 1996 quum
1499 1964 1623 1989 claritatis
1632 1964 1747 1996 veneris,

1091 2011 1223 2037 Consistes
1233 2018 1379 2044 aegre—.

1064 2101 1244 2132 Consimilis
1266 2101 1382 2142 legitur
1407 2101 1440 2131 in
1456 2101 1622 2141 proverbiis
1644 2101 1783 2133 Salomo-

1061 2152 1121 2191 nis,
1140 2153 1179 2184 ἰν.
1196 2157 1244 2184 18.
1267 2154 1468 2192 comparatio,
1483 2164 1502 2183 a
1516 2155 1651 2184 diluculo
1669 2154 1702 2183 in
1719 2156 1785 2193 ple-

1061 2215 1134 2234 num
1150 2206 1229 2235 diem
1253 2204 1368 2235 sensim
1392 2205 1615 2235 enitescentem
1640 2205 1785 2236 derivata.

1063 2255 1174 2286 Versio
1212 2257 1308 2286 LXX
1339 2256 1483 2287 viralium
1511 2257 1714 2296 interpretum
1743 2257 1787 2288 sic

1061 2307 1104 2337 ibi
1133 2307 1310 2348 castigatior
1341 2308 1502 2338 scribenda
1527 2315 1585 2339 est:
1612 2309 1659 2339 ‘Aa
1685 2308 1712 2339 δε
1736 2309 1786 2340 ὂδοι

1064 2372 1119 2389 των
1147 2358 1270 2397 δικαιων,
1303 2360 1398 2399 ὅμοιως
1430 2366 1513 2399 φωτι,
1546 2364 1786 2391 ΛΑΜΠΟΤΣΛῙ

1063 2421 1285 2453 aepoaeopwovroea·
1318 2424 1369 2442 και
1394 2412 1556 2452 cmv-agaen,
1583 2411 1631 2445 ἕως
1651 2416 1786 2443 ΚΑΤΟΡ-

1065 2466 1202 2493 enm-:1
1219 2463 1235 2495 ἦ
1251 2463 1347 2504 ἣμερα.
1393 2461 1511 2502 Vulgo,
1534 2469 1671 2501 λαμπκσι
1685 2467 1715 2492 et
1730 2475 1786 2493 κοι-

1065 2515 1195 2556 τορθωσῃ·
1217 2513 1366 2544 dissolute
1380 2513 1494 2553 pariter
1508 2523 1544 2544 ac
1559 2513 1677 2544 soloece.

1109 2573 1182 2604 Ver.
1201 2577 1294 2605 1456.
1319 2575 1455 2605 Artibus.
1499 2574 1600 2609 Forte,
1633 2574 1784 2604 Partibus.

1066 2625 1475 2667 BENTLtius.—Egomet
1496 2625 1582 2656 haud
1597 2624 1749 2656 accedam.

1110 2693 1191 2725 Ibid.
1213 2703 1361 2725 summum
1377 2704 1540 2725 cacumen:
1564 2698 1600 2723 ut
1618 2691 1638 2721 ἰ.
1654 2694 1724 2722 897.
1750 2692 1781 2721 ii.

1067 2748 1157 2777 1129.
1184 2751 1215 2775 et
1246 2745 1374 2784 Seneca,
1404 2744 1533 2784 Hippoi.
1564 2745 1656 2774 10‘27.
1691 2752 1785 2784 quem

1065 2796 1148 2826 male
1162 2797 1315 2834 habitum,
1331 2803 1362 2827 et
1379 2795 1498 2828 nemini
1512 2793 1715 2830 intellectum,
1732 2805 1784 2824 ex-

1065 2847 1248 2887 peditiorem
1264 2847 1358 2880 dabo:
