1926 3224
276 218 370 259 860

733 222 736 225 ’
771 216 833 263 Τ.
884 210 1263 261 LUCRETII

302 345 386 383 970
418 343 660 402 Barbigeras
680 343 850 384 oleaster
869 357 918 383 eo
931 343 1048 397 juvat
1066 355 1194 395 usque
1214 338 1399 394 capellas,

417 418 579 460 Ecfluat
598 417 800 458 ambrosia
820 416 934 472 quasi
959 430 1071 465 vero,
1093 423 1134 455 et
1153 421 1332 462 nectare,
1352 413 1516 454 tinctus:

418 491 514 540 Qua
534 490 635 530 nihil
655 498 714 531 est
733 490 892 531 homini
907 489 1018 545 quod
1039 488 1215 529 amarius
1233 485 1423 527 frundeat
1441 493 1541 526 estu.

416 564 624 618 Denique,
646 564 924 605 amaracinum
939 562 1094 619 ‘fugitat
1113 576 1195 610 sus,
1217 568 1259 600 et
1277 560 1393 600 timet
1412 572 1534 599 omne

420 636 712 693 Unguentum3
745 652 840 678 nam
862 635 1043 693 setigeris
1064 633 1188 675 subus
1208 646 1301 673 acre
1320 645 1523 672 venenum
1542 637 1616 682 est,

301 710 385 750 975
419 710 546 759 Quod
565 725 641 752 nos
661 711 867 752 interdum
887 719 1097 764 tamquam
1116 720 1300 748 recreare
1314 704 1485 746 videtur.

418 785 477 824 At
497 793 641 826 contra
660 785 779 825 nobis
799 797 960 825 coenum
983 781 1191 823 teterrima
1210 793 1335 835 quom
1355 779 1406 820 sit

421 858 656 912 SpurcitieS‚
679 858 820 899 eadem
842 857 979 898 suibus
998 856 1089 897 haec
1109 854 1265 896 munda
1285 852 1457 902 videtur,

420 931 706 973 Insatiabiliter
725 932 825 973 totei
843 940 890 973 ut
909 930 1122 972 volvantur
1141 927 1331 969 ibeidem.

320 1096 394 1126 Ver.
411 1100 482 1128 971.
500 1099 641 1139 Ecfluat:
661 1099 699 1135 Q.
713 1100 847 1138 Epluat;
864 1097 917 1129 sed
932 1098 997 1128 edi-

277 1150 358 1176 tores
372 1146 642 1186 impudentissimi,
657 1149 808 1189 Dffuat,
828 1148 912 1178 libris
927 1147 998 1176 uni-

276 1197 370 1227 versis
399 1198 853 1230 reclamantibus—ambrosz'ci:
890 1198 925 1227 P.
959 1197 997 1227 Ο.

277 1249 457 1280 ambrosiam
464 1264 475 1285 ;
495 1250 535 1280 V.
551 1250 598 1280 ed.
615 1251 651 1280 Β.
669 1256 703 1281 Δ.
719 1255 752 1280 Σ.
768 1255 811 1278 Ω.
826 1249 999 1277 ambrosias.

276 1305 349 1330 —et
363 1307 486 1331 nectare
500 1303 630 1331 tinctus:
657 1299 753 1328 Vind.
772 1305 800 1328 ee
815 1299 1000 1328 nectaretin-

275 1355 340 1385 ms‚-
366 1351 406 1380 V.
434 1350 480 1379 ed.
507 1356 535 1380 et
559 1356 664 1380 nectar
678 1355 705 1380 et
721 1351 820 1385 m‘tus;
853 1349 891 1379 Ο.
906 1353 949 1379 ’Δ.
971 1354 999 1379 et

275 1407 382 1430 nectar
395 1406 423 1430 et
438 1402 537 1434 inlus1
565 1405 599 1431 Σ.
618 1411 633 1430 e
648 1391 769 1431 nectare
784 1402 877 1431 intus.

321 1459 401 1489 Ibid.
417 1462 508 1499 quasi
522 1471 601 1491 vero:
619 1461 885 1501 quemadmodum
902 1460 998 1491 Plau·

275 1515 326 1540 tus
357 1517 403 1540 est
433 1511 566 1549 locutus,
597 1512 630 1541 in
662 1512 803 1552 Amphit.
832 1511 911 1551 prol.
943 1515 996 1543 89.

275 1561 391 1592 Pseud.
406 1562 437 1592 ii.
455 1566 483 1592 2.
500 1566 550 1593 40.

322 1621 402 1652 Ibid.
418 1623 568 1654 ambrosia
582 1631 609 1655 et
619 1632 739 1656 nectare
754 1627 875 1656 tinctus.
901 1623 1001 1655 Haud

275 1673 395 1714 vulgari
427 1680 472 1704 est
500 1675 655 1715 elegantia
684 1677 808 1707 locutio.
854 1676 1002 1707 Sidonius

278 1724 472 1763 Apollinaris
487 1725 640 1765 similiter,
657 1737 750 1758 carm.
766 1728 805 1757 ix.
821 1730 893 1757 521.

367 1815 501 1845 nardum,
512 1823 542 1840 ac
555 1816 662 1848 pinguia
674 1817 847 1842 Nicerotianis

369 1857 439 1887 Quae
443 1856 569 1889 fragrant
580 1858 709 1882 alabastra
720 1859 798 1883 tincta
809 1858 882 1882 sucis.

277 1933 342 1964 Ubi
346 1936 491 1974 flagrant
508 1941 553 1965 est
568 1935 601 1964 in
618 1935 718 1971 edit-is,
731 1936 932 1975 ineptissime:
950 1936 1000 1966 uti

276 1984 415 2023 profecto
429 1986 541 2024 passim
557 1987 590 2015 in
605 1987 654 2016 his
668 1987 792 2017 vocibus
803 1987 918 2016 librarii
932 1997 1001 2025 pec-

276 2045 394 2065 cavere.
441 2035 544 2073 Idem,
569 2036 608 2066 ad
638 2038 677 2067 xi.
708 2041 760 2068 64.
791 2037 1001 2077 castigationis

277 2085 410 2125 indiget:

610 2169 679 2194 calet
690 2169 735 2194 ille
750 2169 877 2201 superbus

323 2207 446 2231 Ruricius
456 2207 552 2231 nostris
563 2208 680 2239 facibus;
697 2209 823 2239 dulcique
836 2215 938 2234 veneno

322 2246 435 2276 Tinctus,
446 2247 570 2271 votivum
579 2248 692 2279 suspirat
704 2249 784 2273 corde
795 2248 925 2273 dolorem.

277 2333 398 2374 Vulgo,
413 2340 521 2365 tactus.
568 2334 709 2372 Ovidius,
731 2346 768 2366 ex
788 2335 878 2366 Pont.
893 2335 932 2365 iv.
950 2338 998 2365 lo.

277 2387 326 2414 51.

306 2465 372 2490 Heic
382 2466 438 2498 agri
447 2466 597 2496 infrendes,
605 2467 664 2492 heic
676 2468 776 2499 spicula
786 2467 865 2492 tincta
877 2467 999 2492 venenis.

276 2535 328 2566 Ibi
343 2536 472 2576 quidam
495 2537 582 2568 codd.
609 2545 697 2570 tecta.
745 2539 795 2569 Sic
821 2546 926 2569 autem
946 2538 999 2570 alii

275 2586 368 2616 multi
399 2587 494 2618 locuti
516 2595 597 2619 sunt.
642 2589 686 2619 Et
706 2590 810 2620 nescio
832 2601 872 2620 an
899 2600 999 2629 operae

275 2637 410 2674 pretium
440 2638 479 2668 sit
502 2639 752 2670 emendationem
776 2640 938 2679 periclitari
964 2640 998 2671 in

275 2696 402 2718 carmen
417 2689 507 2720 sutile
523 2690 653 2721 Anthol.
674 2691 741 2722 Lat.
758 2692 867 2722 Burm.
884 2702 909 2722 v.
928 2694 997 2723 167.

276 2740 296 2750 ι·-

273 2749 306 2768 0.

304 2819 340 2842 Ηί
350 2823 411 2844 sunt
425 2822 544 2851 affectus,
556 2823 619 2849 haec
631 2818 730 2855 oscula,
741 2825 820 2850 tincta
829 2826 953 2856 venenis;

339 2858 524 2892 conjugioque
537 2864 633 2894 Venus,
643 2871 698 2890 sem
702 2872 749 2897 per
759 2872 860 2896 amara,
871 2872 978 2891 nocens-

995 2936 1016 2962 5

1043 1095 1130 1126 Editi
1144 1094 1272 1128 habent,
1285 1093 1393 1129 digna,
1407 1095 1438 1119 et
1453 1099 1562 1119 amore.
1603 1087 1763 1129 Denique,

1043 1145 1252 1176 Terentianus
1269 1143 1403 1172 Maurus
1417 1140 1506 1177 adsit,
1520 1152 1550 1181 p.
1566 1144 1659 1172 2437.

1075 1225 1141 1247 Nam
1156 1226 1246 1247 vatem
1258 1221 1374 1246 eundem
1387 1223 1437 1250 est,
1447 1220 1538 1246 Attico
1549 1220 1628 1252 thymo
1638 1219 1756 1250 tinctum,

1074 1261 1132 1286 Pari
1141 1261 1231 1293 lepore
1241 1262 1431 1290 consequutus,
1442 1262 1469 1283 et
1480 1262 1578 1283 metro.

1087 1324 1159 1354 Ver.
1175 1326 1247 1356 972.
1274 1321 1359 1357 Qud.-
1384 1322 1404 1352 i.
1421 1332 1448 1352 e.
1471 1322 1591 1359 arbore,
1606 1321 1653 1352 vel
1669 1319 1764 1358 oliv&

1043 1386 1179 1417 quarum
1193 1375 1367 1406 dictionum
1378 1373 1494 1404 utravis
1505 1373 1537 1403 in
1553 1375 1677 1404 oleaster
1692 1382 1767 1403 oon.

1044 1427 1169 1457 tinctur.
1213 1426 1315 1456 Docte
1336 1425 1494 1460 nimirum,
1510 1430 1547 1454 ut
1561 1423 1686 1454 adsolet.
1730 1423 1767 1454 P.

1045 1479 1104 1513 Ac,-
1133 1476 1215 1506 haud
1233 1475 1327 1506 dubie
1350 1481 1458 1506 contra
1482 1475 1626 1514 scriptos:
1653 1474 1770 1514 placuit

1043 1536 1148 1560 tamen
1163 1527 1339 1559 editoribus.
1366 1533 1410 1557 Ω.
1432 1538 1489 1567 quo
1495 1542 1506 1563 ,·
1530 1526 1583 1557 sed
1596 1527 1663 1556 haec
1677 1525 1769 1556 lectio

1044 1580 1192 1611 inscitum
1208 1579 1339 1609 scribam
1357 1577 1644 1617 sapit—amarz‘us:
1671 1576 1766 1607 Vind.

1045 1633 1184 1668 inm-ius‚·
1209 1631 1248 1661 V.
1264 1630 1311 1661 ed.
1328 1630 1366 1666 Q
1382 1631 1517 1666 marius,-
1540 1629 1577 1660 L.
1594 1629 1641 1660 Μ.
1664 1631 1698 1660 in
1712 1640 1766 1660 ar-

1045 1684 1105 1719 vis;
1140 1693 1209 1723 quoe
1239 1692 1303 1712 non
1333 1681 1467 1711 invicem
1495 1681 1680 1720 discrepant,
1709 1690 1767 1712 nec

1044 1733 1187 1773 vulgatis,
1210 1733 1269 1763 nisi
1291 1733 1324 1762 in
1340 1733 1455 1762 omisso
1471 1743 1508 1762 a:
1536 1731 1575 1762 Ο.
1599 1734 1633 1762 in
1648 1732 1747 1772 majus
1754 1746 1766 1768 ,-

1045 1790 1080 1817 Σ.
1110 1787 1219 1824 magis:
1244 1785 1303 1814 hoc
1325 1783 1511 1814 vocabulum
1533 1793 1606 1814 curn
1621 1788 1768 1824 sequente

1045 1838 1131 1867 abest
1151 1842 1185 1866 A.
1211 1836 1260 1866 Sic
1275 1842 1393 1866 tentare
1410 1841 1561 1875 poteram,
1584 1834 1638 1866 sed
1653 1840 1767 1865 conatu

1044 1888 1181 1918 nimium
1196 1887 1305 1918 audaci
1321 1887 1461 1917 forsitan:

1060 1961 1119 1992 Qua
1133 1960 1197 1985 nihil
1209 1964 1248 1986 est
1259 1960 1363 1985 homini
1375 1961 1448 1991 quod
1460 1960 1486 1984 in
1497 1960 1575 1984 αντη]
1576 1959 1667 1991 fedius
1675 1961 1765 1984 exstet.

1044 2030 1243 2070 —frundeat‚
1260 2029 1472 2069 velfrondeat:
1492 2028 1530 2057 V.
1547 2029 1594 2059 ed.
1607 2029 1644 2064 Q.
1650 2028 1767 2069 fivnde

1044 2092 1080 2110 ac
1087 2096 1098 2116 ,·
1122 2080 1207 2110 unde
1224 2080 1358 2109 Vossius
1372 2079 1565 2115 rescribebat,
1568 2079 1683 2120 fronde
1693 2081 1763 2110 hac.-

1046 2141 1097 2160 me
1111 2130 1229 2170 judice,
1244 2140 1355 2169 parum
1370 2129 1409 2160 de
1423 2140 1510 2160 more
1526 2130 1766 2161 Lucretiana—

1043 2187 1120 2211 escu:
1145 2181 1188 2210 sic
1203 2181 1321 2218 optime
1345 2185 1380 2210 Σ.
1404 2180 1514 2220 reliqui
1530 2190 1650 2218 omnes,
1665 2187 1767 2217 exsec&

1045 2232 1099 2262 sed
1113 2231 1198 2262 cassa
1212 2241 1284 2261 cum
1297 2231 1536 2269 constructione,
1549 2241 1585 2261 ac
1596 2231 1691 2262 nullis
1699 2241 1767 2262 ma-

1043 2284 1143 2314 chinis
1158 2283 1357 2323 expedienda.
1392 2285 1471 2315 Estu
1489 2294 1560 2314 vero
1573 2289 1608 2314 ut
1622 2290 1765 2316 comestus

1045 2345 1144 2375 neque
1161 2334 1288 2365 audiam
1304 2334 1450 2375 equidem
1465 2335 1498 2364 in
1519 2335 1577 2365 hac
1604 2345 1638 2365 re
1661 2345 1767 2375 gram-

1045 2387 1292 2417 maticastrorum
1301 2397 1448 2427 gregem;
1463 2393 1497 2417 tu
1507 2386 1611 2417 videas
1620 2386 1768 2418 Diomed.

1044 2448 1073 2476 p.
1097 2441 1168 2469 558.
1192 2438 1342 2468 Priscian.
1365 2448 1394 2476 p.
1417 2441 1488 2469 892.
1511 2438 1616 2468 minus
1633 2448 1767 2469 vconsen-

1044 2489 1164 2520 tientes.
1208 2489 1353 2519 Editores
1371 2495 1489 2526 autem,
1503 2489 1556 2530 qui
1571 2500 1624 2520 me
1638 2499 1766 2529 praeces-

1043 2540 1149 2578 serint,
1174 2539 1213 2570 ad
1240 2540 1411 2571 editionem
1434 2540 1485 2571 Pii
1508 2540 1675 2572 exhibuere
1698 2549 1765 2571 ver-

1043 2603 1128 2622 sum:

1072 2666 1108 2690 At
1129 2665 1193 2690 nihil
1210 2670 1250 2691 est
1267 2666 1373 2691 homini
1385 2666 1482 2698 fronde
1498 2667 1543 2692 hac
1564 2666 1637 2698 quod
1656 2664 1771 2690 amarius

1162 2709 1262 2732 exstet.

1042 2768 1281 2809 Nobismetipsis
1311 2776 1376 2800 tam
1402 2770 1479 2800 latas
1513 2768 1720 2800 aberrationes
1750 2778 1769 2798 a

1042 2825 1322 2856 vetustissimorum
1343 2824 1431 2857 codd.
1453 2822 1603 2863 scriptura
1621 2832 1685 2853 non
1699 2831 1766 2861 per-

1042 2882 1205 2907 mittimus.
