1926 3224
518 204 526 214 '‘
580 227 815 277 LIBER
874 225 1178 276 SEXTUS,

1532 234 1625 281 287

292 362 414 411 Quur
432 368 549 402 tonat
568 374 620 401 ex
640 359 705 401 illa
725 367 856 415 parte,
879 368 925 401 ut
944 359 1072 400 vitare
1092 357 1310 414 queamus?

295 435 416 484 Quur
436 434 622 476 tenebras
642 442 752 483 ante,
774 441 814 474 et
832 431 1031 482 fremitus,
1053 440 1094 473 et
1113 445 1340 482 murmura,
1361 429 1520 472 concit?

178 513 263 548 410

348 509 402 550 Et
423 508 541 550 simul
562 509 605 548 in
625 506 770 547 multas
791 507 942 559 parteis
961 505 1032 560 qui
1053 505 1219 546 credere
1238 505 1365 560 possis

294 581 486 624 Mittere?
520 581 590 621 An
609 579 724 620 hocc'
743 578 851 618 ausis
871 592 1097 632 numquam
1117 579 1366 620 contendere
1385 578 1551 627 factum,

294 656 355 697 Ut
373 655 518 695 fierent
537 655 640 694 ictus
660 666 744 692 uno
765 651 840 692 sub
860 659 1045 706 tempore
1064 650 1222 706 plures?

290 729 349 770 At
369 742 476 782 saepe
495 734 556 767 est
574 740 748 767 numero
768 725 937 776 factum,
959 725 1131 781 fierique
1150 739 1314 766 necesse
1333 733 1408 775 est,

292 802 354 842 Ut
371 801 511 855 pluere
531 800 575 840 in
594 800 732 842 multis
752 800 1004 857 regionibus,
1027 808 1067 841 et
1088 799 1234 842 cadere
1252 799 1433 850 imbmis,

174 879 256 915 415
290 873 480 915 Fulmina
500 874 558 915 sic
577 888 662 914 uno
682 873 772 915 fieri
794 874 868 915 sub
889 883 1075 929 tempore
1096 873 1235 915 multa.

480 1028 610 1060 surgentis
621 1027 683 1053 mole
695 1027 822 1059 profundi

195 1070 331 1100 lnjectum
343 1067 418 1093 terris
430 1068 550 1092 subitum
561 1075 642 1092 mare.-

960 1029 1034 1059 Ver.
1055 1032 1126 1058 411.
1151 1030 1292 1060 Mittere:
1317 1028 1446 1069 quidam
1467 1029 1554 1060 codd.
1578 1029 1643 1068 Pii,

917 1083 1162 1112 Me‘ttz'er.—lzoc:
1191 1085 1225 1111 Σ.
1248 1083 1325 1116 Ιιαε;
1347 1091 1405 1111 nec
1433 1091 1507 1111 sane
1535 1081 1643 1122 displi-

148 1140 204 1172 ubi
219 1140 309 1179 plura
323 1139 456 1169 contulit
471 1138 756 1175 Drakenborchius‚
772 1144 803 1169 et
818 1149 875 1170 nos
916 1138 973 1163 cet·

150 1201 252 1230 supra,
269 1190 310 1221 ad
323 1200 349 1220 v.
366 1193 441 1221 489.
465 1189 504 1219 de
519 1189 622 1229 phrasi
637 1196 778 1221 natantes
792 1202 874 1221 cam-

145 1253 211 1282 pos.
246 1241 380 1277 Interea,
393 1240 560 1280 eleganter,
573 1246 665 1282 atque
680 1240 775 1271 etiam
789 1251 878 1281 mag-

151 1292 254 1330 nifice,
270 1292 308 1322 de
324 1292 491 1332 ingruente
507 1293 620 1323 diluvio
637 1291 784 1322 Alcimus
799 1291 876 1322 Avi-

149 1348 212 1382 tus,
227 1343 266 1373 iv.
283 1346 354 1374 472.

181 1417 334 1449 Insequitur
344 1420 437 1442 tamen
450 1423 575 1446 oceanuS‚
587 1416 740 1449 refugisque
751 1416 858 1443 fluentis

182 1457 323 1487 Imminet,
333 1461 360 1482 et
372 1456 442 1481 salsis
454 1456 569 1488 impellit
580 1456 684 1480 molibus
694 1463 795 1482 amnes·

152 1521 248 1553 Unde
264 1521 370 1552 statim
385 1520 540 1551 emacules
555 1521 691 1551 eundem
706 1521 798 1558 infra,
814 1532 875 1552 ver.

151 1577 225 1606 489.

213 1646 359 1678 Praegravis
370 1646 465 1671 insanis
476 1645 595 1677 pulsatur
605 1645 709 1670 molibus
716 1652 792 1670 arca:

152 1711 207 1742 ubi
221 1710 291 1740 libri
306 1710 383 1741 dant
396 1712 532 1741 motibus.
568 1710 636 1740 Nec
651 1709 795 1740 Sedulius
809 1709 877 1740 lau-

153 1767 186 1793 to
199 1761 306 1792 lectori
321 1761 505 1801 displicebit,
520 1770 614 1792 carm.
629 1761 649 1791 i.
665 1765 717 1792 58.

163 1842 218 1874 Qui
225 1848 308 1874 genus
316 1842 479 1873 humanum,
488 1846 589 1874 praeter
597 1849 664 1873 quos
673 1843 801 1868 clauserat
810 1848 882 1873 arca,

162 1882 271 1908 Diluvii
283 1882 373 1908 rabidi
387 1882 535 1914 spumantis
544 1882 606 1907 mole
617 1882 703 1914 sepult
708 1890 767 1913 um,

164 1922 227 1947 Una
237 1922 337 1947 iterum
347 1923 381 1947 de
389 1922 472 1953 stirpe
487 1928 600 1947 creas—.

197 1993 270 2024 Ver.
288 1995 358 2024 405.
384 1995 556 2024 Proeeerea:
580 1993 616 2023 L.
638 1993 687 2023 M.
709 1992 747 2023 O.
773 1997 806 2024 Σ.
835 1999 879 2024 Ω.

155 2046 338 2084 Propter-em
363 2049 398 2074 Δ.
422 2045 634 2083 Propter.—-si
648 2045 716 2079 volt,
732 2054 787 2073 seu
802 2045 877 2074 vult.-

152 2094 252 2125 vind.
266 2097 294 2126 si
308 2097 394 2126 cuuz't
401 2110 412 2132 ,-
435 2094 495 2133 vel,
511 2099 548 2124 ut
563 2099 649 2133 puto,
676 2095 703 2124 si
717 2104 772 2134 per
789 2094 882 2124 colla-

154 2151 255 2177 torem
282 2157 332 2177 res
361 2147 500 2182 stetisset,
533 2148 578 2177 sic
608 2148 695 2183 uuit,·
719 2148 747 2176 εἰ
772 2156 885 2185 nempe

154 2207 229 2228 cum
242 2200 296 2234 sic,
322 2200 378 2228 etl
393 2208 467 2228 cum
489 2200 512 2236 ι’,
535 2203 572 2227 ut
594 2197 670 2227 alias
692 2196 882 2236 saepiuscule,

155 2249 295 2280 mutatis:
321 2250 363 2280 V.
385 2250 433 2280 ed.
463 2251 562 2280 sinuit
570 2264 582 2285 ;
603 2249 637 2278 in
665 2248 779 2288 quibus
804 2248 884 2278 nihil

155 2300 323 2331 confusum
338 2305 384 2330 est
403 2306 513 2340 praeter
535 2302 548 2330 z·
563 2306 594 2329 et
615 2301 643 2330 l:
668 2300 706 2329 L.
724 2299 770 2329 M.
776 2299 860 2339 juvit
867 2315 878 2336 ,-

156 2362 223 2382 uno
237 2351 335 2382 ductu
349 2352 430 2382 inter
445 2358 490 2382 tot
505 2351 622 2382 similes
644 2351 759 2390 elapso:
788 2351 828 2381 O.
844 2356 880 2382 Δ.

155 2414 284 2439 soevum‚·
311 2407 346 2434 Σ.
367 2405 454 2439 εει-ιἰς
481 2409 525 2433 Ω.
540 2404 601 2433 sevi
615 2408 658 2433 ut.

200 2454 276 2485 Ver.
306 2455 378 2484 407.
415 2455 592 2494 obprimere:
618 2459 654 2483 Δ.
671 2463 824 2493 premere;
849 2457 884 2484 Σ.

151 2506 302 2546 perimere
309 2518 319 2535 .·
346 2505 394 2536 M.
414 2505 509 2535 etiam
524 2504 578 2534 dat
591 2505 647 2542 vel,
663 2513 719 2543 pro
733 2505 800 2535 volt.

202 2557 279 2587 Ver.
306 2560 379 2588 408.
414 2564 450 2588 ut
478 2558 574 2588 vitare
605 2567 767 2597 queamus:
799 2561 884 2587 tene·

155 2608 246 2639 broso
261 2617 374 2647 nempe
383 2607 472 2647 coelo,
484 2613 516 2638 et
528 2607 725 2638 crassioribus
736 2607 884 2646 nubibus,

157 2658 342 2699 praemoniti.
797 2668 800 2670 ·

200 2713 276 2744 Ver.
290 2716 364 2743 410.
386 2711 441 2753 qui
455 2714 574 2745 credere
586 2715 700 2753 possis.-
724 2718 760 2744 tu
788 2712 882 2743 nimi-

157 2765 242 2803 rum,
258 2765 311 2805 qui
328 2765 443 2804 pariter
457 2764 557 2796 credis
573 2775 648 2796 eum
661 2764 750 2802 velle,
773 2770 810 2795 ut
827 2774 886 2795 nos

156 2815 254 2846 ictum
287 2816 434 2846 fulminis
464 2826 638 2847 caveamus.
683 2816 748 2846 Res
777 2821 886 2846 autem

156 2866 223 2896 haec
249 2866 385 2897 difficilis
398 2867 434 2898 fit
449 2867 638 2900 multiformi
658 2877 694 2899 ac
708 2865 885 2908 promiscua

157 2915 292 2948 telorum
302 2918 501 2959 jaculatione.

959 1193 1035 1223 Ver.
1051 1195 1123 1223 415.
1146 1193 1206 1222 At.-
1232 1191 1274 1221 V.
1290 1190 1338 1221 ed.
1355 1192 1418 1226 Εἰς
1447 1191 1486 1221 Ο.
1502 1193 1559 1222 Ac.

962 1244 1036 1274 Ver.
1061 1246 1133 1275 415.
1156 1241 1246 1273 Nihil
1274 1242 1358 1272 volui
1382 1252 1419 1272 ex
1441 1241 1581 1282 ingenio,
1611 1251 1646 1272 re

921 1304 984 1324 non
999 1304 1126 1333 prorsus
1139 1299 1279 1334 cogente,
1301 1293 1477 1331 demutare3
1499 1292 1554 1323 sed
1567 1293 1647 1324 meis

922 1351 967 1376 est
990 1345 1088 1376 oculis
1102 1345 1173 1376 luce
1191 1345 1363 1376 meridiana
1378 1345 1504 1384 clarius,
1527 1345 1646 1375 Lucre-

922 1397 1002 1426 tium
1018 1396 1102 1427 haud
1117 1396 1217 1434 aliter,
1238 1407 1333 1437 quam
1348 1396 1388 1427 ad
1402 1397 1487 1427 hunc
1502 1396 1647 1435 modum,

922 1448 1067 1487 primitus
1082 1447 1236 1487 scripsisse
1250 1458 1387 1478 versum:

985 1521 1106 1546 Fulmina
1115 1521 1152 1545 sic
1162 1527 1217 1545 uno
1220 1520 1290 1552 sern'
1301 1520 1349 1545 sub
1359 1524 1484 1552 tempore
1495 1520 1593 1546 multa.

925 1593 976 1623 Sic
990 1595 1105 1624 cadunt
1120 1593 1246 1631 imbres,
1251 1593 1403 1634 feriemur
1411 1592 1556 1628 fulmina,
1572 1602 1647 1623 cum

922 1645 1109 1675 amicissimo
1131 1655 1284 1676 consensu
1306 1645 1509 1675 locutionum.
1554 1646 1649 1676 Fem·

922 1697 1016 1726 etiam
1027 1703 1058 1727 et
1061 1698 1142 1737 fieri
1151 1696 1252 1726 solent
1262 1706 1474 1735 saepenumero
1482 1694 1648 1726 confundi:

922 1758 980 1778 nec
1002 1748 1247 1788 frequentiorem
1268 1748 1403 1778 imbellis
1416 1753 1449 1777 et
1462 1747 1568 1777 otiosae
1582 1747 1648 1777 dic-

925 1799 1018 1828 tionis
1040 1799 1257 1837 repetitionem
1279 1799 1432 1837 patienter
1445 1798 1650 1829 admittimus-

924 1850 947 1881 J
949 1849 1052 1880 udicio
1063 1855 1170 1879 tamen
1182 1860 1238 1879 suo
1249 1849 1377 1879 lectores
1388 1849 1533 1879 fruantur
1543 1848 1653 1887 velim;

923 1911 997 1931 nam
1013 1899 1106 1930 taedet.
1119 1900 1210 1939 plura
1224 1900 1333 1930 dicere.

966 1960 1039 1990 Ver.
1055 1963 1126 1990 416.
1148 1962 1293 1991 delubra:
1320 1966 1365 1990 Ω.
1387 1961 1528 1996 dilubra;
1549 1959 1645 1990 male:

922 2011 993 2041 vide
1019 2011 1155 2041 Festum.
1213 2011 1294 2041 Haec
1324 2016 1431 2041 autem
1459 2011 1580 2040 videtur
1610 2011 1650 2041 de

929 2061 1069 2100 Comico‚
1095 2061 1134 2092 ad
1155 2062 1239 2092 Nub.
1257 2065 1328 2092 401.
1352 2068 1516 2092 mutuatus
1535 2066 1649 2098 noster,

927 2113 970 2142 sic
985 2112 1179 2142 facetissimae
1194 2112 1246 2141 filo
1262 2112 1416 2147 dictionis,
1438 2118 1474 2142 ut
1488 2112 1577 2149 solet,
1599 2122 1649 2142 ar-

928 2170 1118 2204 gumentum
1140 2163 1321 2199 deducente,
1348 2169 1380 2194 et
1402 2163 1541 2194 numeris
1563 2173 1650 2194 com·

927 2215 1129 2246 modissimisz

964 2306 1014 2330 Kzs
1027 2314 1085 2335 πως,
1107 2315 1126 2330 ω
1145 2313 1211 2339 μωρε
1221 2315 1260 2335 συ,
1273 2313 1320 2330 zm
1332 2306 1430 2339 Κρονιων
1445 2302 1511 2334 ῡζων,
1525 2313 1572 2329 και
1590 2305 1652 2336 βεκ-

1077 2356 1198 2382 zea-emme,

963 2402 991 2427 Es
1002 2409 1044 2435 περ
1057 2402 1148 2432 βαλλει
1162 2410 1207 2429 τες
1229 2409 1349 2435 ετιορκες,
1371 2409 1421 2428 πως
1437 2409 1482 2433 εχι
1504 2397 1596 2433 Σιμων’
1609 2407 1653 2425 εγε-

1081 2457 1176 2483 πρῆσεν,

966 2495 1029 2522 Ουδε
1040 2498 1189 2529 Κλεωννμον,
1217 2495 1258 2521 εδε
1279 2497 1384 2530 &scopon
1406 2504 1454 2521 και
1467 2504 1504 2520 τοι
1516 2493 1611 2530 σφοδρω
1623 2491 1656 2525 γ’

1084 2543 1126 2570 eto-¹
1139 2548 1251 2578 ertopzot·

967 2592 1047 2617 Αλλοι
1057 2602 1097 2618 τον
1108 2591 1174 2617 ωὑτκ
1185 2600 1214 2622 ’γε
1227 2601 1278 2617 rem
1294 2592 1395 2623 βαλλει,
1415 2600 1462 2617 και
1474 2590 1559 2616 Eum
1574 2597 1653 2625 oezpot

1081 2639 1186 2670 Αθηνᾶ-ιν,

966 2688 1016 2712 Kou
1027 2696 1076 2715 τοις
1088 2686 1141 2721 δρυς
1152 2697 1200 2714 τις
1214 2690 1348 2719 μεγαλοις·
1367 2695 1391 2711 τι
1402 2684 1497 2716 §reflatu
1519 2694 1534 2711 ε
1551 2694 1603 2720 γαρ
1623 2683 1655 2715 δὴ

1081 2733 1135 2769 δρυς
1146 2742 1254 2769 επιορκει.

929 2812 992 2843 His
1019 2812 1178 2852 appositus
1206 2812 1311 2843 lucem
1336 2810 1450 2842 inferet
1471 2809 1654 2841 Demetrius

928 2863 1109 2900 Phalereus,
1135 2863 1174 2895 de
1199 2864 1274 2895 eloc.
1301 2869 1372 2894 sect.
1387 2863 1426 2894 cl.
1453 2863 1507 2904 qui
1531 2861 1655 2892 videtur

928 2916 1037 2948 doctos
1064 2916 1158 2955 virm,
1186 2916 1221 2947 in
1244 2916 1454 2956 Aristophane
1479 2919 1656 2955 occupatos,
