1926 3224
310 239 404 279 218

796 225 860 275 T.
916 223 1292 274 LUCRETII

453 358 685 404 Arboribus
704 355 901 412 quoniam
919 355 1058 397 baccae
1077 353 1326 412 glandesque
1346 354 1517 396 caducae

456 431 720 487 Tempestiva
738 429 895 472 dabant
913 429 1120 486 pullorum
1141 428 1332 470 examina
1351 428 1502 470 subter.

457 505 582 549 Unde
601 506 724 547 etiam
742 503 919 546 lubitum
935 511 995 545 est
1015 503 1174 558 stix-peis
1195 502 1437 544 conmittere
1455 502 1596 553 ramis,

317 586 422 624 1365
455 581 512 622 Et
530 594 639 621 nova
657 577 850 620 defodere
869 577 914 619 in
933 585 1085 618 terram
1101 575 1275 634 virgulta
1290 591 1364 632 per
1384 591 1516 634 agros.

517 653 621 696 Inde
640 653 762 694 aliam
782 660 904 708 atque
924 652 1043 693 aliam
1064 650 1266 693 culturam
1287 650 1415 692 dulcis
1435 650 1552 707 agelli

457 728 712 777 Tentabant3
745 726 981 782 fructusque
999 725 1106 767 feros
1125 739 1408 767 mansuescere
1427 724 1535 766 terra

458 801 695 843 Cernebant
713 800 985 858 indulgendo,
1006 799 1237 856 blandeque
1257 799 1453 841 colundo:

456 874 588 930 Inque
607 874 694 915 dies
713 874 844 931 magis
862 874 907 915 in
926 881 1112 915 montem
1133 872 1354 915 subcedere
1377 872 1518 928 Sylvas

356 1029 438 1062 Ibid.
456 1031 623 1070 pullorum.
666 1030 790 1060 Vocem
813 1029 927 1069 pariter
949 1030 1037 1061 adhi-

311 1082 382 1113 buit
394 1081 434 1112 de
448 1082 579 1113 surculis
594 1081 730 1111 arboreis
745 1081 834 1117 Cato,
857 1081 897 1112 de
916 1091 950 1111 re
964 1087 1037 1111 rust.

312 1141 377 1174 cap.
393 1136 446 1164 51.
491 1135 514 1151 “
533 1131 584 1162 Ab
599 1133 707 1162 arbore
722 1133 776 1163 abs
791 1131 873 1163 terra
881 1134 966 1173 pulli
982 1132 1037 1172 qui

311 1185 336 1206 “
351 1189 528 1221 nascentur,
558 1193 611 1214 eos
638 1184 672 1214 in
699 1190 813 1214 terram
836 1182 1036 1224 deprimito.”

314 1232 368 1267 Sic
380 1237 522 1267 arborum
543 1236 670 1276 pulluli,
698 1234 782 1274 apud
798 1233 947 1270 Plinium,
974 1239 1037 1264 nat.

312 1286 383 1317 hist.
398 1286 469 1317 xvii.
488 1289 537 1316 12.
584 1285 753 1325 Apponam
771 1284 954 1326 Virgilium,
969 1295 1037 1327 geo.

316 1337 348 1370 ii.
366 1340 413 1369 17.

376 1403 493 1430 Pullulat
502 1403 536 1427 ab
546 1402 636 1428 radice
644 1402 700 1427 aliis
711 1401 865 1428 densissima
875 1402 961 1435 sylva.

358 1474 440 1505 Ibid.
463 1476 618 1512 examina,
637 1473 677 1504 de
691 1475 783 1504 rebus
798 1483 862 1504 non
878 1473 1037 1504 animatis:

313 1526 397 1568 quod
409 1525 593 1556 notandum.
620 1525 720 1556 Haud
729 1525 995 1564 afflerArnobius,
1006 1527 1039 1557 in

313 1577 415 1617 operis
430 1576 599 1608 doctissimi
615 1576 707 1607 initio
715 1580 791 1607 :—“
801 1579 941 1608 examina
954 1582 1041 1608 tanta

313 1631 340 1649 ‘⁸
354 1640 514 1660 moerorum
530 1628 711 1659 mortalium
725 1629 891 1669 importata
905 1634 978 1660 sunt
993 1639 1040 1659 se-

313 1683 340 1700 “
354 1679 464 1710 culis.”
514 1678 642 1715 Itidem,
666 1679 717 1709 lib.
742 1679 773 1709 ii.
796 1690 828 1719 p.
852 1683 904 1711 46.
935 1683 958 1698 ‘⁸
975 1680 1042 1710 Cur

315 1735 340 1752 ‘⁸
354 1733 505 1762 malorum
534 1736 621 1761 tanta
650 1731 827 1770 experiatur
854 1730 1039 1761 examina?”

316 1782 371 1813 Ita
389 1782 508 1819 Graeci;
530 1787 567 1812 ut
583 1781 742 1821 Synesius,
757 1781 797 1812 de
811 1791 894 1821 prov.
910 1781 929 1811 i.
941 1791 972 1821 p.
991 1786 1040 1813 96.

316 1836 403 1875 “sepes
419 1831 453 1868 3„
469 1847 545 1868 τινας
562 1836 688 1874 :yae-m
731 1834 841 1865 Etiam
862 1833 901 1865 de
915 1837 1039 1875 quanti-

316 1892 380 1918 tate
393 1884 573 1925 Euripides,
590 1885 703 1915 Bacch.
719 1889 790 1917 699.

473 1963 613 1990 Γιλατος
626 1960 706 1996 {epae
716 1967 828 1997 uxor—¹

318 2035 373 2068 sed
385 2035 621 2067 emendandum
635 2042 725 2076 puto:

434 2113 786 2140 ΓΔΔΔΚΤΟΝΔΣΜΟΥΣ
797 2118 908 2148 uxor—⁶

318 2182 371 2214 cui
397 2187 504 2213 tamen
521 2181 687 2213 asserendo
701 2192 786 2213 nunc
801 2193 866 2213 non
881 2188 968 2214 vacat
982 2182 1041 2214 im-

318 2235 444 2265 morari.
490 2234 589 2266 Po'e'ta
608 2240 709 2273 vetus,
730 2234 816 2274 apud
839 2234 981 2267 Ciceron.
1004 2235 1045 2267 de

319 2284 379 2316 div.
394 2285 415 2316 i.
430 2288 481 2316 31.

544 2352 654 2378 exitium
664 2359 772 2379 examen
782 2353 892 2386 rapit—.

363 2412 441 2444 Ver.
459 2417 551 2444 1564.
573 2415 678 2445 Unde:
699 2420 739 2444 Π.
755 2415 995 2446 Inde—ramis:
1013 2420 1048 2446 Σ.

319 2475 430 2496 mmor.

366 2515 447 2546 Ibid.
469 2516 599 2546 lubitum
615 2522 673 2547 est:
690 2516 778 2556 quasi
792 2526 915 2547 merum
925 2517 1044 2557 experi-

319 2572 465 2597 mentum
476 2571 594 2597 temere
603 2566 769 2606 'periclitari
778 2567 892 2599 vellent
897 2580 907 2606 ;
921 2577 1046 2608 prorsus

321 2618 424 2657 dubii,
437 2628 478 2648 an
493 2618 564 2648 talis
578 2625 657 2649 esset
667 2619 774 2650 insitio
782 2619 923 2659 feliciter,
936 2630 1045 2658 necne,

321 2679 509 2709 processura.

366 2719 448 2750 Ibid.
469 2722 590 2760 stitpeis
615 2723 790 2752 conmittere
818 2723 924 2753 ramis.
967 2721 1044 2752 For·

323 2780 410 2801 mam
434 2771 579 2809 phraseos
594 2773 724 2814 hujusce
741 2771 894 2814 Virgilius
914 2772 984 2813 plus
997 2783 1044 2804 se-

323 2823 388 2855 mel
401 2823 555 2864 figuravit.
600 2826 651 2857 Sic
665 2826 706 2857 ad
719 2836 787 2868 geo.
803 2826 836 2858 ii.
852 2830 923 2858 289.

387 2901 478 2927 Ausim
488 2902 530 2929 vel
543 2903 618 2929 tenui
628 2904 713 2929 vitem
723 2905 864 2930 conmittere
874 2904 982 2930 mico-

1126 1028 1200 1058 Ver.
1218 1030 1309 1058 1365.
1331 1027 1468 1068 defhdere
1492 1028 1525 1057 in.
1541 1033 1653 1057 terram
1674 1029 1806 1067 virgulta

1075 1089 1135 1118 per
1147 1089 1245 1117 agros.
1290 1078 1481 1108 Locutiones
1502 1077 1642 1118 magistri
1665 1077 1806 1119 aliquan-

1082 1129 1186 1159 tulum
1200 1129 1329 1159 variavit
1345 1129 1552 1167 Mantuanus,
1565 1138 1632 1169 geo.
1649 1129 1681 1160 ii.
1699 1133 1773 1161 346.

1245 1220 1427 1245 quaecumque
1435 1217 1531 1245 premes
1542 1213 1660 1246 virgulta
1668 1217 1715 1246 per
1722 1222 1806 1247 agros.

1113 1254 1212 1285 Sparge
1232 1253 1299 1278 fimo
1320 1253 1423 1286 pingui,
1445 1257 1474 1278 et
1495 1253 1582 1278 multa
1598 1260 1705 1279 memor
1725 1254 1807 1279 occule

1206 1293 1286 1318 terrei.

1085 1355 1235 1386 Similiter
1264 1355 1391 1396 quidam
1414 1355 1484 1386 libri
1506 1356 1633 1395 pulchre
1657 1357 1809 1397 scriptum

1084 1407 1231 1438 exhibent
1262 1408 1390 1438 Catonis
1421 1407 1460 1437 de
1491 1417 1525 1438 re
1554 1414 1628 1438 rust.
1660 1419 1726 1448 cap.
1757 1413 1807 1441 50.

1084 1461 1107 1477 ‘⁶
1126 1459 1200 1489 Hoc
1215 1458 1309 1489 facito
1324 1464 1396 1488 ante
1411 1468 1506 1499 quam
1527 1459 1650 1490 vineam
1671 1460 1809 1501 defodere

1084 1513 1106 1528 “
1122 1509 1284 1549 incipias.”
1331 1509 1450 1550 Vulgo,
1451 1511 1572 1550 fodere.
1617 1511 1738 1545 Glossae
1757 1523 1808 1543 ve-

1083 1566 1190 1591 tustae:
1217 1565 1241 1580 “
1253 1561 1395 1602 Defbdit,
1412 1562 1614 1603 xoe‘ropvr‘rtt.”
1646 1563 1691 1594 Et
1700 1563 1808 1594 redeas

1083 1612 1122 1643 ad
1137 1622 1198 1642 ver.
1215 1615 1285 1643 935.
1307 1612 1436 1653 hujusce
1453 1611 1531 1643 libri.

1127 1675 1201 1706 Ver.
1229 1679 1318 1707 1366.
1341 1678 1440 1707 dtdcis
1465 1677 1575 1715 agelli:
1609 1676 1629 1707 i.
1647 1687 1673 1707 e.
1695 1677 1808 1709 cultori

1083 1736 1140 1757 suo
1155 1725 1356 1757 dilectissimi.
1401 1726 1565 1767 virgilius,
1581 1727 1637 1758 ecl.
1651 1728 1670 1759 i.
1685 1732 1715 1759 5.

1132 1807 1183 1830 Nos
1194 1805 1288 1837 patriae
1301 1805 1377 1835 ῆῃεε,
1388 1807 1415 1829 et
1427 1805 1512 1831 dulcia
1522 1805 1668 1838 linquimus
1678 1813 1761 1832 arva.

1127 1875 1201 1905 Ver.
1219 1877 1310 1906 1:367.
1314 1874 1500 1916 fructusque
1506 1875 1594 1917 seros
1604 1887 1811 1911 mansuescere

1085 1928 1222 1958 colundo.
1269 1925 1350 1956 Haec
1365 1926 1449 1956 idem
1471 1932 1566 1964 vates,
1588 1927 1731 1967 leporum
1754 1928 1811 1959 flos

1085 1977 1241 2018 εει-θείας,
1265 1982 1296 2008 et
1317 1977 1455 2007 Lucretii
1477 1977 1606 2008 mirator
1619 1978 1808 2019 impensissi-

1084 2039 1168 2067 mus,
1183 2028 1327 2070 sublegit,
1339 2029 1380 2059 ad
1393 2039 1464 2070 geo.
1481 2029 1512 2060 ii.
1526 2032 1578 2060 36.

1116 2113 1177 2146 Qua
1198 2120 1227 2139 re
1244 2113 1328 2145 agite,
1351 2114 1379 2138 o!
1407 2113 1525 2146 proprios
1547 2115 1696 2146 generatim
1716 2115 1812 2142 discite

1207 2153 1306 2184 cultus,

1119 2194 1271 2227 Agric0125
1279 2195 1433 2229 fructusque
1436 2197 1509 2228 feros
1519 2197 1612 2223 mollite
1621 2197 1730 2225 colendo.

1088 2269 1122 2300 Si
1134 2270 1338 2301 Burmannus
1353 2271 1567 2313 Heinsiusque
1581 2273 1811 2314 diligentiorem

1089 2332 1216 2362 operam
1230 2322 1418 2354 Lucretiano
1428 2325 1559 2355 carmini
1571 2332 1742 2364 navassent.
1751 2332 1812 2358 sta-

1091 2375 1149 2405 tim
1164 2375 1312 2406 vidissent
1332 2375 1512 2406 futilitatem
1535 2377 1687 2409 varietatis
1709 2382 1732 2398 “
1746 2381 1811 2411 cul-

1093 2429 1115 2445 “
1130 2433 1241 2468 tusque
1266 2427 1386 2457 feros:“
1414 2427 1499 2468 quod
1524 2434 1604 2459 certe
1629 2429 1678 2460 vel
1698 2439 1811 2469 praece-

1088 2477 1165 2509 dens
1192 2488 1298 2510 versus
1325 2479 1399 2510 satis
1421 2490 1573 2521 superque
1594 2480 1739 2512 falsitatis
1761 2491 1810 2512 ar-

1088 2536 1173 2571 guat.

1134 2590 1214 2622 Ibid.
1247 2602 1453 2624 mansuescere
1487 2591 1588 2624 terrei.-
1626 2600 1700 2623 cum
1727 2593 1812 2624 tert-li

1089 2641 1206 2673 scilicet
1226 2650 1458 2675 mansuescente.
1503 2643 1623 2673 Iterum
1646 2642 1811 2684 VirgiliuS,

1089 2703 1157 2734 geo.
1172 2692 1204 2723 ii.
1221 2697 1292 2725 239.

1105 2778 1174 2803 Salsa
1185 2782 1276 2803 autem
1287 2777 1370 2808 telhu,
1380 2781 1408 2803 et
1419 2783 1482 2809 quae
1492 2777 1646 2809 perhibetur
1655 2785 1757 2809 amara,

1107 2819 1246 2850 (Frugibus
1256 2817 1362 2848 infelix,
1377 2824 1408 2842 ea
1419 2823 1469 2843 nec
1478 2817 1630 2842 mansuescit
1638 2820 1749 2849 arando,

1102 2859 1157 2882 Nec
1164 2857 1269 2882 Baccho
1276 2863 1370 2889 genuS,
1378 2860 1425 2881 aut
1433 2857 1519 2888 pomis
1527 2864 1574 2883 sua
1581 2857 1704 2889 nomina,
1709 2858 1807 2889 servat)

1102 2896 1172 2922 Tale
1181 2896 1254 2921 dabit
1263 2895 1469 2928 specimen—
