1926 3224
551 214 785 263 LIBER
833 213 1138 262 SEXTUS.

1488 219 1583 262 369

240 347 301 390 Ut
320 347 418 388 vitio
436 361 552 388 venae
571 346 802 388 tabularum
822 347 969 401 saepius
989 345 1163 396 hiscant,

240 421 380 470 Quam
399 421 536 461 laxare
556 428 707 475 queant
727 434 931 476 conpages
950 427 1091 460 taurea
1112 418 1256 460 vincla.

105 497 210 537 1070

298 494 503 551 Vitigenei
524 494 659 534 latices
679 494 722 533 in
743 495 864 547 aquai
883 491 1066 532 funtibus
1086 492 1240 533 audent

240 568 424 618 Misceri,
447 581 572 622 quom
591 568 664 621 pix
683 573 859 621 nequeat
878 566 1027 621 gravis,
1050 573 1091 605 et
1109 565 1194 605 leve
1215 564 1378 607 olivum.

298 644 614 697 Purpureusque
633 641 742 682 colos
762 639 964 695 conchylii
977 640 1167 695 jungitur
1188 654 1271 680 uno

240 717 425 771 Corpore
445 730 538 756 cum
557 714 677 764 lanae,
699 714 837 756 dirimi
857 713 928 769 qui
947 726 1032 753 non
1053 720 1175 768 queat
1195 727 1389 768 usquam;

96 881 148 911 fin.
163 879 194 911 ii.
210 883 239 910 8.
264 879 378 910 Catull.
402 879 441 910 iv.
464 883 492 910 2.
524 883 552 911 6.
577 881 666 922 Virg.
693 891 761 922 geo.
784 881 817 911 ii.

96 936 170 963 552.
186 941 226 961 ne
240 931 344 970 plures
358 931 442 961 locos
456 931 597 963 excitem.

138 993 212 1022 Ver.
227 995 316 1022 1071.
331 992 408 1022 leve:
423 991 516 1022 Vind.
530 992 569 1022 V.
582 991 629 1022 ed.
640 996 675 1022 Σ.
688 998 730 1022 Ω.
743 993 817 1023 lene.

138 1045 213 1075 Ver.
229 1048 319 1075 1072.
335 1046 429 1074 colos:
448 1044 544 1074 vind.
558 1044 597 1075 O.
615 1045 653 1080 Q„
671 1050 705 1075 A.
722 1050 756 1076 Σ.
774 1051 819 1075 Ω.

97 1099 189 1132 color;
215 1097 256 1127 V.
272 1096 318 1126 ed.
334 1098 440 1132 colcis;
465 1097 504 1126 ob
528 1096 654 1127 facilem
677 1107 819 1128 commu-

96 1148 246 1178 tationem
261 1147 424 1177 literarum
444 1149 474 1178 ci
490 1153 520 1177 et
541 1159 557 1177 ο
581 1147 764 1178 minusculis
785 1148 820 1177 in

96 1199 218 1230 formis:
239 1199 277 1229 Β.
294 1199 586 1239 εοίιιερ-,φίιηὲῖιιινε
612 1199 655 1229 ita
669 1200 719 1230 Pii
734 1210 819 1240 quae-

97 1252 171 1282 dam
208 1250 403 1290 exemplaria,
444 1251 528 1281 editt.
565 1251 588 1282 J
591 1257 656 1281 unt.
686 1257 717 1281 et
746 1251 820 1282 Ald.

96 1303 193 1334 Vind.
210 1303 246 1333 L.
263 1303 310 1333 M.
329 1303 368 1334 O.
392 1303 430 1339 Q.
458 1309 493 1334 A.
510 1308 544 1334 Σ.
561 1310 604 1334 Ω.
621 1303 726 1344 vulgo,
741 1315 820 1334 mer-

93 1357 198 1394 gitur:
218 1354 259 1385 V.
274 1353 322 1384 ed.
337 1356 595 1394 megicur.—uno.·
614 1354 658 1384 sic
669 1355 706 1384 P.
724 1355 819 1385 vind.

97 1405 138 1436 V.
155 1405 201 1436 ed.
227 1405 265 1437 Ο.
290 1406 330 1442 Q.
357 1411 391 1436 A.
410 1411 506 1442 200..
523 1405 628 1446 vulgo‚
654 1417 730 1442 una;
757 1406 821 1445 sed,

97 1456 219 1496 opinor,
235 1456 356 1496 scriptis
370 1455 619 1487 reclamantibus.

140 1517 221 1548 Ibid.
247 1518 399 1558 jungitur
413 1529 473 1549 uno
489 1530 558 1550 cum
577 1521 711 1559 Corpore.
743 1520 821 1550 Dic-

97 1575 166 1599 tum
189 1575 235 1599 est
255 1568 484 1610 elegantissime
510 1580 566 1608 pro
589 1574 611 1588 ‘⁴
629 1570 681 1600 Ita
694 1571 820 1609 penitis-

97 1623 122 1638 “
138 1620 217 1650 sime
248 1630 322 1650 cum
353 1611 424 1650 lanai
446 1621 655 1656 consociatur,
692 1627 728 1650 ut
757 1621 821 1651 duo

98 1673 122 1689 ‘⁶
137 1681 238 1701 unum
250 1671 414 1702 videantur
423 1682 534 1711 corpus
543 1672 692 1703 efficere.’'
718 1673 822 1703 Miror

95 1721 228 1753 editores
251 1736 284 1753 το
299 1725 447 1762 mergitur
469 1729 692 1762 anteponentes
713 1730 820 1754 contra

95 1773 200 1813 plures
215 1783 250 1803 ac
267 1773 410 1803 meliores
433 1773 532 1805 libros.
571 1775 638 1804 Nec
653 1785 726 1805 sane
740 1786 818 1806 mer-

93 1827 180 1865 gitur
204 1835 279 1862 una,
304 1824 330 1854 si
355 1826 434 1855 bene
463 1824 502 1854 sit
528 1825 692 1864 Latinum,
721 1826 821 1865 po'e'tae

95 1884 235 1909 mentem
249 1877 385 1908 dilucide
399 1878 471 1908 satis
485 1878 638 1918 exprimit.

142 1937 214 1968 Ver.
242 1939 334 1967 1073.
365 1939 465 1967 lanae:
503 1943 538 1967 A.
569 1939 816 1968 laum—dirimi:

97 1988 140 2018 V.
165 1988 213 2018 ed.
241 1989 345 2018 dirum
352 2002 364 2022 ;
391 1988 506 2018 eisdem
530 1988 690 2018 literarum
717 1989 818 2019 ducti-

96 2041 166 2071 bus:
195 2046 230 2070 A.
246 2041 462 2080 divum—qui
473 2053 483 2070 :
511 2045 545 2071 Σ.
561 2043 648 2080 quod.

140 2100 220 2131 Ibid.
245 2101 364 2139 Spiritu
378 2099 554 2144 sublimiori
570 2100 657 2130 locus
669 2106 726 2131 est.
754 2100 819 2130 Mi-

95 2162 157 2183 nus
171 2158 278 2182 ornate
299 2151 488 2182 sententiam
511 2151 667 2182 HoratIus
681 2151 817 2182 declara-

97 2204 152 2240 vit,
174 2203 227 2234 od.
241 2203 285 2233 iii.
300 2206 329 2234 5.
345 2207 398 2234 27.

360 2299 447 2323 neque
458 2293 564 2318 amissos
574 2293 662 2318 colores

221 2344 295 2366 Lana
305 2341 398 2371 refert,
407 2341 541 2366 medicata
550 2340 629 2367 fuco:

97 2433 191 2465 quem
221 2421 341 2462 excepit
369 2421 494 2459 Fabius,
527 2420 610 2452 instt.
643 2427 718 2453 orat.
746 2422 767 2453 i.
794 2426 820 2454 1.

99 2479 123 2495 ‘⁶
140 2475 208 2505 Nec
236 2477 380 2505 lanarum
407 2475 529 2512 colores,
551 2474 664 2514 quibus
689 2475 821 2514 simplex

98 2525 191 2556 “ille
205 2525 320 2555 candor
341 2530 476 2555 mutatus
496 2531 550 2561 est,
573 2525 636 2555 elui
658 2526 820 2564 possuntl’

98 2580 247 2616 —Forte,
260 2578 392 2618 fucatus
406 2584 462 2615 est,
485 2588 584 2618 quum
599 2578 705 2608 statim
720 2579 823 2609 veniat

97 2636 276 2662 mutantur:
302 2635 333 2659 et
347 2630 495 2660 coloribus
503 2630 616 2670 fucari
637 2630 757 2668 phrasis
778 2635 824 2660 est

98 2682 203 2722 probis
225 2681 404 2712 auctoribus
432 2681 652 2720 acceptissima,
679 2682 820 2721 propius-

99 2742 160 2773 que
174 2743 193 2762 a
207 2732 330 2770 Flacco,
346 2742 440 2772 quem
453 2732 512 2762 sibi
527 2733 630 2762 rhetor
640 2733 822 2764 utilissimus

98 2786 232 2825 sumpsit
246 2787 499 2826 exprimendum,
515 2787 601 2818 absit.

143 2846 219 2877 Ver.
236 2851 326 2879 1074.
336 2850 462 2889 fluctu:
488 2849 530 2879 V.
546 2848 593 2879 ed.
610 2849 648 2878 Β.
667 2848 705 2879 O.
722 2827 758 2879 A.
782 2855 828 2879 Ω.

863 879 974 917 noscit,
1005 890 1078 911 cum
1112 878 1196 910 editt.
1222 879 1246 910 J
1247 883 1312 908 unt.
1340 883 1370 908 et
1397 877 1470 908 Ald.
1502 877 1587 908 sane*

863 945 937 965 cum
952 937 1013 970 dee,
1034 932 1117 973 quod
1132 931 1279 962 exhibent
1292 930 1314 962 J
1316 936 1381 960 unt.
1400 930 1439 960 Ο.
1455 940 1511 960 nec
1528 930 1585 960 Pi-

862 997 900 1016 us
915 996 978 1015 non
994 984 1066 1014 alibi
1083 983 1213 1021 invenit,
1235 982 1403 1012 animosior
1421 981 1522 1012 evadit
1537 982 1587 1012 lo-

861 1047 931 1073 cus;
954 1035 1082 1065 fortasse
1104 1041 1209 1064 tamen
1225 1033 1369 1063 varietate
1383 1032 1586 1063 constructio-

864 1088 924 1126 nis,
940 1086 1001 1127 qua
1015 1085 1131 1126 gaudet
1146 1095 1237 1124 opere
1253 1094 1377 1114 summo
1392 1091 1503 1120 noster,
1517 1095 1585 1114 ma-

862 1140 910 1179 gis
923 1138 1086 1179 adjuvatur
1101 1143 1339 1176 exornaturque.
1387 1136 1438 1165 Ab
1453 1142 1486 1167 Σ.
1502 1142 1586 1166 totus

862 1199 966 1219 versus
989 1188 1120 1226 exsulat,
1142 1187 1233 1217 lineae
1255 1193 1360 1216 tamen
1383 1186 1512 1226 spatiolo
1534 1197 1585 1217 va-

864 1247 961 1272 cante.

910 1301 989 1332 Ibid.
1011 1311 1162 1331 renovare.
1186 1299 1276 1329 Hinc
1290 1299 1404 1330 rectius
1417 1299 1588 1329 constituas

866 1353 1046 1394 Vegefium,
1069 1352 1107 1382 de
1123 1361 1156 1381 re
1171 1351 1260 1381 milit.
1281 1351 1323 1380 iii.
1350 1354 1396 1382 10.
1412 1350 1464 1380 fiu.
1489 1355 1510 1369 ‘⁶
1527 1352 1586 1382 Fa-

867 1408 889 1422 “
907 1404 998 1434 cilius
1020 1410 1126 1433 autem
1141 1408 1189 1431 est
1204 1401 1244 1431 ad
1258 1401 1402 1431 virtutem
1425 1413 1512 1432 novos
1537 1404 1588 1432 τή-

866 1459 888 1474 “
908 1457 1006 1490 buere,
1023 1464 1117 1494 quam
1125 1464 1268 1484 renovare
1278 1452 1483 1492 perterritos?
1506 1445 1589 1482 Vul-

865 1517 918 1547 go,
943 1509 1092 1536 instruere
1107 1510 1138 1534 et
1158 1514 1312 1534 revocare:
1338 1503 1392 1533 sed
1414 1503 1447 1532 in
1469 1503 1592 1542 scriptis

865 1559 964 1588 etiam
992 1558 1115 1587 inbuere
1145 1561 1309 1595 comparet.
1354 1556 1457 1585 Voces
1481 1561 1588 1585 autem

867 1622 972 1641 renovo
989 1615 1020 1640 et
1033 1620 1133 1640 revoco
1149 1607 1262 1648 passim
1278 1607 1411 1638 librariis
1425 1613 1498 1637 sunt
1511 1617 1586 1637 con-

864 1662 950 1693 fusae.

908 1731 983 1761 Ver.
1000 1732 1092 1761 1075.
1116 1731 1185 1761 velit
1210 1730 1326 1760 eluere:
1357 1728 1452 1759 Vind.
1479 1733 1514 1760 A.
1540 1731 1585 1760 vi·

864 1793 928 1812 vere
933 1797 944 1817 ;
967 1781 1006 1811 V.
1022 1780 1068 1810 ed.
1084 1783 1170 1811 velite
1185 1782 1280 1811 vivere
1285 1795 1295 1815 ;
1315 1779 1353 1810 O.
1370 1781 1430 1810 late
1439 1782 1523 1816 vivet,
1539 1780 1588 1810 vel

851 1834 940 1873 juvet
944 1848 955 1868 ,·
989 1837 1023 1862 Σ.
1053 1834 1111 1862 cite
1136 1833 1232 1862 vivere
1237 1846 1248 1866 ,·
1283 1837 1326 1861 Ω..
1352 1832 1422 1861 velit
1446 1831 1562 1870 qjuvere
1572 1847 1583 1866 ,-

864 1884 917 1925 qui
937 1882 1080 1913 videntur
1095 1891 1212 1912 errores
1227 1881 1326 1921 geniti
1341 1881 1491 1910 similium
1507 1881 1586 1911 line-

862 1942 1059 1967 amentorum
1077 1944 1221 1972 numero,
1238 1936 1290 1964 etd
1304 1934 1400 1964 literae
1415 1934 1471 1964 ini
1485 1934 1587 1964 solen-

863 1988 898 2018 ni
912 1987 1119 2018 conversione.

907 2055 986 2086 Ibid.
1003 2066 1086 2086 mare
1097 2061 1191 2085 lotum
1205 2055 1312 2084 eluere.
1335 2053 1387 2083 De
1396 2063 1481 2084 more
1492 2054 1586 2084 luxu-

863 2108 923 2137 riat
941 2107 974 2138 in
989 2108 1047 2136 hac
1063 2119 1146 2146 swotqa
1164 2105 1292 2143 Seneca,
1310 2105 1404 2135 Herc.
1419 2105 1479 2135 fur.
1494 2109 1586 2136 1325.

894 2209 958 2241 Quis
969 2209 1082 2239 Tanais,
1093 2212 1141 2233 aut
1151 2208 1209 2239 quis
1221 2208 1303 2238 Nilus,
1313 2211 1361 2232 aut
1372 2207 1440 2239 quis,
1455 2208 1557 2233 Persica

894 2258 1032 2284 Violentus
1044 2257 1116 2282 unda
1123 2275 1132 2287 ,
1140 2257 1239 2288 Tigris,
1251 2260 1298 2281 aut
1308 2256 1416 2281 Rhenus
1425 2256 1517 2287 ferox,

895 2308 1033 2338 Tagusve,
1046 2306 1121 2331 lbera
1134 2304 1262 2329 turbidum
1273 2304 1341 2336 gaza
1352 2304 1446 2334 fluens,

896 2356 1012 2381 Ablucre
1022 2355 1147 2380 dextram
1160 2354 1274 2386 poterit?
1291 2355 1422 2379 Arctoum
1434 2354 1496 2379 licet

896 2403 1003 2428 Maeotis
1013 2404 1040 2427 in
1052 2410 1097 2427 me
1108 2402 1194 2434 gelida
1205 2401 1374 2426 transfundat
1385 2409 1470 2431 mare,

893 2451 927 2475 Et
937 2453 989 2474 tota
1001 2450 1086 2482 Tethys
1096 2456 1145 2482 per
1155 2456 1227 2474 meas
1238 2453 1328 2474 currat
1339 2455 1445 2478 manuS,

895 2498 1015 2523 Haerebit
1025 2497 1113 2523 altum
1128 2497 1301 2522 facinus—.

867 2590 919 2621 Ita
947 2590 1146 2622 scribendum
1171 2590 1305 2621 dixerim
1333 2590 1367 2620 in
1392 2599 1453 2620 ver.
1477 2593 1507 2620 3.
1533 2599 1590 2629 pro

865 2643 1016 2677 turbidus,
1042 2648 1166 2681 propter
1169 2645 1286 2684 fluens,
1310 2652 1350 2672 ne
1365 2643 1506 2680 obstante
1520 2641 1593 2681 qui-'

864 2694 938 2725 dem
962 2694 1108 2734 Virgilio,
1130 2704 1198 2735 geo.
1223 2694 1254 2723 ii.
1283 2697 1353 2724 157.
1375 2703 1468 2733 quem
1496 2693 1590 2733 tragi-

865 2757 920 2777 cus
942 2746 1107 2776 aemulatus
1129 2751 1190 2776 est:
1214 2745 1288 2781 imo,
1311 2744 1504 2775 verissimam
1526 2755 1592 2775 esse

869 2797 1120 2827 emendationem
1133 2796 1265 2826 fidenter
1279 2795 1502 2826 contenderim.
1527 2796 1590 2825 Ea·

869 2848 942 2878 dem
965 2847 1071 2887 paullo
1091 2848 1278 2883 immutavit,
1301 2847 1342 2877 ad
1366 2846 1495 2886 Hippol.
1521 2849 1591 2878 715.

86 2900 226 2940 fluctum·
251 2909 347 2940 quam
368 2899 536 2932 lectionem
559 2900 637 2932 Pius
657 2899 754 2932 etiam
771 2910 827 2941 ag·
871 2899 928 2930 sed
942 2899 1113 2930 exscribere
1127 2909 1183 2938 per
1204 2899 1303 2930 otium
1318 2908 1382 2929 non
1398 2898 1478 2928 licet.
1523 2896 1591 2928 Ad-
