1926 3224
584 226 817 275 LIBER
863 223 1164 275 SEXTUS.

1519 225 1616 268 239

335 357 535 400 Veridicis
554 359 680 415 igitur
698 359 887 416 purgavit
906 366 1074 414 pectora
1092 355 1226 406 dictis,

279 431 333 473 Et
353 432 478 473 finem
498 433 637 474 statuit
655 433 882 487 turpedinis
902 440 1023 487 atque
1041 429 1218 478 timoris;

193 511 244 546 ⁶25
277 506 575 562 Exposuitque,
597 506 753 546 bonum
773 518 992 552 summum,
1016 518 1098 556 quo
1118 502 1323 543 tendimus
1342 513 1500 550 omnes,

277 580 391 629 Quid
410 579 533 628 foret;
566 586 687 633 atque
705 577 814 617 viam
833 575 1075 616 monstravit
1095 576 1258 615 tramite
1277 589 1421 629 parvo,

277 653 372 703 Qua
392 666 600 707 possemus
620 651 674 692 ad
692 650 737 691 id
755 658 869 691 recto
888 648 1137 691 contendere
1156 662 1293 689 cursu:

275 725 440 775 Quidve
459 725 556 766 mali
575 723 680 766 foret
699 726 743 766 in
763 725 884 767 rebus
903 723 1142 766 mortalibus
1160 722 1310 778 passim
1317 739 1330 772 3

274 797 401 848 Quod
420 798 567 840 flueret
585 798 775 850 naturali,
796 799 988 855 varieque
1007 798 1175 848 volaret,

129 959 206 986 rent.
252 953 334 984 Haec
348 959 394 984 est
409 953 544 985 Bentleii
558 953 736 985 emendatio
747 953 851 994 pro‘li-

129 1008 256 1037 brorum
280 1007 399 1041 collata,
422 1004 471 1035 vel
495 1007 624 1037 conlata.
670 1006 853 1046 Conjecerat

129 1057 240 1093 Faber,
263 1067 318 1087 con
329 1062 420 1095 grata
428 1071 439 1092 ;
463 1055 517 1086 sed
532 1063 653 1095 recepta
667 1056 773 1087 minus
788 1057 850 1087 dis-

130 1113 198 1138 tant
211 1107 361 1137 librorum
375 1105 523 1146 vestigiis,
546 1112 578 1137 et
598 1117 687 1137 voces
706 1109 794 1139 laetus
817 1118 853 1138 ac

128 1161 210 1190 latus
245 1157 412 1198 saepissime
447 1157 599 1188 confundi
628 1158 742 1188 solent:
782 1159 853 1189 vide

129 1208 434 1246 Drakenborchium,
463 1208 502 1238 ad
521 1209 575 1239 sil.
593 1209 632 1239 It.
648 1219 677 1240 v.
696 1213 768 1241 178.
785 1210 854 1240 Liv.

129 1263 167 1293 vi.
186 1266 212 1293 1.
228 1266 258 1292 5.
299 1262 393 1298 Quod
418 1263 525 1303 objicit
547 1263 726 1304 Preigerus,
750 1267 772 1282 ‘⁸
788 1264 853 1294 Lu-

128 1317 152 1334 “
167 1315 302 1345 cretium
316 1325 380 1345 non
400 1315 478 1346 adeo
499 1322 612 1346 tmeses
633 1316 795 1354 amavisse,
818 1323 854 1347 ut

129 1372 152 1388 “
167 1369 256 1399 binas
271 1369 396 1400 haberet
406 1369 440 1399 in
455 1380 520 1400 uno
535 1370 658 1407 versu,’'
682 1369 715 1399 id
730 1369 850 1409 profec-

128 1426 162 1451 to
185 1420 247 1451 vim
277 1430 342 1451 non
367 1421 474 1452 habet:
500 1421 603 1452 videas
625 1427 731 1452 notata
755 1421 796 1452 ad
818 1421 851 1452 ii.

130 1473 202 1502 720.
215 1481 242 1501 v.
257 1471 467 1513 515.—fl›ris:
488 1472 772 1513 M.foras.—Sane
794 1473 853 1502 mi-

129 1523 199 1554 nori
209 1523 384 1554 mutatione
399 1523 514 1554 factam
526 1525 737 1565 conjecturam
746 1525 852 1555 lectori

129 1574 292 1615 propinare
306 1585 445 1615 possum,
467 1577 493 1606 si
508 1576 586 1606 forte
601 1576 733 1615 placeat:

129 1648 200 1680 Quae
211 1648 319 1673 conlata
328 1648 393 1673 foris
403 1655 416 1672 e
427 1649 561 1673 conmoda
572 1655 710 1680 quomque
718 1649 851 1674 venirent:

129 1711 149 1742 i.
165 1722 192 1742 e.
212 1713 373 1742 evenirent.
417 1711 461 1741 Et
486 1721 556 1752 quae
581 1712 693 1751 saepius
717 1711 850 1742 confun-

129 1762 248 1793 duntur
261 1772 356 1803 quam
370 1773 387 1793 e
400 1768 492 1803 atque
504 1763 558 1794 et?
585 1763 639 1793 sed
652 1763 750 1794 fateor
764 1764 850 1804 equi-

130 1813 213 1850 dem,
242 1823 295 1843 me
318 1823 472 1844 conamen
498 1813 721 1845 Bentleianum
748 1814 850 1845 malle.

132 1865 250 1896 Saltem
279 1864 412 1906 vulgatis
441 1866 630 1896 constructio
662 1867 759 1905 proba
787 1876 851 1896 non

130 1915 268 1956 contigit.

174 1967 246 1998 Ver.
265 1972 314 1999 19.
332 1974 510 2007 pertusum:
529 1973 565 1998 ut
579 1967 622 1998 iii.
641 1968 851 1999 949.—Lam-

129 2018 230 2050 binus.
276 2018 392 2049 Confer
421 2018 518 2048 etiam
547 2018 621 2049 ibid.
651 2028 727 2049 verr.
761 2022 850 2049 1016.

133 2073 223 2101 1017.

170 2123 247 2153 Ver.
270 2126 322 2153 20.
361 2124 419 2153 Ut.-
455 2122 493 2153 P.
518 2124 775 2163 In.—umquam.·
811 2129 852 2153 Π.

130 2179 211 2204 ante.

174 2224 250 2254 Ver.
267 2228 317 2254 21.
339 2235 547 2265 conspurcare.
570 2225 713 2255 Verbum
737 2224 853 2265 legitur

131 2275 166 2305 in
183 2274 336 2305 Columel.
360 2276 422 2306 viii.
445 2279 476 2307 3.
501 2276 555 2306 fin.
579 2275 710 2306 Tertull.
727 2275 764 2306 de
779 2275 852 2306 idol.

131 2331 163 2356 et
177 2324 249 2355 alibi
264 2325 297 2355 in
312 2325 422 2356 eodem
436 2326 591 2365 scriptore.

174 2377 252 2407 Ver.
277 2380 326 2407 23.
358 2379 473 2416 igitur.-
508 2377 700 2416 Lactantius,
722 2377 772 2408 vii.
795 2378 853 2408 sub

131 2428 184 2459 fin.
197 2430 370 2464 hominunm
396 2427 444 2458 vel
458 2429 637 2459 memoriter
661 2429 769 2465 citans,
792 2429 852 2468 vel,

131 2479 216 2521 quod
240 2480 345 2520 potius
369 2479 556 2519 existimem,
579 2480 795 2519 perfectiorem
817 2491 854 2511 ac

130 2533 305 2572 planiorem
327 2543 454 2564 sensum
479 2533 517 2564 de
540 2533 631 2564 solito
657 2534 764 2565 volens
785 2533 852 2565 effi-

131 2595 209 2616 cere.

173 2637 249 2667 Ver.
263 2640 314 2667 24.
335 2639 524 2678 tui-peclinis:
549 2637 569 2668 i.
585 2647 610 2668 e.
633 2637 779 2668 fedorum
801 2644 849 2668 at-

131 2697 192 2728 que
221 2687 460 2719 inhonestorum
497 2688 680 2728 affectuum,
712 2691 850 2730 mnrium

131 2741 334 2779 cupiditatum
339 2755 351 2777 ,-
366 2740 434 2771 redi
449 2740 491 2770 sis
505 2740 546 2771 ad
560 2741 602 2772 iii.
621 2744 712 2772 1007.
736 2741 786 2772 Sic
796 2752 852 2772 au-

131 2794 197 2819 tem
210 2789 325 2830 legitur
346 2801 440 2832 quam
462 2792 602 2831 proxime
628 2791 661 2822 in
686 2802 752 2823 uno
775 2793 851 2824 MS.

132 2839 299 2880 Lactantii‚
321 2844 490 2883 turpidinis
498 2858 510 2880 ,·
530 2848 561 2873 et
582 2843 616 2873 in
637 2843 779 2884 ejusdem
798 2853 853 2874 sex

134 2891 372 2934 exemplaribus,
396 2894 492 2927 MSS.
507 2900 538 2926 et
552 2895 708 2937 impressis
721 2897 857 2938 torpeat--

894 957 962 991 m‘s;
987 955 1066 985 sicut
1080 954 1113 984 in
1129 953 1258 984 vetustis
1279 952 1388 993 glossis
1401 954 1526 993 tur-pedo
1542 961 1616 983 con-

895 1006 1033 1046 spicitur,
1056 1012 1086 1035 et
1111 1007 1244 1044 turpido,
1279 1019 1364 1046 ναρκη
1394 1005 1519 1043 scilicet,
1552 1004 1618 1034 vice

894 1060 1032 1098 torpedo:
1059 1057 1106 1087 M.
1123 1062 1153 1086 et
1168 1057 1240 1086 edit.
1255 1057 1275 1087 J
1279 1063 1345 1086 unt.
1361 1057 1507 1086 exhibent
1520 1063 1619 1096 torpe.

895 1112 987 1140 dinis.
1018 1109 1040 1140 J
1042 1119 1093 1138 am
1108 1109 1157 1138 xix
1173 1108 1317 1138 credibile
1332 1114 1389 1144 est,
1404 1108 1544 1138 librarios
1555 1108 1616 1139 lec-

895 1162 1014 1192 tionem
1029 1163 1198 1201 capedinis,
1222 1160 1247 1190 si
1269 1160 1303 1189 in
1318 1160 1438 1190 schedis
1453 1159 1517 1189 suis
1532 1160 1618 1190 inve-

896 1213 1021 1249 nissent,
1045 1212 1140 1242 fuisse
1162 1217 1352 1242 mutaturos:
1377 1220 1452 1240 nam
1475 1211 1511 1240 P.
1529 1215 1564 1241 Δ.
1581 1215 1618 1242 Σ.

896 1266 1070 1304 cupedinis;
1096 1263 1193 1293 Vind.
1210 1263 1250 1293 V.
1265 1263 1312 1293 ed.
1331 1263 1372 1293 Ο.
1391 1269 1432 1293 Π.
1448 1263 1620 1302 cupidinis,-

899 1322 942 1345 Ω.
959 1317 1148 1354 cuppedinis,
1163 1320 1200 1344 ut
1218 1313 1268 1344 edi
1282 1313 1370 1344 solet.

939 1366 1020 1396 Ibid.
1033 1368 1133 1408 finem
1148 1368 1273 1396 statuit:
1298 1366 1317 1396 i.
1334 1376 1359 1395 e.
1383 1375 1546 1395 summum
1560 1366 1616 1395 bo·

894 1429 973 1449 num
998 1424 1029 1448 et
1054 1428 1215 1448 summum
1237 1417 1359 1448 malum
1382 1418 1618 1449 definivit.—

897 1471 1122 1500 Bzxumus.

896 1521 1072 1559 Vitruvius,
1093 1521 1178 1560 praef.
1202 1520 1255 1551 lib.
1280 1520 1330 1550 vii.
1356 1521 1413 1551 hos
1428 1522 1514 1564 fines
1530 1526 1619 1552 vocat

896 1576 1022 1614 agendoe
1036 1576 1106 1605 vz'tae
1121 1575 1357 1604 terminationes.

939 1625 1014 1654 Ver.
1029 1628 1080 1655 25.
1102 1636 1159 1664 qno
1175 1626 1326 1655 tendimus
1340 1635 1448 1655 omnes.
1484 1624 1618 1655 Librum

896 1676 1017 1715 scripsit
1028 1676 1186 1715 Epicurus
1198 1683 1264 1718 Περι
1278 1682 1376 1710 Τελες.
1393 1677 1618 1708 ΒΕΝτιεισε.

937 1728 1011 1757 Ver.
1029 1731 1077 1758 27.
1092 1729 1215 1758 tramite
1225 1738 1330 1766 parvo,
1345 1733 1424 1758 recto
1437 1738 1541 1758 cursu:
1558 1728 1578 1758 i.
1591 1738 1618 1759 e.

894 1781 917 1797 ‘⁶
932 1778 1014 1808 viam
1024 1781 1295 1819 compendiariam,
1305 1788 1363 1809 nec
1373 1785 1545 1815 tortuosam,
1561 1780 1620 1810 ho-

895 1833 918 1848 “
933 1830 1071 1860 minibus
1097 1830 1314 1860 monstravit.''
1351 1830 1496 1860 Editor-es
1515 1830 1619 1861 insciti

895 1881 1112 1922 temerariique
1137 1881 1176 1911 de
1202 1891 1259 1911 suo
1282 1880 1395 1911 dedere
1414 1892 1524 1920 prono,
1552 1882 1620 1913 vice

888 1943 985 1972 parvo
1012 1932 1165 1962 librorum
1187 1938 1339 1970 veterum,
1364 1935 1504 1963 tramite.-
1536 1933 1618 1963 Lac-

894 1984 1022 2022 tantius,
1046 1984 1066 2014 l.
1081 1995 1106 2014 c.
1121 1986 1230 2020 Iz'mite;
1254 1984 1360 2014 minus
1375 1986 1467 2014 bene:
1497 1984 1550 2015 sed
1565 1995 1617 2015 co·

895 2035 954 2066 dex
970 2047 1064 2074 unus,
1086 2038 1218 2067 tramite.
1265 2035 1403 2072 Quidam
1433 2036 1521 2067 codd.
1543 2036 1618 2068 ibid.

896 2087 972 2117 dant
983 2099 1074 2127 puro,
1098 2088 1163 2116 vice
1172 2098 1277 2126 parvo.

940 2140 1019 2171 Ibid.
1041 2143 1121 2171 viam
1137 2142 1315 2171 monstravit
1329 2142 1462 2170 tramite.
1488 2139 1619 2171 Gemel-

896 2192 963 2222 lum
986 2191 1114 2232 Virgilii
1135 2191 1242 2221 locum
1266 2200 1468 2230 apponemus,
1497 2191 1572 2221 AEn.
1594 2189 1617 2222 i.

895 2247 966 2274 418.

925 2301 1089 2334 Conripuere
1099 2301 1176 2326 viam
1186 2301 1298 2330 interea,
1309 2300 1362 2331 qui
1372 2300 1459 2325 semita
1469 2303 1601 2326 monstrat.

939 2366 1015 2396 Ver.
1033 2369 1081 2396 27.
1104 2371 1200 2395 recto:
1227 2364 1275 2394 M.
1289 2370 1371 2395 recta
1380 2380 1391 2400 ,·
1407 2374 1464 2395 nec
1479 2364 1618 2396 multum

897 2416 1044 2456 displicet,
1074 2422 1109 2446 ut
1138 2421 1220 2446 recta
1250 2417 1427 2446 contendere
1455 2426 1546 2447 cursu
1578 2415 1620 2446 sit

895 2467 978 2499 rectd
994 2467 1042 2499 vici
1059 2478 1197 2499 currere:
1222 2467 1275 2497 sed
1293 2473 1416 2506 recepta
1430 2467 1619 2507 simpliciora

897 2525 971 2549 sunt
995 2525 1026 2549 et
1045 2518 1420 2549 clariora-contendere.-
1453 2524 1487 2550 Σ.
1510 2531 1616 2551 conce-

895 2573 982 2608 dere,·
999 2581 1054 2611 per
1068 2571 1300 2601 usitatissimam
1312 2570 1463 2601 nimirum
1477 2571 1615 2602 elemen-

893 2629 998 2654 torum
1013 2634 1029 2654 c
1045 2629 1075 2653 et
1096 2630 1106 2654 t
1129 2623 1357 2659 confusionem,
1381 2633 1480 2664 quum
1507 2633 1615 2674 exara-

893 2680 961 2704 tum
976 2680 1054 2705 esset
1069 2677 1231 2705 contedere.

939 2726 1020 2757 Ibid.
1043 2728 1219 2759 contendere
1234 2737 1334 2758 cursu.
1357 2725 1522 2767 Virgilius,
1542 2726 1616 2758 AEn.

897 2789 924 2810 v.
939 2782 1010 2811 291.

1027 2846 1074 2877 qui
1083 2846 1155 2871 forte
1165 2846 1250 2871 velint
1259 2846 1352 2878 rapido
1361 2845 1506 2871 contendere
1514 2852 1603 2872 cursu:

894 2895 915 2928 i.
931 2906 957 2928 e.
979 2893 1043 2929 ειπᾶ
1058 2902 1209 2929 certantes
1224 2907 1345 2929 cursum
1360 2898 1490 2928 tendere.
