1926 3224
561 248 807 305 LIBER,
845 248 1202 306 QUINTUS.

1539 257 1630 298 199

285 379 383 421 Non
402 381 582 436 populei,
603 389 839 438 gentesque,
860 381 1066 423 tremunt?
1097 394 1293 438 regesque
1312 379 1498 436 superbei

285 454 535 510 Conripiunt
555 454 693 496 divom
712 455 909 510 perculsei
928 455 1114 496 membra
1132 455 1295 505 timore,

282 527 350 569 Ne
367 529 481 585 quod
501 529 554 570 ob
576 529 798 570 admissum
816 528 922 578 fede,
943 527 1359 582 dictumvesuperbe,

284 604 506 645 Poenarum
525 617 650 659 grave
669 603 721 643 sit
740 601 927 642 solvundi
946 608 1106 655 tempus
1127 601 1181 641 ad
1208 602 1399 643 auctum?

145 682 249 719 1225

339 679 507 719 Summe
525 676 648 716 etiam
668 689 794 730 quom
813 675 872 716 vis
892 674 1057 715 violenti
1077 689 1152 729 per
1171 689 1284 715 mare
1305 676 1414 716 venti

281 750 621 804 Induperatorem
641 749 775 790 classis
796 764 918 804 super
937 764 1106 805 aequora
1125 750 1265 799 verrit,

280 823 388 864 Cum
408 822 548 864 validis
568 823 720 877 pariter
739 823 982 880 legionibus,
1010 831 1132 878 atque
1152 822 1376 878 elephantis
1383 840 1396 872 ς

164 977 243 1002 Multi
252 983 299 1002 nos
307 976 403 1009 populi,
414 976 510 1000 multae

163 1018 196 1042 Et
206 1017 308 1050 petiere
319 1017 376 1046 sibi,
390 1020 417 1041 et
430 1016 537 1041 voluere
547 1016 703 1048 adjungere,
712 1023 759 1048 gen
764 1019 808 1041 tes.

177 1092 258 1123 Ibid.
281 1103 362 1132 reges
377 1093 521 1131 superbe-i.
545 1091 647 1130 Idem,
657 1091 731 1121 ibid.
747 1091 786 1121 xi.
809 1095 856 1123 15.

300 1177 361 1201 haec
373 1179 435 1200 sunt
446 1176 538 1208 spolia,
549 1179 576 1201 et
585 1176 618 1201 de
629 1183 684 1208 rege
693 1175 794 1207 superbo

120 1241 122 1243 ,
164 1216 364 1241 Primitiae—.

176 1292 252 1322 Ver.
286 1294 377 1321 1222.
417 1292 609 1330 Conripiunt:
649 1290 778 1330 quidam
807 1291 859 1321 Pii

132 1341 223 1373 codd.
254 1344 439 1382 Correpurzt;
463 1342 790 1381 vitiose.—-perculsei:
816 1341 859 1372 sic

133 1393 322 1430 Florentina,
345 1394 493 1431 Juntina,
518 1393 615 1423 Vind.
640 1394 676 1424 B.
706 1393 744 1423 Ο.
765 1398 800 1424 Δ.
818 1400 858 1424 Π.

132 1446 264 1476 omnino
293 1445 465 1483 verissime;
498 1445 639 1485 quamvis
669 1445 858 1484 exemplaria

133 1497 345 1536 praestantiora
370 1506 405 1526 ac
429 1496 596 1526 vetustiora
622 1497 767 1534 habeant,
785 1507 858 1535 per-

133 1551 230 1585 cussi,·
255 1550 321 1578 haec
336 1549 421 1578 enim
437 1559 495 1577 vox
511 1547 550 1578 ad
565 1547 735 1578 efficaciam
750 1547 858 1578 sensus

132 1599 262 1639 appositi
276 1609 341 1629 non
356 1599 502 1639 assurgit:
529 1598 636 1628 redeas
659 1604 810 1628 annotata
824 1599 858 1629 in

131 1653 151 1684 i.
169 1656 217 1683 15.
240 1659 271 1682 et
285 1663 416 1682 manum
439 1652 534 1682 dabis.
582 1652 734 1682 Consulas
749 1657 858 1682 autem

131 1704 304 1735 Heinsium
318 1704 358 1734 ad
373 1704 462 1743 Virg.
479 1704 553 1733 AEu.
568 1703 589 1733 i.
605 1706 676 1734 515.
689 1704 741 1733 cui
758 1704 854 1733 nolim

129 1755 276 1797 equidem
297 1756 330 1785 in
352 1755 498 1785 omnibus
519 1753 709 1792 auscultare3
733 1760 764 1784 et
786 1754 854 1784 Ou-

130 1808 349 1848 dendorpium,
373 1807 413 1838 ad
427 1808 545 1838 Lucan.
565 1806 584 1837 i.
600 1809 671 1837 487.
708 1806 855 1837 Claudia-

132 1870 202 1896 nus,
218 1860 252 1890 in
268 1859 375 1890 Rufin.
390 1859 421 1889 ii.
441 1863 507 1890 150.

161 1927 198 1952 At
208 1926 302 1958 procul
312 1925 455 1958 exsanguis
466 1925 593 1950 Rufinum
603 1925 709 1958 perculit
720 1925 828 1950 horror:

131 1989 152 2020 i.
167 1999 193 2020 e.
215 1991 376 2028 concussit,
399 1989 560 2030 quassavit,
587 1989 628 2019 ad
649 1989 858 2019 imitationem

131 2040 272 2081 Virgilii,
289 2040 329 2071 ad
344 2050 405 2070 ver.
425 2044 514 2070 1218.
530 2050 630 2079 nuper
644 2039 759 2070 collati.
805 2040 857 2070 Ita

131 2092 214 2133 vulg.
230 2103 306 2123 vers.
321 2092 394 2123 bibl.
409 2092 443 2121 in
466 2092 568 2122 Exod.
585 2102 635 2122 xx.
656 2095 771 2122 18.—“
786 2102 855 2131 per-

131 2150 154 2166 “
170 2147 276 2183 territi,
292 2157 328 2177 ac
338 2158 449 2187 pavore
465 2148 613 2185 concussi,
625 2151 776 2176 steterunt
786 2156 857 2185 pro-

132 2200 154 2216 “
171 2197 296 2228 cul—.”
320 2198 461 2234 Pacatus,
478 2207 590 2237 paneg.
603 2196 759 2227 Theodos.
774 2198 858 2237 Aug.

133 2248 206 2279 xxii.
223 2252 317 2279 1.—“
333 2255 378 2285 et,
399 2249 424 2279 si
449 2249 504 2289 qui
525 2249 606 2278 forte
628 2254 700 2278 sunt
713 2249 857 2278 barbaro-

134 2303 156 2318 “
172 2309 255 2337 rum,
280 2299 334 2340 qni
356 2300 498 2330 nondum
514 2299 636 2330 virtutis
651 2305 714 2329 tuae
732 2299 858 2339 fulmen

134 2354 156 2369 “
174 2350 362 2391 exceperint,
382 2350 518 2381 nominis
533 2357 648 2380 terrore
658 2352 806 2390 perculsi,
826 2356 860 2380 et

133 2405 156 2420 “
172 2401 257 2431 velut
272 2401 390 2439 adflafi,
403 2401 593 2442 quiescant.''
618 2401 704 2432 Libri
720 2401 858 2442 quidam,

126 2458 267 2497 percussi
273 2470 283 2486 .·
309 2462 340 2486 et
354 2456 411 2485 viri
427 2455 509 2486 docti
524 2455 564 2486 ad
578 2455 683 2486 locum
705 2456 858 2486 diversam

133 2507 309 2538 dictionum
330 2507 503 2546 potentiam
526 2507 658 2537 minime
682 2513 857 2546 perceptam

131 2559 320 2589 habuerunt.
369 2559 493 2589 Vocem
516 2558 652 2588 efficacia
678 2559 745 2598 pari
767 2559 856 2589 redo-

131 2610 278 2641 nabimus
303 2610 477 2640 Ammiano
503 2609 699 2646 Marcellino,
731 2620 800 2640 xxx.
828 2614 857 2641 6.

132 2664 156 2680 ‘⁶
174 2662 320 2701 Cumque
355 2662 496 2692 membris
532 2662 700 2692 incurvatis
733 2666 857 2697 starent,

132 2717 154 2732 “
170 2721 250 2745 meta
281 2714 398 2744 debiles
431 2720 462 2745 et
486 2713 677 2754 perstricti.'’
737 2713 858 2754 Vulgo,

131 2769 154 2786 ‘⁵
165 2769 344 2806 praestricti.
390 2767 456 2797 Hic
478 2772 583 2797 autem
606 2767 694 2797 locus
722 2766 859 2796 multum

133 2817 213 2848 lucis
228 2819 328 2859 injicit
344 2819 498 2850 Lucretio.

174 2870 248 2900 Ver.
272 2874 366 2903 1225.
394 2873 461 2903 N'e:
490 2871 528 2902 O.
554 2872 853 2902 Nec.—admisszmz.·

135 2927 172 2952 Π.
196 2924 346 2953 omissum.

180 2980 269 3012 V01..
287 2981 359 3014 111.

943 978 1018 1007 Ver.
1039 981 1132 1008 1224.
1156 980 1195 1009 sit
1219 980 1260 1008 ad
1286 984 1429 1009 auctum:
1465 977 1484 1008 i.
1500 988 1526 1010 e.
1550 981 1572 997 “
1588 978 1628 1010 ad

902 1032 922 1047 ‘⁶
938 1029 1064 1068 plenam
1075 1029 1289 1059 maturitatem
1301 1040 1390 1059 suam
1402 1029 1588 1068 perductum
1596 1030 1627 1069 ξ’

901 1088 997 1116 ‘tekene
1013 1094 1045 1111 ‘rt
1067 1094 1143 1114 οντες
1172 1092 1209 1110 ‘78
1225 1093 1318 1122 zoetps,
1342 1094 1392 1110 και
1410 1088 1628 1122 πεπληρωμενε.

902 1133 953 1162 Sic
968 1139 1072 1162 autem
1089 1132 1202 1162 diserte
1218 1132 1367 1170 scriptum
1390 1132 1580 1170 conspicitur
1594 1132 1629 1162 in

903 1190 948 1213 Ω.
964 1189 1055 1223 atque
1071 1183 1104 1213 in
1115 1183 1185 1213 aliis
1195 1183 1348 1212 universis
1358 1184 1538 1220 adauctum,
1550 1193 1628 1222 prae-

901 1240 948 1264 ter
971 1234 1009 1264 P.
1034 1234 1089 1274 qui
1111 1239 1222 1273 sponte
1243 1239 1276 1264 et
1304 1232 1415 1263 tacitus
1441 1233 1631 1273 scriptorum

901 1284 1049 1316 lectiones
1070 1285 1156 1316 hand
1182 1284 1276 1315 dubie
1301 1285 1414 1324 saepius
1442 1285 1630 1316 immutavit.

904 1336 971 1366 Nec
985 1336 1066 1366 mihi
1080 1336 1219 1376 profecto
1234 1336 1273 1366 de
1288 1336 1438 1374 castitate,
1457 1346 1494 1366 ac
1509 1335 1630 1366 Latini-

902 1393 965 1417 tate
976 1387 1096 1424 saltem,
1109 1388 1255 1426 phraseos
1265 1389 1397 1418 solvendi
1408 1394 1524 1427 tempus
1535 1389 1631 1418 adac-

903 1445 968 1469 tum
993 1439 1066 1468 satis
1094 1439 1204 1480 liquet,
1226 1444 1262 1469 ut
1287 1440 1441 1479 patienter
1464 1439 1631 1469 admittam

900 1495 1007 1519 contra
1031 1489 1282 1520 fidelissimorum
1308 1489 1534 1529 exemplarium
1555 1499 1631 1520 auc-

901 1541 1066 1571 toritatem.

945 1592 1026 1623 Ibid.
1043 1595 1209 1623 Poenarzcm
1225 1594 1364 1623 solvundi
1378 1598 1502 1631 tempus.
1535 1592 1631 1622 Hanc

901 1644 1070 1674 formulam
1085 1645 1259 1675 Lambinus
1273 1643 1396 1674 erudite
1413 1643 1579 1674 illustravit
1592 1653 1631 1673 ex

901 1694 1007 1726 Plaut.
1041 1696 1129 1734 Capt.
1151 1697 1190 1726 iv.
1214 1699 1242 1725 2.
1266 1698 1316 1726 72.
1354 1694 1481 1724 Terent.
1511 1695 1630 1724 Heaut.

900 1748 975 1786 prol.
993 1753 1042 1780 29.
1068 1749 1195 1778 Sueton.
1214 1749 1349 1788 August.
1365 1752 1416 1779 98.
1433 1748 1562 1788 aliisque
1583 1748 1630 1778 lo-

899 1799 942 1829 cis
956 1806 1114 1838 veterum;
1137 1810 1217 1840 quos
1232 1810 1297 1829 non
1313 1810 1446 1838 appono.

944 1851 1016 1882 Ver.
1036 1854 1126 1883 1225.
1150 1854 1270 1882 Summe
1291 1853 1432 1887 violente}
1457 1856 1491 1881 ut
1516 1862 1630 1882 summe

900 1905 1001 1940 celeri,
1028 1904 1066 1934 iv.
1084 1905 1155 1935 255.
1180 1903 1325 1942 Plautus,
1352 1902 1417 1933 mil.
1443 1903 1520 1943 glor.
1546 1903 1585 1932 iv.
1602 1907 1631 1934 4.

901 1959 953 1987 29.
975 1960 1007 1985 et
1021 1955 1074 1985 alii
1089 1955 1202 1994 plures.
1249 1955 1331 1984 Haec
1353 1960 1460 1984 autem
1474 1953 1566 1983 lectio
1587 1960 1633 1984 est

900 2006 1054 2037 librorum
1066 2005 1164 2036 Vind.
1176 2005 1215 2036 V.
1234 2005 1281 2035 ed.
1299 2005 1339 2035 O.
1357 2011 1391 2035 Δ.
1410 2012 1450 2035 Π.
1469 2012 1513 2035 Ω.
1537 2010 1567 2034 et
1582 2015 1633 2034 re-

900 2058 1059 2098 liquorum
1081 2057 1209 2087 fortasse
1223 2056 1472 2092 veterrimorum,
1495 2055 1520 2085 si
1535 2055 1630 2085 colla-

901 2115 982 2139 tores
998 2108 1130 2138 fideliter
1145 2117 1212 2137 rem
1227 2107 1401 2147 gessissent.
1431 2105 1566 2145 Vulgari
1581 2115 1632 2135 so-

901 2160 953 2196 let,
978 2163 1111 2191 Summa.
1157 2159 1256 2188 Nobis
1278 2158 1396 2188 interea
1417 2157 1502 2187 viam
1521 2156 1632 2187 saltem

901 2211 1088 2241 tutissimam
1104 2209 1222 2249 placuit
1236 2209 1322 2239 inire.

946 2261 1028 2292 Ibid.
1047 2263 1092 2292 vis
1106 2263 1200 2297 venti,⁴
1228 2266 1265 2290 ut
1279 2270 1299 2290 ι.
1316 2262 1387 2290 272.
1410 2258 1451 2288 ad
1473 2258 1631 2288 Homere-

902 2323 953 2343 am
969 2313 1150 2349 dictionem,
1170 2324 1277 2351 ανεμων
1291 2324 1379 2349 μενος,
1398 2309 1459 2339 Od.
1476 2314 1509 2339 E.
1524 2311 1597 2340 478.

947 2365 1028 2395 Ibid.
1359 2362 1465 2399 Maro,
1502 2370 1569 2401 geo.
1600 2360 1631 2392 ii.

905 2420 974 2448 107.

1060 2366 1184 2395 violenti
1220 2365 1309 2394 venti.

1021 2489 1066 2514 ubi
1075 2489 1186 2521 navigiis
1196 2487 1334 2512 violentior
1348 2485 1442 2511 incidit
1460 2487 1615 2511 Eurus—.

945 2558 1018 2589 Ver.
1044 2562 1135 2589 1226.
1165 2559 1286 2590 classis.-
1320 2562 1362 2586 Π.
1394 2560 1430 2587 Σ.
1458 2556 1633 2586 clausis.—

900 2621 1041 2651 aeqzcora:
1075 2610 1113 2641 P.
1141 2610 1181 2640 V.
1208 2608 1255 2639 ed.
1281 2609 1562 2638 cethem—verrit.-
1589 2606 1631 2637 V.

900 2664 947 2694 ed.
970 2666 1070 2701 vertit,
1097 2669 1129 2693 et
1153 2669 1198 2693 Ω.
1222 2660 1361 2692 secunda
1383 2670 1496 2697 manu3
1520 2669 1630 2698 perpe-

901 2725 986 2745 ram:
1019 2715 1091 2744 vide
1112 2714 1132 2744 i.
1156 2718 1228 2744 280.
1252 2719 1283 2743 et
1305 2723 1367 2743 ver.
1393 2715 1464 2742 267.
1500 2711 1633 2751 hujusce

902 2766 982 2797 libri.
1027 2765 1194 2806 Virgilius,
1221 2774 1288 2805 geo.
1315 2763 1358 2794 iii.
1375 2765 1447 2793 201.
1473 2761 1512 2792 de
1531 2763 1632 2802 Aqui-

903 2820 988 2849 lonc.-

933 2891 979 2916 111e
991 2889 1163 2920 volat‚simu¹
1175 2896 1239 2914 arva
1251 2888 1325 2921 suga,
1343 2887 1421 2912 simul
1438 2894 1552 2920 equom,
1570 2893 1632 2911 ver-

1024 2938 1090 2955 rens.

907 2980 936 3010 0
