1926 3224
545 217 781 266 LIBER
823 216 1126 268 SEXTUS.

1489 230 1577 270 321

239 349 328 390 Nee
348 356 435 392 tota
453 364 562 405 pars,
584 349 712 391 homo
732 350 855 391 terrai
875 358 1001 406 quota
1020 351 1144 392 totius
1165 365 1282 394 unus.

238 423 367 472 Quod
388 424 492 466 bene
511 424 766 479 propositum
788 424 819 464 si
840 423 960 478 plane
980 433 1214 476 contueare,

237 497 303 539 Ac
322 497 459 539 videas
478 497 613 552 plane,
635 496 775 536 mirari
795 496 924 536 multa
943 497 1158 552 relinquas.

131 571 213 610 655

305 571 418 612 Num
438 571 528 626 quis
547 570 657 611 enim
677 567 863 609 nostrum
883 569 1072 620 miratur,
1094 572 1126 611 si
1147 574 1236 627 quis
1256 574 1299 614 in
1320 582 1430 616 artus

234 644 412 699 Adcepit
432 643 563 684 calido
583 641 728 682 febrim
748 640 906 682 fervore
925 651 1126 694 coortam,

234 718 324 758 Aut
343 717 466 758 alium
487 729 609 771 quem
629 715 688 755 vis
709 714 842 756 morbi
863 729 938 770 per
957 717 1144 759 membra
1163 718 1372 764 dolorem?

236 790 502 846 Obturgescit
523 790 632 830 enim
654 789 789 831 subito
808 804 895 844 pes,
918 790 1070 847 adripit
1090 808 1184 834 acer

235 863 355 919 Saepe
374 863 493 905 dolor
513 863 685 914 denteis,
708 863 847 905 oculos
867 864 1025 907 invadit
1044 866 1087 907 in
1108 867 1217 922 ipsos
1223 887 1236 919 ς

85 1028 207 1064 ceptam
243 1023 808 1065 circumscriptamque.—Caeterum,

85 1075 126 1107 Ο.
146 1083 191 1107 Ω.
208 1087 334 1107 summa.

128 1128 205 1159 Ver.
220 1130 293 1159 650.
315 1129 464 1159 summa'i:
491 1127 586 1158 Vind.
601 1128 643 1159 V.
655 1128 705 1159 ed.
727 1140 809 1160 sum-

84 1191 152 1218 ma‚·
177 1185 211 1211 Σ.
227 1191 296 1212 cum
311 1191 446 1217 summa,·
474 1190 532 1211 nec
556 1180 652 1219 male,
673 1187 710 1211 ut
732 1181 811 1212 mihi

85 1231 216 1263 videtur.

110 1291 202 1322 Ver.
220 1294 291 1322 651.
314 1293 484 1323 multesima
499 1303 583 1332 pars.
621 1292 756 1330 Nonius,
779 1292 811 1323 ii.

84 1345 157 1375 520.
184 1353 309 1374 versum
324 1343 410 1382 citat,
431 1351 472 1380 et,
495 1343 600 1374 nescio
625 1343 702 1384 quid
728 1354 811 1374 som-

83 1394 187 1433 nians,
217 1394 294 1425 dicit
318 1395 400 1426 hanc
423 1395 551 1435 phrasin
574 1405 654 1426 nove
679 1395 812 1435 positam

83 1455 150 1476 esse
165 1455 222 1485 pro
236 1448 395 1486 quantitas
410 1448 547 1487 infinita.
573 1446 685 1487 Longe
699 1447 813 1477 rectius

84 1501 116 1527 et
130 1496 252 1528 doctius
265 1496 505 1537 explicationem
519 1497 648 1527 molitus
658 1503 703 1528 est
715 1498 810 1528 Lam-

82 1548 189 1585 binus,
204 1548 258 1589 qui
268 1558 341 1579 cum
356 1549 468 1579 Graeco
480 1549 636 1579 schemate
649 1556 814 1580 mazona-ou

82 1613 162 1643 μερος
185 1601 418 1640 comparaverit.
456 1601 695 1640 Havercampus
717 1601 813 1631 etiam

82 1653 265 1692 tempestive
290 1652 422 1688 monuit,
449 1653 588 1683 maximo
616 1653 810 1689 Casaubono,

85 1703 128 1734 ad
145 1703 342 1743 Strabonem,
362 1704 415 1735 lib.
431 1704 450 1734 i.
465 1715 494 1743 p.
511 1708 562 1735 26.
584 1704 811 1736 Lucretianum

40 1783 44 1785 Α
81 1764 207 1785 versum
221 1754 352 1788 laudari.
397 1755 480 1785 Haec
501 1761 608 1786 autem
630 1761 704 1786 sunt
727 1756 811 1787 Stra-

82 1806 175 1837 bonis
188 1807 296 1837 verba:
325 1813 501 1838 Πολλοστον
516 1821 574 1849 ’γαρ
595 1820 671 1849 ,nepos
693 1820 752 1838 εστι
771 1821 812 1838 τοι

83 1859 174 1901 σορρω
202 1865 456 1901 τερατολογεμενω
481 1873 537 1890 των
563 1873 588 1890 εν
612 1873 649 1902 τῃ
671 1859 810 1898 mnam,

81 1923 134 1941 xm
162 1923 252 1950 ε’γγυς
282 1924 334 1945 της
357 1909 520 1944 Ἓλλαδυς.·
552 1910 572 1941 i.
599 1921 625 1941 e.
641 1913 809 1950 perexigua

82 1967 202 1992 tantum
214 1973 299 2002 pars.
343 1962 455 2001 Porro,
476 1962 520 1993 sic
542 1963 671 1993 fortasse
690 1973 758 1993 rem
771 1963 809 1993 li-

81 2012 208 2055 quidius
233 2013 403 2053 concipias:
437 2019 473 2044 ut
494 2015 654 2045 millesima
672 2025 750 2054 pars
772 2024 809 2044 ea

82 2071 140 2105 est,
160 2076 230 2107 quae
247 2065 402 2096 rationem
419 2066 532 2097 habeat
545 2068 640 2098 unius
655 2066 695 2096 ad
708 2068 803 2102 ‘mille5

81 2116 126 2147 sic
147 2119 317 2148 multesima
333 2129 410 2158 pars
436 2118 547 2148 similis
570 2123 616 2148 est
638 2117 808 2148 diminutio

81 2167 166 2198 vocis
187 2170 312 2207 multus,
335 2174 429 2210 atque
454 2170 493 2199 ab
514 2169 582 2209 ejus
603 2168 750 2199 mensura
771 2179 807 2199 ac

82 2218 256 2258 quantitate
283 2219 377 2250 distat
404 2230 501 2260 quam
530 2220 719 2262 longissime.
750 2222 807 2253 Vi-

81 2270 158 2301 deas
175 2271 254 2302 Isoc.
268 2277 343 2302 orat.
365 2271 406 2302 ad
428 2272 542 2312 Philip.
564 2283 596 2312 p.
619 2276 692 2304 550.
717 2278 744 2305 7.
760 2274 806 2306 ed.

82 2322 205 2363 Auget.

125 2375 199 2407 Ver.
215 2380 288 2409 652.
313 2377 372 2408 Uti
391 2388 449 2409 nos
470 2378 626 2410 edidimus
647 2386 716 2420 post
736 2380 807 2412 Ha-

81 2436 292 2467 vercampum,
316 2429 360 2459 sic
374 2429 451 2459 dant
466 2429 531 2460 fere
553 2441 694 2471 expresse
710 2432 807 2464 Vind.

83 2477 123 2508 V.
140 2478 188 2509 ed.
205 2479 242 2510 Β,
257 2479 294 2510 L.
311 2480 360 2510 M.
376 2485 411 2511 Δ.
428 2486 463 2512 Σ.
478 2487 509 2511 et
524 2492 580 2521 pro
600 2493 660 2513 var.
677 2483 745 2514 lect.
762 2490 807 2516 Ω.

83 2529 368 2562 Dissimilitudines
383 2538 457 2562 sunt
471 2543 541 2573 quae
555 2540 742 2574 sequuntur:
761 2542 806 2566 to-

81 2588 132 2612 ta:
158 2582 195 2612 P.
221 2582 263 2614 O.
293 2589 338 2614 Ω.
358 2586 616 2624 quota.—·terra'i.·
642 2586 739 2617 Vind.
766 2588 807 2619 V.

80 2633 129 2664 ed.
143 2640 240 2672 terra5
263 2640 299 2666 Δ.
314 2641 411 2667 terna.

125 2694 206 2726 Ibid.
235 2697 341 2733 Totus,
365 2703 494 2738 quotu53
520 2698 628 2738 primis
649 2699 805 2733 brevibus:

81 2745 168 2777 unde
181 2748 279 2785 toties,
301 2748 431 2788 quoties.
474 2749 700 2782 Bcnumus.

125 2806 199 2838 Ver.
222 2811 296 2840 653.
318 2810 402 2840 hene:
437 2809 475 2840 P.
498 2811 808 2852 hona—propositum

81 2858 134 2887 si:
155 2857 253 2889 Vind.
273 2859 313 2890 O.
334 2863 506 2900 propositus
530 2864 558 2892 si
566 2877 576 2898 ;
604 2869 647 2893 Ω.
669 2868 808 2905 proposi·

82 2913 146 2938 tum
161 2915 202 2940 est
219 2912 403 2950 si.-—pl‹me:
431 2912 529 2944 Vind.
545 2918 580 2946 Σ,
593 2916 694 2954 plani.

901 1021 978 1052 Ver.
995 1025 1066 1054 654.
1090 1026 1157 1055 Ac.-
1183 1024 1221 1055 P.
1241 1026 1281 1056 V.
1297 1027 1343 1058 ed.
1361 1030 1416 1066 E!;
1435 1036 1468 1062 Σ.
1485 1035 1539 1064 At.

898 1076 980 1107 Ibid.
1003 1079 1117 1108 mirari
1137 1081 1232 1110 multa
1261 1084 1434 1122 relinquas:
1467 1097 1539 1118 narn
1563 1100 1582 1120 e

854 1128 1000 1159 novitatis
1017 1130 1120 1168 specie
1130 1130 1297 1163 admiratio
1308 1134 1459 1175 gignitur,
1476 1144 1506 1168 ct
1517 1150 1583 1170 ma-

853 1185 935 1209 trem
956 1181 1050 1211 habet
1071 1182 1264 1213 naturalium
1290 1195 1469 1217 caussarum
1492 1190 1582 1229 igno-

854 1230 1023 1262 rationem:
1051 1233 1159 1264 confer
1179 1241 1286 1266 autem
1313 1237 1426 1269 Horat.
1454 1240 1539 1280 epist.
1562 1243 1582 1272 i.

857 1285 885 1312 6.
905 1285 990 1313 1—6.

898 1334 973 1364 Ver.
991 1337 1063 1366 655.
1086 1338 1237 1369 miratur:
1263 1339 1301 1370 P.
1317 1343 1466 1373 miratus:
1491 1343 1582 1383 forte,

855 1387 1007 1417 miratust.

898 1438 974 1469 Ver.
1000 1442 1073 1470 658.
1111 1441 1314 1481 obturgescit:
1351 1444 1492 1484 quidam,
1525 1448 1584 1479 Pio

855 1494 944 1527 teste,
966 1489 1112 1530 legebant
1131 1493 1325 1524 Obbrutescit.

900 1540 982 1571 Ibid.
998 1553 1069 1573 acer
1083 1545 1168 1573 dolor
1183 1546 1306 1576 dentez's.
1338 1546 1491 1587 Virgilius
1508 1549 1583 1582 AEn.

857 1592 897 1622 xi.
914 1595 985 1624 709.

1111 1685 1212 1717 furens,
1223 1688 1331 1720 acrique
1341 1690 1453 1716 adcensa
1465 1692 1555 1718 dolore.

855 1752 966 1783 Addas
998 1754 1152 1785 Serenum
1185 1756 1398 1798 Samonicum,
1434 1761 1472 1792 de
1501 1763 1582 1795 med.

856 1806 928 1834 227.

885 1885 964 1910 Haud
974 1885 1106 1912 facilewest
1116 1895 1199 1913 acrem
1210 1888 1291 1914 dentis
1303 1891 1417 1918 tolerare
1426 1893 1545 1921 dolorem.

895 1958 970 1990 Ver.
987 1963 1058 1992 659.
1080 1963 1215 1994 demis.-
1232 1953 1341 1995 ‘Vind.
1357 1966 1398 1996 v.
1414 1967 1461 1998 ed.
1481 1969 1519 2000 ο.
1537 1976 1582 2002 s2.

853 2010 963 2046 dentes,
987 2021 1053 2041 non
1068 2014 1168 2044 dentis
1174 2029 1185 2049 ;
1209 2019 1302 2054 atque
1317 2016 1445 2048 fortasse
1459 2021 1581 2053 rectius.

850 2063 1012 2093 —oculos:
1038 2063 1074 2093 P.
1094 2070 1138 2094 Ω.
1154 2067 1320 2105 oculosque.

894 2113 977 2143 Ibid.
1000 2116 1033 2144 z'n
1049 2117 1148 2145 oculos
1163 2118 1292 2148 invadit.
1322 2118 1373 2149 Sic
1388 2119 1454 2159 alii,
1468 2128 1500 2152 et
1513 2123 1580 2154 Lu-

852 2164 944 2195 cilius
959 2165 1045 2204 apud
1061 2166 1214 2204 Nonium,
1229 2169 1268 2199 iv.
1286 2173 1357 2201 5238.

899 2247 938 2271 Ut
948 2247 1030 2272 semel
1041 2247 1068 2272 in
1081 2248 1146 2274 coeii
1152 2253 1253 2282 pugnas
1264 2254 1292 2277 te
1302 2252 1430 2278 invadere
1441 2255 1506 2280 vidi.

854 2317 919 2350 Ubi
941 2318 1115 2360 legendum
1141 2321 1259 2360 forsan,
1291 2327 1313 2342 ‘⁴
1340 2324 1373 2354 in
1400 2328 1473 2358 talis
1497 2339 1578 2370 pug-

852 2372 874 2388 “
891 2370 1021 2401 nas—.”
1045 2371 1096 2402 Sic
1113 2373 1257 2412 Plautus,
1282 2375 1395 2407 Bacch.
1418 2377 1457 2408 iv.
1480 2383 1509 2410 4.
1528 2384 1581 2412 60.

855 2420 1028 2461 Sallustius,
1044 2425 1067 2456 J
1069 2435 1121 2466 ug.
1137 2427 1231 2458 xxxii.
1249 2432 1276 2458 4.
1295 2429 1399 2460 Aliter
1414 2438 1518 2463 noster
1526 2444 1579 2464 su-

850 2483 913 2512 pra,
936 2485 998 2506 ver.
1029 2479 1100 2508 174.
1123 2479 1170 2509 uti
1195 2479 1360 2511 Sallustius
1381 2482 1465 2513 idem
1480 2485 1578 2516 varia-

851 2525 905 2564 vit,
921 2525 955 2556 in
973 2527 1063 2558 Catil.
1079 2530 1182 2561 xxxvi.
1198 2533 1227 2561 5.
1252 2531 1369 2562 Videas
1380 2533 1463 2564 viros
1473 2534 1580 2567 doctos

854 2577 895 2608 ad
911 2579 1046 2617 priorem
1060 2580 1198 2612 historici
1213 2582 1328 2614 locum.

893 2630 967 2660 Ver.
998 2634 1070 2662 660.
1108 2635 1254 2665 Eoesz'stit:
1293 2636 1331 2666 P.
1361 2639 1486 2668 Exurit.
1524 2640 1580 2670 An

857 2681 1003 2721 Esurgit,
1026 2683 1077 2712 vel
1102 2685 1275 2724 Exsurgit?
1307 2687 1348 2718 V.
1375 2687 1422 2719 ed.
1449 2691 1581 2722 Exz'scit.

855 2732 917 2763 Sed
932 2742 973 2762 an
989 2735 1166 2774 Ecgliscz't?
1182 2736 1286 2767 videas
1302 2737 1322 2768 i.
1337 2742 1410 2770 475.
1425 2740 1473 2770 uti
1489 2741 1579 2772 Sere-

852 2795 913 2815 nus
934 2785 1029 2815 etiam
1055 2786 1250 2828 Samonicus,
1273 2800 1334 2822 ver.
1361 2794 1433 2823 770.
1455 2791 1496 2823 de
1519 2794 1579 2825 hoe

851 2837 920 2878 ipso
934 2839 1062 2868 morbo:

887 2928 1014 2961 Unguine
1025 2935 1079 2961 quo
1086 2929 1192 2962 gliscens
1204 2931 1322 2964 deponet
1325 2925 1436 2965 flamma
1438 2933 1567 2966 furorem.
