1926 3224
576 224 805 274 LIBER

860 223 1160 274 SEXTUs

1520 226 1614 269 309

277 356 435 411 Saepius
454 355 560 397 hanc
580 357 634 398 ob
654 372 740 398 rem
761 357 971 398 minitatur
990 364 1099 397 terra
1117 354 1270 404 ruinas,

276 430 414 479 Quam
435 431 548 480 facit;
581 432 797 472 inclinatur
816 432 942 480 enim,
963 439 1154 485 retroque
1173 427 1339 477 recellit3

276 503 332 546 Et
350 505 495 559 recipit
514 505 701 559 prolabsa
720 519 810 544 suas
830 504 872 543 in
891 503 1075 557 pondere
1093 503 1220 543 sedes.

275 577 372 619 Hac
391 579 517 635 igitur
535 578 694 618 ratione
713 575 900 616 vacillant
919 576 1059 616 omnia
1078 584 1199 624 tecta,

161 650 241 692 575
274 651 443 693 Summa
462 651 592 706 magis
611 649 769 698 mediis,
792 648 928 689 media
946 649 1053 698 imis,
1076 649 1158 688 ima
1177 648 1393 702 perliilum.

330 724 405 764 Est
424 723 514 764 haec
533 722 712 777 ejusdem
732 737 896 778 quoque
914 722 1053 779 magni
1074 737 1213 764 caussa
1233 723 1438 773 tremoris3

271 796 429 838 Ventus
449 796 535 846 ubi,
558 805 680 851 atque
699 797 849 837 animae
870 796 1003 837 subito
1024 796 1083 836 vis
1103 810 1299 837 maxuma
1318 795 1524 851 quaedam,

267 870 357 911 Aut
375 870 624 911 extrinsecus
643 878 714 911 aut
732 869 819 925 ipsa
840 869 981 910 tellure
1001 878 1156 920 coorta,

268 943 321 986 In
339 943 428 986 loca
447 958 489 985 se
508 958 608 985 cava
626 946 754 986 terrai
771 944 960 999 conjecit,
981 943 1143 999 ibeique

125 1127 194 1159 quae
208 1117 359 1158 scriptura
373 1117 517 1150 Bentleio
527 1118 656 1158 placuit,
666 1118 765 1149 libens
775 1129 845 1150 am·

125 1169 274 1209 plecterer
293 1171 333 1200 ob
360 1169 381 1200 i.
408 1173 480 1201 850.
502 1170 642 1210 quamvis
667 1180 762 1201 nemo
786 1170 846 1201 fre-

124 1221 323 1262 quentiorum
353 1221 498 1260 phraseos
527 1221 717 1260 varietatem,
744 1228 849 1252 noster

123 1281 219 1313 quam
243 1271 415 1307 Lucretius.
439 1277 582 1302 sectetur.
607 1272 648 1303 V.
670 1273 718 1303 ed.
746 1275 845 1304 vireis.-

123 1323 213 1364 cujus
234 1323 416 1363 corruptelae
438 1323 596 1363 perfacilis
611 1330 657 1354 ωε
679 1324 757 1354 ratio
778 1324 848 1355 red-

122 1375 235 1407 denda.
278 1375 450 1412 Nimirum,
480 1375 514 1406 in
536 1378 647 1412 euntis,
680 1386 738 1406 vox
770 1387 848 1416 prae-

123 1437 228 1469 gre-sa
242 1429 434 1467 absorpserat
443 1438 468 1463 e,
484 1434 576 1469 atque
592 1439 611 1458 η
628 1428 661 1457 in
676 1430 705 1458 ir
721 1438 848 1458 conver-

124 1489 196 1510 sum
221 1485 274 1510 est.
313 1479 387 1510 Hoc
412 1479 525 1518 partim
551 1478 662 1509 accidit
683 1478 782 1509 codici
805 1485 849 1509 Ω.

124 1530 179 1571 qui
193 1530 247 1561 dat
261 1532 348 1561 uncis
352 1545 364 1566 ,-
384 1541 411 1566 c,
426 1536 462 1560 ut
476 1529 605 1566 adsolet,
618 1540 690 1560 cum
701 1536 714 1560 t
725 1530 851 1569 insuper

123 1587 254 1613 mutato.
830 1579 837 1584 ”

169 1632 248 1663 Ibid.
266 1633 366 1663 Hunc
384 1631 489 1662 locum
503 1631 657 1673 Virgilius
671 1632 750 1662 mihi
765 1631 848 1662 vide-

124 1688 176 1716 tur
190 1693 246 1724 pro
264 1693 352 1713 more
373 1693 438 1713 non
460 1683 640 1724 neglexisse,
667 1682 708 1713 ad
731 1684 804 1713 AEn.
827 1683 848 1714 i.

124 1736 177 1766 52.

409 1814 475 1840 Heic
485 1818 562 1840 vasto
574 1822 624 1841 rex
636 1815 728 1840 AEolus
737 1817 817 1840 antro

155 1855 296 1881 Luctantis
305 1858 406 1885 ventos,
417 1859 645 1887 tempestatesque
654 1862 771 1885 sonora-5,

155 1895 260 1926 Inperio
272 1894 381 1926 premit,
389 1901 419 1919 ac
430 1894 524 1919 vinclis
536 1899 564 1919 et
575 1894 846 1925 carceresrenat—.

154 1933 189 1960 Ni
197 1933 295 1965 faciat,
313 1933 408 1963 maria,
418 1940 449 1958 ac
460 1936 554 1963 ten-aii,
565 1933 722 1965 coelumque
738 1933 849 1965 profun-

247 1973 324 2002 dum,

154 2011 261 2044 Quippe
280 2008 369 2036 fera'nt
390 2011 475 2043 rapidi
491 2018 595 2042 secum,
615 2014 779 2043 verrantque
799 2018 848 2044 per

245 2056 330 2075 auras.

127 2130 211 2162 eum
224 2130 337 2172 quibus
351 2139 511 2170 compares
526 2130 620 2162 Ovid.
637 2136 712 2162 met.
727 2131 748 2161 i.
763 2133 849 2162 57—

123 2186 176 2213 61.

166 2234 242 2264 Ver.
256 2237 328 2266 570.
349 2236 492 2266 conlectez'
512 2236 654 2266 redeunt.-
679 2233 786 2264 confer
807 2235 850 2264 sis

126 2285 216 2325 Virg.
243 2295 311 2325 geo.
335 2285 378 2315 iii.
395 2288 466 2316 255.
491 2285 565 2315 hinc
587 2286 672 2315 enim
696 2285 848 2315 sermonis

125 2335 285 2367 translatio
298 2335 463 2366 manifesta
476 2335 675 2375 comparebit.

166 2389 243 2418 Ver.
258 2390 329 2419 571.
351 2389 476 2419 ruinas.-
504 2387 540 2418 Ρ.
562 2389 702 2424 ruinam;
725 2387 776 2418 cui
799 2388 846 2418 fa-

125 2447 175 2470 vet
190 2439 230 2470 V.
245 2439 292 2469 ed.
307 2439 493 2478 depravatio,
509 2441 672 2476 ruebatur,-
691 2450 792 2480 quum
806 2440 846 2470 si-

123 2491 212 2522 milia
225 2491 287 2521 sint
301 2491 335 2521 in
356 2490 541 2522 minusculis
561 2491 719 2531 scripturae
740 2491 849 2522 formis

123 2555 164 2580 m,
181 2548 211 2573 et
225 2549 259 2574 tu
273 2543 379 2573 literae.

168 2593 244 2624 Ver.
272 2596 344 2625 572.
367 2595 498 2625 recellit.-
525 2593 567 2624 O.
597 2599 631 2625 Δ.
652 2598 687 2626 Σ.
717 2597 845 2632 recedit,-

123 2644 224 2674 velex
239 2644 352 2685 glossa,
378 2645 426 2675 vel
440 2646 480 2675 ob
500 2645 648 2676 rariorem
669 2645 847 2678 dictionem.

125 2698 277 2728 Recellere
292 2697 413 2736 proprie
427 2703 528 2736 potest
549 2701 571 2716 “
587 2697 621 2727 in
642 2704 762 2737 partem
777 2709 846 2738 pos-

124 2752 146 2767 “
161 2748 307 2779 teriorem
322 2750 486 2780 movere:‘'
510 2749 617 2780 videas
639 2756 790 2781 annotata
814 2751 847 2782 in

123 2809 184 2831 ver.
209 2803 279 2831 256.
302 2801 431 2841 hujusce
456 2800 535 2831 libri.
585 2801 707 2832 Festus:
745 2805 767 2820 “
785 2804 847 2834 Re.

125 2857 148 2871 ‘⁶
163 2855 275 2890 cellere,
297 2854 477 2885 reclinare.''
524 2854 600 2885 Alia
620 2855 655 2885 in
670 2854 848 2896 vulgaribus

123 2903 228 2935 lexicis
241 2905 382 2951 exempla
396 2906 534 2937 invenire
549 2913 604 2937 est.

931 1119 1006 1150 Ver.
1022 1121 1094 1150 573.
1118 1116 1206 1148 Ordo
1227 1123 1287 1147 est:
1314 1120 1336 1136 “
1352 1118 1405 1155 Et,
1422 1118 1563 1157 prolabsa
1578 1120 1613 1151 in

891 1174 914 1190 “
929 1172 963 1212 (i.
979 1183 1004 1202 e.
1030 1185 1066 1210 ει,
1080 1183 1162 1210 cum,
1176 1171 1236 1212 δια)
1253 1172 1399 1211 pondere,
1423 1173 1531 1212 recipit
1545 1185 1616 1205 suas

891 1226 914 1242 “
930 1224 1048 1255 sede&
1092 1224 1231 1255 Editoris
1251 1224 1503 1254 Vindobonensis
1528 1226 1614 1265 supi-

891 1274 974 1305 nitas
987 1276 1167 1315 propagavit
1179 1276 1409 1315 ineptissimum
1421 1276 1616 1307 additamen.

893 1331 961 1356 tum
973 1337 1010 1361 se,
1020 1326 1103 1367 quod
1112 1327 1169 1356 viri
1180 1326 1262 1357 docti
1277 1333 1345 1366 post
1359 1338 1431 1358 suas
1445 1327 1614 1367 impuden-

893 1377 1011 1408 tissimo
1039 1377 1176 1408 facinore
1202 1384 1308 1408 contra
1330 1378 1426 1408 libros
1444 1379 1612 1411 immisere.

892 1428 948 1458 lim
963 1428 1119 1470 equidem,
1136 1429 1162 1459 si
1177 1428 1281 1468 scripti
1296 1429 1448 1459 faverent:

923 1511 956 1534 Et
967 1509 1064 1541 recidit,
1075 1510 1204 1542 prolabsa,
1215 1517 1273 1534 suas
1282 1510 1320 1540 in,
1333 1510 1463 1541 pondere,
1472 1511 1562 1537 sedes:

893 1580 912 1611 i.
928 1591 952 1612 e.
971 1585 993 1600 “
1006 1582 1059 1619 Et,
1071 1581 1214 1620 prolabsa
1224 1580 1370 1620 pondere,
1380 1581 1489 1612 recidit
1499 1582 1533 1612 in
1546 1593 1617 1614 suas

895 1635 917 1650 “
933 1632 1049 1662 sedes.”
1095 1632 1157 1662 Sed
1171 1642 1219 1662 res
1233 1639 1277 1662 est
1292 1632 1545 1671 periculosissimi
1564 1644 1616 1665 co-

892 1683 986 1713 natus
998 1683 1030 1712 in
1046 1683 1193 1713 Lucretio
1207 1689 1314 1713 contra
1335 1683 1454 1713 codices
1469 1694 1592 1716 novare.

935 1735 1009 1765 Ver.
1024 1738 1096 1766 577.
1118 1737 1248 1765 am'mae:
1267 1734 1286 1764 i.
1301 1745 1327 1764 e.
1349 1734 1437 1771 aeris,
1454 1735 1502 1765 vel
1517 1737 1617 1775 ven12'3

891 1786 938 1817 uti
955 1796 1040 1823 mox,
1064 1796 1140 1816 verr.
1157 1790 1228 1817 585.
1244 1789 1315 1817 595.
1338 1793 1369 1816 et
1382 1787 1456 1817 alibi
1472 1787 1566 1817 etiam
1582 1789 1617 1819 in

891 1837 1109 1877 superioribus,
1135 1842 1228 1877 atque
1242 1835 1407 1876 Virgilius,
1434 1836 1474 1867 ad
1499 1838 1554 1868 ecl.
1577 1839 1616 1870 vi.

890 1893 940 1920 52.

934 1941 1008 1971 Ver.
1024 1942 1096 1972 578.
1112 1938 1196 1980 ipsa:
1213 1934 1328 1970 d'einde
1340 1939 1536 1981 subjungunt
1551 1951 1615 1973 sce-

890 1991 981 2022 lerosi
991 1991 1122 2022 editores
1133 1990 1387 2030 supplementum
1401 2004 1431 2027 a,
1443 1991 1530 2023 libris
1543 1994 1616 2024 uni-

891 2043 986 2074 versis
1000 2043 1128 2073 vetustis
1142 2042 1361 2072 abnuentibus.
1408 2042 1525 2073 Similis
1541 2053 1616 2074 con-

891 2094 1020 2124 structio
1041 2104 1114 2123 mox
1138 2093 1232 2128 venit,
1257 2092 1296 2123 ad
1321 2103 1382 2124 ver.
1399 2097 1471 2125 656.
1515 2094 1616 2126 Haud

891 2145 980 2176 aliter
996 2146 1122 2180 Seneca,
1140 2143 1271 2184 Hippol.
1287 2147 1359 2176 886.

1240 2226 1381 2259 lacrymas,
1389 2227 1460 2259 genis

954 2265 1046 2290 Subito
1056 2268 1161 2295 coortas,
1172 2269 1245 2290 veste
1256 2266 1391 2298 praetenta
1403 2266 1514 2299 obtegis.

891 2337 975 2368 Nam
988 2339 1076 2377 genis
1090 2347 1146 2376 pro
1162 2339 1257 2368 oculis
1271 2337 1372 2376 po'esis
1385 2337 1500 2376 passim
1522 2349 1616 2370 usur-

889 2394 951 2428 pat.
996 2389 1089 2420 Certe
1103 2399 1150 2419 res
1165 2396 1211 2419 est
1226 2389 1439 2428 perditissimae
1457 2391 1615 2422 temerita-

890 2440 929 2470 tis
943 2446 1036 2481 atque
1049 2440 1180 2470 inscitiae
1195 2440 1238 2470 sic
1253 2441 1387 2479 optimos
1401 2441 1562 2480 scriptores
1576 2452 1616 2473 ex

889 2492 1016 2523 arbitrio
1030 2492 1098 2523 sine
1113 2492 1220 2523 caussa
1234 2492 1408 2531 depravare,
1432 2499 1464 2523 et
1488 2493 1614 2535 elegan-

891 2544 1024 2575 tissimas
1038 2544 1162 2574 dicendi
1176 2544 1326 2574 formulas
1341 2544 1513 2576 obliterare.

933 2599 1009 2629 Ver.
1025 2600 1065 2629 57
1070 2603 1098 2629 9.
1119 2599 1228 2629 terra‘i:
1253 2598 1294 2628 V.
1309 2597 1360 2628 ed.
1377 2604 1422 2628 Ω..
1436 2603 1529 2629 terra.

935 2649 1016 2680 Ibid.
1039 2652 1072 2680 in
1087 2651 1152 2680 loca
1168 2660 1198 2680 se
1213 2649 1350 2689 conjecit.
1395 2648 1469 2679 Hoc
1483 2649 1613 2680 verbum

891 2701 1025 2741 Hygino
1047 2699 1276 2730 restituendum
1298 2705 1385 2739 puto,
1410 2699 1470 2730 fab.
1490 2699 1614 2730 cviii.—

891 2755 914 2771 “
929 2752 1046 2791 Epeus,
1067 2751 1190 2781 monitu
1207 2751 1296 2781 Mine
1393 2760 1509 2791 equum
1524 2751 1614 2781 mirae

890 2807 913 2822 “
928 2803 1157 2843 magnitudinis
1168 2803 1309 2842 ligneum
1388 2808 1414 2839 t;
1430 2812 1527 2843 eoque
1538 2808 1614 2833 sunt

890 2858 912 2873 “
927 2855 1056 2895 conjecti
1092 2853 1268 2889 Menelaus,
1305 2853 1442 2894 Ulysses,
1480 2853 1614 2884 Diome-

891 2909 914 2925 “
929 2905 1064 2937 des—:⁵³
1081 2905 1102 2936 i.
1116 2915 1141 2936 e.
1157 2916 1187 2937 se
1201 2905 1404 2947 conjecerunt,
1414 2904 1464 2936 vel
1472 2904 1615 2935 contule-
