1926 3224
285 231 375 272 116

789 226 848 273 Τ.
895 223 1273 271 LUCRETII

418 355 640 410 Tempore,
663 342 703 395 et
722 353 919 408 inpubem
938 352 1049 393 molli
1067 351 1289 406 pubescere
1307 359 1430 402 veste,

418 430 475 470 Et
493 429 646 483 pariter
665 426 829 467 mollem
850 425 966 466 malis
986 425 1201 466 demittere
1219 424 1402 465 barbam.

417 502 608 543 Fulmina
633 508 856 557 postremo,
888 500 977 550 niX,
1007 498 1173 549 imbres,
1204 497 1360 548 nubila,
1390 498 1541 548 ventei,

315 666 389 696 Ver.
416 667 490 697 671.
513 667 547 696 in
569 671 664 699 certo:
691 665 728 695 P.
753 671 798 696 Ω..
824 667 992 696 incerto.—

271 715 327 754 Et‚
350 727 420 757 quae
441 723 613 757 sequuntur
637 718 738 747 minus
762 726 861 756 usque
886 715 927 745 ad
942 717 991 745 in-

268 770 360 799 certis
374 768 408 798 in
421 778 483 798 ver.
502 771 574 800 675.
589 767 701 798 desunt
714 767 905 797 membranis
917 771 954 796 A.

314 828 394 858 Ibid.
410 831 525 860 denteis
540 831 664 860 cadere:
690 838 813 867 nempe,
829 827 911 857 intra
923 837 991 866 sep-

270 885 336 910 tem
350 890 449 910 annos
463 886 533 920 post
544 887 679 919 partum,
694 886 771 910 teste
791 879 919 917 Solone;
935 889 990 909 cu-

265 930 320 970 jus
333 940 440 960 versus
460 940 626 970 apponam,
649 941 749 971 quum
771 929 929 970 probabile
950 930 991 960 sit

268 980 311 1011 ad
323 981 393 1011 illos
408 987 550 1012 nostmm
565 981 745 1021 respexisse:

307 1070 376 1098 Παις
388 1079 443 1103 μεν,
463 1067 552 1099 οινκζος
563 1079 610 1101 tm,
631 1079 665 1096 ετι
678 1080 764 1100 νήπιος,
784 1069 852 1106 ἕρκος
863 1069 960 1096 &om-m

347 1119 444 1148 Φυσαις,
466 1116 584 1144 εκξοιλλει
598 1128 689 1153 πρωτον
703 1127 725 1144 εν
737 1117 790 1144 ἔτι-τ’
805 1122 876 1144 ems

305 1165 364 1192 Τες
380 1163 401 1190 δ’
413 1164 493 1199 {repes
504 1165 546 1191 ὅτε
557 1165 586 1194 δη
599 1170 687 1191 mem
700 1165 759 1194 θεας
773 1164 825 1191 ἕπτ’
837 1175 954 1196 suomi-85,

343 1212 424 1243 Ἥβης
437 1220 542 1246 meacm
553 1223 665 1246 σημωτω
676 1218 810 1246 quoy-ems·

305 1260 352 1295 'ry
363 1270 469 1295 τριτωτῃ
481 1260 506 1286 δε
517 1269 600 1292 γενυον
613 1263 743 1294 angustatum
757 1270 793 1286 ετι
805 1271 875 1291 ’γυιων

345 1307 492 1341 Λοιχνυταα,
514 1318 596 1343 χροιῆς
608 1307 676 1336 moos
687 1305 857 1341 αμειῖομενπς.

267 1393 401 1425 Exstant
421 1401 529 1425 autem
547 1394 630 1433 apud
655 1394 754 1425 Clem.
779 1394 870 1424 Alex.
886 1401 991 1425 strom.

266 1446 306 1476 vi.
326 1450 373 1477 16.
386 1452 419 1477 et
433 1446 514 1477 Phil.
529 1446 551 1477 J
554 1446 606 1476 ud.
627 1445 666 1475 de
681 1445 754 1485 opif.
769 1445 880 1476 mund.
896 1456 924 1485 p.
942 1449 991 1477 25.

268 1496 317 1527 ed.
333 1497 482 1537 Mangaei.

309 1546 390 1577 Ibid.
417 1549 539 1587 inperat
554 1554 637 1578 oetas.
675 1547 850 1578 Lambinus
864 1547 993 1588 pulchre

263 1598 397 1628 contulit
411 1598 514 1637 ipsum
540 1599 670 1638 poetam,
694 1599 733 1629 ad
757 1599 775 1630 i.
803 1601 872 1630 176.
901 1600 991 1639 cujus

263 1648 324 1680 loci
339 1650 443 1689 lectio,
467 1652 556 1682 nobis
570 1652 704 1692 reposita
718 1659 810 1693 atque
823 1652 987 1690 vindicata,

263 1702 336 1733 hInc
352 1703 446 1733 etiam
458 1703 557 1734 valide
572 1705 799 1734 corroboratur:

325 1795 408 1820 viteis
419 1797 561 1820 Auctumno
572 1795 650 1820 fundi
660 1796 788 1821 suadente
800 1796 929 1821 videmus.

265 1873 446 1905 Macrobius
475 1881 582 1906 autem
607 1877 729 1907 videtur
758 1876 863 1907 oculos
885 1877 987 1908 inten-

262 1925 342 1955 disse
358 1926 391 1955 in
407 1927 541 1965 priorem
557 1928 681 1966 phrasin
698 1929 846 1966 Lucretii,
867 1931 987 1969 inperat

262 1982 349 2014 cetus,
372 1977 412 2007 ad
432 1987 531 2007 somn.
557 1978 637 2017 Scip.
663 1978 682 2008 i.
706 1983 734 2009 6.
759 1983 781 1997 “
798 1980 873 2010 Post
888 1990 987 2010 annos

264 2029 288 2044 “
303 2033 432 2066 septem,
456 2027 574 2066 dentes,
597 2029 650 2068 qui
673 2029 764 2068 primi
788 2037 986 2069 emerserant,

264 2079 288 2095 ‘⁶
303 2077 380 2113 aliis,
396 2078 565 2117 aptioribus
579 2079 620 2110 ad
635 2080 740 2110 cibum
757 2081 903 2117 solidum,
919 2093 990 2112 nas-

263 2131 286 2146 “
301 2130 443 2159 centibus
479 2130 721 2161 cedunt—Post
757 2142 856 2162 annos
885 2139 991 2164 autem

265 2179 350 2210 “bis
365 2186 491 2219 septem,
516 2181 583 2220 ipsa
606 2186 707 2213 aetatis
732 2186 906 2214 necessitate
931 2194 987 2223 pu-

265 2233 287 2248 “
303 2231 529 2262 bescit—Post
550 2240 597 2263 ter
618 2239 762 2272 septenos
782 2244 891 2270 annos,
916 2234 990 2265 flore

261 2285 283 2300 ‘⁴
300 2293 396 2323 genas
411 2284 500 2314 vestit
510 2284 713 2324 juvenka—.n
749 2286 834 2322 Quid
849 2286 982 2326 impule-

260 2333 301 2363 rit
315 2334 337 2365 J
339 2344 381 2364 os.
399 2335 592 2376 Scaligerum
607 2337 647 2367 ad
662 2337 882 2367 solicitandum
898 2338 983 2368 vanis

260 2386 446 2425 conjecturis
462 2387 576 2423 locum,
593 2388 730 2419 divinare
745 2399 875 2430 nequeo,

301 2446 376 2476 Ver.
393 2451 465 2478 672.
489 2450 629 2488 inpubem
649 2451 822 2489 pubescere.
864 2451 984 2491 Exqui-

261 2495 319 2526 sita
335 2507 409 2528 sane
424 2498 578 2538 elegantia
594 2510 695 2530 sermo
710 2507 766 2539 est,
790 2507 820 2531 et
842 2502 984 2532 curiosis—

259 2547 339 2578 sima
361 2548 516 2580 felicitate.
547 2555 569 2570 “
588 2551 647 2582 Ille
669 2552 826 2590 ανδροπαις,
849 2554 901 2594 qui
919 2556 985 2593 ple-

260 2602 283 2616 “
300 2610 371 2629 nam
389 2602 577 2639 pubertatem
602 2602 742 2633 nondum
763 2604 908 2644 attigerit,
933 2616 988 2644 ap-

261 2653 533 2691 “propinquantis
555 2659 660 2684 tamen
679 2657 848 2694 pubertatis
873 2656 988 2686 indicia

263 2704 285 2717 “
301 2712 364 2739 prae
379 2714 411 2733 se
434 2704 505 2742 fert,
531 2708 648 2736 amictu
670 2708 849 2746 lunuginoso
868 2718 988 2746 proser-

261 2756 283 2769 “
299 2759 401 2790 pente,
428 2763 633 2797 mentumque
655 2765 686 2787 et
707 2768 803 2798 genas
824 2758 988 2796 induente3

261 2806 283 2820 “
299 2803 399 2833 barboe
413 2808 586 2843 capillaceoe
602 2809 821 2846 praecursore.”
860 2810 893 2840 Si
909 2820 984 2849 pen-

260 2853 332 2884 sites
347 2853 528 2894 singillatim
544 2856 724 2894 locutiones,
748 2870 886 2898 mecum,
901 2860 985 2891 laute

260 2903 368 2935 lector!
394 2905 507 2936 senties
529 2913 560 2937 et
579 2917 725 2947 agnosces
748 2910 779 2940 in
796 2911 879 2941 hisce
894 2921 984 2942 orna-

1034 661 1148 692 mentis
1156 661 1349 693 elaborandis
1360 661 1635 702 incomparabilem
1644 661 1760 695 Lucre-

1035 713 1069 744 tii
1085 713 1251 744 solertiam.

1078 771 1159 802 Ibid.
1180 774 1264 802 molli
1273 773 1432 812 pubescere
1446 778 1531 803 vesle.
1569 772 1647 803 Huc
1662 773 1758 812 perti-

1035 828 1112 853 nent
1137 833 1220 853 unus
1243 829 1274 853 et
1298 823 1375 854 alter
1400 823 1486 854 locus
1511 824 1650 864 Virgilii,
1683 835 1762 864 quos

1034 875 1149 915 priores
1167 885 1229 905 non
1246 875 1418 916 neglexere.
1453 875 1580 906 Primus
1595 875 1712 916 legitur
1726 877 1761 906 in

1036 926 1111 956 AEn.
1126 925 1187 955 viii.
1211 929 1281 957 160.
1300 926 1344 956 ita
1366 925 1546 956 scribendus
1563 925 1604 956 ad
1618 932 1761 957 nostrum

1034 975 1126 1012 infra,
1149 986 1211 1006 ver.
1225 980 1298 1007 886.

1050 1060 1125 1084 Tum
1136 1057 1203 1083 mihi
1214 1057 1299 1089 prima
1309 1063 1390 1088 genas
1405 1056 1521 1081 vestibat
1531 1057 1596 1082 flore
1603 1058 1742 1089 juventas.

1037 1142 1117 1177 Quae
1132 1140 1315 1171 adumbrata
1329 1145 1403 1170 sunt
1417 1149 1454 1169 ex
1463 1149 1552 1170 versu
1571 1139 1694 1170 Solonis
1708 1151 1760 1171 su-

1033 1202 1090 1231 pra
1103 1191 1215 1231 posito,
1231 1196 1262 1220 et
1277 1190 1351 1220 hinc
1369 1200 1423 1229 per
1438 1189 1594 1229 optimum
1609 1189 1760 1230 interpre-

1035 1250 1099 1273 tem
1120 1241 1323 1282 explicando;
1344 1251 1418 1272 nam
1442 1251 1537 1272 nemo
1560 1241 1704 1272 omnium
1726 1242 1761 1272 in

1035 1296 1118 1325 hunc
1132 1304 1230 1335 usque
1245 1294 1332 1324 diem
1346 1293 1395 1324 vel
1409 1293 1541 1324 minima
1555 1303 1593 1324 ex
1609 1300 1695 1333 parte
1709 1294 1761 1324 in.

1035 1345 1165 1375 tellexit:

1110 1428 1260 1460 Λωχνυτου,
1279 1438 1362 1462 χροιῆς
1376 1427 1444 1456 ανθος
1459 1425 1632 1462 αμυξομενης·

1035 1508 1300 1549 languinosusfit,
1324 1517 1418 1538 cu'rz
1434 1519 1584 1547 genarum
1588 1509 1671 1549 flore
1688 1509 1758 1548 pri-

1035 1559 1115 1588 mulo
1130 1559 1231 1588 barbae
1245 1569 1282 1588 st
1301 1568 1521 1589 vrsrltu‘rn.
1546 1558 1636 1589 Nihil
1646 1559 1761 1590 certius

1034 1608 1092 1638 hac
1108 1608 1369 1647 interpretatione.
1407 1609 1616 1640 Phavorinus:
1635 1611 1758 1649 Αμειξο·

1032 1672 1098 1697 μαι,
1123 1672 1156 1689 το
1183 1664 1474 1690 ΠΕΡΙΒΕΒΛΗΜΛῙ
1498 1673 1548 1690 και
1571 1665 1759 1693 ΑΜΠΕΧΟ-

1035 1714 1115 1738 MAI.
1160 1708 1252 1738 Idem
1267 1709 1369 1745 Maro,
1390 1709 1463 1740 ibid.
1481 1720 1540 1741 ver.
1555 1714 1628 1743 659.

1093 1783 1180 1807 Aurea
1190 1783 1310 1809 caesaries
1322 1783 1390 1814 ollis,
1406 1788 1489 1814 atque
1499 1791 1579 1810 aurea
1589 1785 1684 1811 vestis.-

1030 1862 1124 1891 quam
1150 1863 1257 1883 vocem
1285 1853 1324 1884 de
1353 1853 1445 1884 barbci
1470 1859 1588 1884 veteres
1615 1855 1758 1896 magistri

1031 1904 1199 1935 rectissime
1214 1905 1357 1945 capiunt:
1376 1906 1446 1936 vide
1457 1906 1600 1937 Nonium
1619 1907 1757 1938 Marcel-

1032 1954 1108 1990 lum,
1132 1955 1151 1985 i.
1177 1959 1248 1986 220.
1281 1956 1432 1987 Demiror
1458 1957 1640 1997 Heynium;
1662 1969 1758 1999 quem

1029 2007 1216 2037 certissimus
1229 2007 1347 2047 linguae
1370 2008 1502 2044 Latinae,
1525 2009 1551 2038 si
1570 2009 1640 2049 quis
1664 2009 1756 2049 alius,

1033 2065 1152 2097 auctor,
1175 2059 1358 2090 Lucretium
1372 2070 1481 2090 meum
1502 2059 1583 2096 dico,
1605 2060 1756 2093 dedocere

1033 2115 1153 2148 poterat
1167 2120 1303 2140 errorem
1317 2121 1423 2141 suum:
1450 2110 1504 2142 sed
1518 2111 1622 2152 ecquis
1637 2112 1754 2143 Lucre-

1034 2160 1112 2190 tium
1129 2161 1265 2192 curavit?
1291 2162 1416 2192 Festus:
1453 2166 1474 2180 “
1498 2164 1644 2203 Vesticeps
1666 2174 1755 2203 puer,

1035 2214 1057 2229 “
1073 2212 1126 2252 qui
1146 2212 1213 2252 jam
1236 2214 1358 2243 vestitus
1381 2218 1427 2243 est
1445 2215 1602 2253 pubertate
1609 2229 1620 2250 ,·
1647 2224 1665 2244 e
1679 2224 1755 2245 con·

1034 2266 1056 2280 “
1072 2269 1119 2292 tra
1133 2265 1265 2300 investis,
1287 2264 1340 2304 qui
1356 2274 1413 2294 nec
1428 2264 1505 2294 dum
1518 2266 1676 2304 pubertate
1690 2277 1753 2297 ves·

1027 2316 1049 2331 “
1065 2315 1139 2345 titus
1154 2315 1230 2344 est.''
1261 2315 1334 2345 Hac
1349 2314 1576 2355 significatione
1587 2325 1645 2346 vox
1655 2318 1753 2348 inves-

1026 2367 1065 2395 tis
1080 2364 1196 2404 gaudet
1211 2365 1243 2395 in
1262 2365 1391 2404 Apuleii
1407 2371 1481 2396 met.
1507 2376 1532 2397 v.
1560 2367 1618 2397 sub
1642 2366 1695 2398 fin.
1723 2374 1755 2398 et

1030 2415 1123 2454 Apol.
1140 2426 1203 2445 non
1220 2415 1314 2456 longe
1329 2427 1348 2446 a
1362 2416 1432 2446 fine.
1478 2417 1599 2447 Vocem
1613 2419 1753 2458 vesticeps

1029 2476 1101 2496 vero
1121 2466 1242 2496 Gellius
1258 2467 1428 2506 usurpavit,
1451 2468 1484 2497 in
1506 2478 1533 2498 V.
1560 2471 1607 2500 19.
1623 2469 1694 2507 hoc,
1717 2474 1754 2499 ut

1030 2517 1162 2556 videtur,
1187 2528 1293 2556 sensu;
1318 2525 1349 2549 et
1365 2519 1538 2558 Ausonius,
1554 2519 1640 2559 idyll.
1650 2520 1689 2550 iv.
1703 2522 1751 2550 75.

1062 2603 1149 2632 Idem,
1164 2603 1298 2635 verticipes
1309 2606 1386 2628 motu
1398 2604 1453 2634 jam
1466 2603 1570 2635 puberis
1577 2603 1641 2632 aevi,

1061 2642 1103 2666 Ad
1114 2649 1211 2672 mores,
1222 2647 1346 2674 artesque
1358 2643 1449 2672 bonas,
1462 2642 1589 2673 fandique
1601 2641 1735 2673 vigorem,

1061 2682 1254 2707 Produxi—t

1032 2760 1052 2790 i.
1075 2770 1100 2790 e.
1127 2761 1230 2791 b‘arbae
1261 2760 1491 2790 fruticationem
1519 2760 1748 2799 praemittentes.

1030 2810 1253 2849 Tertullianus,
1276 2811 1315 2841 de
1329 2811 1424 2841 anim.
1446 2816 1517 2841 sect.
1534 2814 1584 2842 56.
1613 2815 1634 2830 “
1649 2813 1746 2844 Ecce!

1031 2866 1053 2880 “
1068 2863 1152 2899 obiit,
1176 2864 1259 2894 verbi
1275 2863 1383 2903 gratia,
1407 2863 1520 2900 infans,
1543 2865 1600 2894 sub
1615 2866 1750 2895 uberum

1029 2916 1051 2932 “
1066 2913 1220 2951 fontibus5
1241 2920 1316 2953 puta
1330 2924 1424 2951 nunc,
1443 2926 1522 2954 puer
1538 2918 1671 2951 investis;
1690 2927 1748 2955 pu-
