1926 3224
548 220 779 270 LIBER
823 219 1178 278 QUINTUS.
1513 227 1609 266 213

270 351 565 408 Jactabantque
585 368 677 395 suos
698 354 843 404 taurei,
864 353 1116 409 pedibusque
1135 351 1339 401 terebant3

270 425 326 466 Et
344 426 485 477 latera,
506 441 554 468 ac
574 437 749 478 ventres,
771 427 991 468 hauribant
1011 426 1147 468 subter
1167 439 1365 481 equorum

269 498 490 550 Cornibus,
512 508 552 541 et
572 509 724 541 terram
746 501 952 540 minitanti
972 508 1109 539 mente
1129 498 1315 539 ruebant.

131 574 236 612 1325
269 571 324 613 Et
343 572 484 615 validis
505 573 634 613 socios
653 571 866 612 caedebant
886 570 1076 611 dentibus
1097 571 1225 624 aprei,

267 645 368 686 Tela
390 644 562 685 infracta
580 659 655 685 suo
675 645 906 701 tinguentes
926 644 1125 700 sanguine
1144 643 1283 692 saevei;

262 717 336 768 [In
356 732 398 758 se
417 716 544 759 fracta
564 732 637 759 suo
657 718 889 774 tinguentes
909 716 1107 773 sanguine
1127 715 1226 768 tela]

435 885 468 902 τε
481 885 528 908 εγω
542 884 617 910 μισον
628 876 694 912 ’ἧπαρ
706 885 789 911 ιχοιμι

157 921 300 956 Εσθεμεηιι,
316 923 596 950 ΠΡΟΣΦΥΣΑ-.

120 995 293 1027 ScholIum:
321 999 510 1039 Προςελθεσα.
540 998 643 1035 Forte,
659 998 838 1040 προςδεθεισα.

120 1046 270 1078 Conferas
285 1055 390 1079 autem
405 1048 498 1079 velim
514 1049 644 1089 Sophoc.
669 1049 742 1081 OEd.
770 1049 836 1080 Col.

118 1101 128 1127 1
140 1101 208 1129 113.

158 1150 233 1180 Ver.
250 1154 342 1182 1522.
364 1163 450 1183 suos:
476 1152 511 1183 P.
538 1152 579 1182 V.
605 1151 653 1182 ed.
677 1152 714 1182 B.
737 1152 773 1182 L.
798 1158 835 1183 Δ.

114 1212 181 1232 sues
187 1217 198 1239 ,-
222 1201 316 1243 longe
331 1203 536 1243 ineptissime:
557 1203 598 1234 ad
611 1209 741 1244 gustum
755 1203 838 1234 mul-

114 1257 219 1283 torum
233 1259 348 1285 tamen.

158 1303 232 1335 Ver.
249 1309 341 1336 1525.
363 1317 418 1338 ac.-
445 1307 488 1337 V.
505 1306 553 1337 ed.
568 1308 629 1341 ad,·
657 1307 696 1337 O.
712 1313 752 1338 et.

157 1355 240 1386 Ibid.
264 1358 360 1388 lacera
377 1368 415 1388 ac
435 1363 552 1389 ventres
574 1359 739 1388 hauribant
766 1360 837 1390 Cor-

112 1407 218 1437 nibus:
244 1406 263 1437 i.
280 1418 305 1438 e.
330 1411 352 1427 “
369 1409 559 1448 aperiebant,
582 1414 613 1438 et
635 1409 838 1439 extrahebant

112 1460 135 1476 ‘⁶
152 1458 338 1499 sanguinem
353 1466 445 1500 atque
459 1460 579 1491 inclusa
592 1460 744 1498 viscera;''
767 1460 837 1491 vide

114 1516 221 1540 notata
245 1510 286 1541 ad
314 1520 375 1542 ver.
403 1514 496 1543 1284.
533 1511 690 1552 Virgilius
711 1512 838 1551 phrasin

113 1560 258 1603 sublegit,
286 1562 361 1593 AEn.
377 1573 405 1594 x.
421 1566 493 1595 515.

400 1643 463 1668 huic
470 1642 566 1675 gladio,
578 1650 679 1676 perque
685 1649 756 1669 aerea
766 1647 836 1674 suta,

143 1684 191 1708 Per
212 1683 345 1713 tunicam,
367 1683 538 1715 squalentem
559 1690 635 1714 auro,
665 1683 733 1708 latus
750 1684 837 1709 haurit

234 1725 368 1754 apertum.

115 1792 206 1824 Solus
233 1793 359 1824 accedat
393 1804 430 1825 ex
467 1793 536 1825 aliis
570 1793 679 1825 multis
710 1793 835 1831 Statius,

112 1843 211 1876 Theb.
226 1845 259 1875 ii.
274 1848 324 1876 46.

457 1919 528 1952 prior
540 1919 626 1944 haurit
636 1925 726 1945 arenas

174 1957 296 1989 Ungula:

109 2020 128 2051 i.
144 2031 170 2051 e.
192 2021 312 2060 effodit,
332 2027 430 2061 cavat,
457 2027 494 2052 ut
518 2021 608 2063 Virg.
632 2031 700 2063 geo.
722 2021 765 2053 iii.
781 2025 832 2053 87.

110 2072 199 2102 Hinc
226 2072 400 2104 audaculus
428 2072 525 2103 videri
559 2073 656 2114 possit
683 2072 833 2104 sermonis

109 2124 204 2164 idem,
225 2126 323 2158 Theb.
338 2127 381 2158 iii.
396 2130 448 2158 58.

363 2204 391 2225 et
398 2201 455 2231 jam
465 2200 555 2225 media
566 2207 624 2225 orsa
634 2200 767 2232 loquentis

139 2237 284 2263 Abstulerat
295 2239 406 2271 plenum
418 2239 514 2272 capulo
522 2240 594 2264 latus
603 2249 613 2266 .-

110 2300 130 2331 i.
152 2310 177 2330 e.
199 2303 354 2340 hauserat,
382 2308 413 2333 et
438 2302 526 2343 quasi
547 2302 582 2333 in
608 2301 735 2333 vulnere
756 2312 830 2334 con-

110 2359 292 2392 sumpserat.

152 2405 226 2435 Ver.
245 2408 335 2436 1524.
354 2407 511 2444 Cornibus,
525 2412 554 2437 et
568 2412 681 2437 terram
695 2407 832 2437 ruebant.

112 2457 163 2487 Sic
177 2457 291 2496 passim
306 2457 345 2488 de
358 2460 458 2489 tauris
472 2458 580 2497 politae.
603 2457 766 2499 Virgilius,
777 2458 831 2490 ecl.

110 2507 152 2538 iii.
162 2511 213 2539 86.

546 2583 646 2615 pascite
656 2586 771 2613 taurum,

138 2622 198 2652 Jam
209 2629 286 2647 cornu
295 2626 370 2654 petat
381 2627 409 2648 et
416 2622 520 2655 pedibus
531 2623 577 2654 qui
586 2626 688 2655 spargat
697 2629 811 2648 arenam.

110 2698 251 2728 Ruebant
267 2702 372 2728 autem
386 2697 495 2736 active,
517 2704 553 2728 ut
566 2698 587 2728 i.
605 2701 677 2729 275.
703 2703 735 2729 et
758 2708 828 2738 per·

107 2755 253 2790 vagatum
275 2756 328 2780 est.
374 2750 548 2781 Admireris
568 2750 698 2789 interea,
718 2750 826 2782 lector!

108 2805 139 2830 et
161 2801 316 2840 averseris,
339 2802 496 2842 insignem
511 2801 716 2832 temeritatem
732 2801 830 2833 edito-

107 2860 190 2889 rum,
213 2852 258 2882 ita
271 2863 309 2884 ex
325 2853 451 2884 arbitrio
464 2853 652 2884 versiculum
673 2853 828 2893 refingen-

107 2902 199 2944 tium,
221 2915 262 2936 ne
276 2906 405 2937 monitis
426 2905 553 2948 quidem
570 2905 609 2936 de
624 2906 682 2936 hac
697 2904 829 2937 audacia

883 871 1055 907 lectoribus,
1068 871 1275 912 omnibusque
1287 881 1381 902 omne
1392 881 1493 912 genus
1505 879 1608 904 vetus-

883 921 924 952 tis
939 921 1169 961 exemplaribus
1186 922 1412 953 obnitentibus:

897 995 1038 1025 Cornibus‚
1055 995 1089 1019 ad
1100 999 1248 1027 terramque
1259 995 1366 1020 minanti
1378 1000 1470 1021 mente
1481 997 1607 1022 ruebant.

924 1065 999 1096 Ver.
1027 1068 1120 1097 1325.
1146 1067 1203 1097 Et.-
1240 1065 1385 1104 editores,
1410 1068 1453 1097 Ae
1464 1083 1475 1103 ,-
1500 1074 1607 1098 contra

879 1115 984 1152 libros,
1006 1116 1053 1147 uti
1069 1116 1435 1156 suspicor.—coedcbant.·
1456 1118 1492 1148 P.
1509 1118 1607 1150 Vind.

883 1174 926 1199 Ω.
949 1170 1110 1204 σεόεόαηι,-
1131 1168 1170 1199 V.
1185 1168 1236 1200 ed.
1253 1170 1383 1200 cedebat.

924 1219 997 1250 Ver.
1011 1222 1102 1251 1326.
1124 1221 1196 1250 Tela
1213 1220 1350 1261 irffracta
1367 1231 1419 1251 suo
1435 1222 1607 1260 tinguentes

881 1272 1041 1311 sanguine.
1066 1271 1118 1301 Sic
1133 1271 1298 1312 Virgilius,
1315 1273 1389 1303 AEn.
1406 1282 1434 1302 x.
1450 1275 1522 1304 750.

913 1353 1042 1378 Sterniter
1054 1352 1151 1378 infelix
1163 1354 1263 1383 Acron,
1280 1356 1307 1378 et
1319 1353 1435 1378 calcibus
1445 1356 1533 1379 atram

911 1393 1016 1417 Tundit
1028 1392 1144 1418 humum
1157 1394 1303 1425 exspirans,
1314 1393 1479 1425 infractaque
1486 1394 1536 1419 tela
1546 1402 1603 1419 cru-

973 1436 1052 1457 catat.

1326 1474 1558 1507 Baua-Laws:

879 1556 934 1597 qui
962 1559 1068 1587 tamen
1096 1555 1219 1587 videtur
1253 1562 1432 1595 suspectum
1461 1558 1604 1589 habuisse

880 1615 1050 1649 utrumque
1066 1618 1200 1646 versum,
1224 1614 1255 1638 et
1275 1608 1477 1647 posteriorem
1499 1615 1604 1648 aperte

880 1659 1016 1690 damnat.
1062 1659 1134 1699 Ipse
1153 1659 1238 1690 volui
1262 1659 1384 1689 uncinis
1407 1660 1603 1700 circumsaep-

880 1716 950 1740 tum
966 1721 1093 1750 ponere,
1114 1717 1151 1741 ut
1165 1710 1377 1741 adulterinum
1392 1711 1493 1749 plane,
1509 1717 1540 1741 et
1553 1712 1604 1742 in·

879 1762 1016 1799 sulsum3
1040 1773 1105 1792 non
1120 1762 1306 1792 inducturus
1321 1767 1435 1798 tamen,
1453 1762 1478 1792 si
1495 1773 1603 1804 seque-

879 1819 964 1843 retur
977 1823 1039 1842 ver.
1057 1815 1150 1843 1524.

922 1872 997 1903 Ver.
1014 1875 1105 1902 1528.
1129 1872 1244 1902 dabant
1258 1874 1376 1903 ruinas.
1401 1871 1494 1903 Idem
1510 1870 1603 1905 Maro

878 1923 1008 1962 ibidem,
1031 1923 1085 1954 xii.
1101 1926 1173 1954 453.
1189 1923 1348 1954 similiter:

1331 2013 1402 2039 dabit
1412 2014 1455 2040 ille
1466 2015 1556 2041 ruinas

891 2053 1045 2084 Arboribus,
1057 2057 1229 2086 stragemque
1238 2053 1310 2077 satis:
1330 2057 1387 2078 ruet
1397 2054 1488 2078 omnia
1498 2055 1562 2080 late.

919 2127 991 2159 Ver.
1011 2131 1101 2159 1529.
1123 2129 1223 2159 dentis
1243 2130 1285 2158 ad
1306 2134 1401 2159 actus.
1437 2128 1542 2159 Locus
1555 2135 1602 2160 est

874 2179 964 2209 valde
988 2179 1134 2215 lubricus,
1157 2189 1193 2209 ac
1208 2178 1342 2209 difficilis
1363 2179 1398 2208 in
1420 2179 1545 2219 primis;
1565 2180 1600 2211 in

875 2231 964 2272 cujus
979 2230 1162 2261 lectionibus
1189 2230 1414 2261 constituendis
1439 2231 1494 2261 diu
1515 2231 1599 2262 mul-

874 2289 1006 2323 tumque
1021 2283 1243 2314 haesitavimus.
1283 2283 1320 2313 P.
1345 2282 1442 2313 Vind.
1468 2283 1515 2313 M.
1541 2284 1598 2314 ha·

875 2336 960 2372 bent,
984 2336 1083 2365 dentis
1106 2336 1148 2364 ad
1170 2340 1295 2370 auctus;
1328 2340 1415 2365 actus
1439 2339 1546 2364 autem
1567 2341 1601 2365 et

875 2393 984 2418 auctus
998 2386 1072 2417 alibi
1095 2386 1224 2418 confusa
1245 2392 1332 2418 sunt:
1358 2387 1399 2417 V.
1427 2386 1473 2418 ed.
1500 2387 1537 2418 L.
1562 2391 1598 2419 Σ.

875 2440 1013 2470 dentibus
1028 2441 1197 2474 adauctus;
1225 2438 1264 2469 Ο.
1288 2439 1426 2469 dentibus
1441 2440 1535 2475 ictus;
1561 2443 1596 2470 Δ.

874 2492 1013 2522 dentibus
1027 2492 1177 2521 adauctas
1185 2505 1196 2526 ‚·
1225 2496 1269 2522 Ω.
1296 2491 1436 2521 dentibus
1459 2492 1500 2520 ad
1523 2501 1598 2521 auc-

871 2549 918 2574 tas
924 2558 935 2579 ;
956 2549 997 2574 Π.
1012 2548 1044 2573 et
1056 2542 1133 2573 editi
1144 2542 1281 2572 Florent.
1298 2541 1370 2571 Ald.
1385 2543 1484 2572 dentis
1499 2544 1596 2573 adac-

871 2600 938 2629 tus;
963 2593 1047 2634 quod
1074 2593 1216 2634 pluribus
1237 2592 1376 2623 Lucretii
1401 2592 1596 2623 cusatoribus

872 2645 985 2684 arrisit,
1006 2645 1060 2675 sed
1075 2655 1133 2675 vox
1148 2644 1290 2683 exemplo
1305 2649 1396 2674 caret.
1428 2644 1495 2674 Nos
1510 2643 1595 2674 vide-

869 2708 941 2728 mur
957 2695 1186 2736 nobismetipsis
1208 2696 1420 2736 planissimam
1435 2696 1518 2726 viam
1532 2696 1594 2726 ini-

872 2750 957 2780 visse.

916 2801 996 2832 Ibid.
1026 2802 1164 2832 exibant:
1200 2800 1219 2832 i.
1244 2811 1270 2831 e.
1310 2804 1333 2819 “
1356 2800 1496 2831 solebant
1520 2800 1595 2830 dare

873 2856 895 2872 “
912 2863 1039 2893 operam
1053 2852 1169 2889 exire,”
1194 2861 1296 2893 neque
1317 2852 1459 2882 exierunt
1473 2857 1595 2888 tamem

871 2915 941 2946 quae
955 2905 1000 2936 vis
1015 2910 1061 2936 est
1073 2904 1203 2945 hujusce
1218 2904 1365 2945 temporis
1379 2903 1511 2934 minime
1522 2903 1594 2933 inu-
