1926 3224
299 211 395 258 370

807 208 867 255 Τ.
925 206 1302 256 LUCRETII

439 338 552 390 Non,
575 339 607 380 si
629 336 813 391 Neptuni
835 336 964 378 fluctu
983 351 1180 380 renovare
1199 353 1366 394 operam
1386 341 1476 392 des;

302 413 409 455 1075
441 413 554 462 Non,
580 411 702 453 Mare
722 411 755 452 si
775 419 909 453 totum
929 411 1023 453 velit
1042 412 1175 454 eluere
1195 413 1385 455 omnibus
1405 415 1539 458 undis.

495 486 702 540 Denique,
725 492 766 526 et
785 501 886 527 auro
906 501 969 527 res
989 501 1134 528 aurum
1156 488 1400 542 concopulat
1418 503 1515 540 una,

436 559 612 614 AErique
627 573 683 600 aes
702 559 871 614 plumbo
892 559 939 601 fit
959 561 1042 602 utei
1058 561 1257 618 jungatur
1277 561 1328 602 ab
1349 562 1454 603 albo.

493 633 656 674 Caetera
667 634 753 689 jam
775 649 899 690 quam
919 635 1047 676 multa
1066 635 1160 677 licet
1178 636 1381 691 reperire?
1406 636 1521 685 Quid
1541 638 1663 695 ergo?

437 706 526 748 Nec
546 707 621 748 tibi
641 716 725 749 tam
745 708 879 765 longis
899 723 1002 764 opus
1022 717 1082 751 est
1101 710 1343 766 ambagibus
1363 726 1551 766 usquam,

293 783 403 822 1080
434 781 523 822 Nec
543 797 609 822 me
629 790 713 823 tam
734 782 905 823 multam
924 782 1016 824 heic
1036 798 1205 838 operam
1227 799 1467 825 consumere
1487 800 1562 840 par
1583 793 1663 835 est3

434 854 517 896 Sed
536 854 712 896 breviter
731 856 871 910 paucis
891 864 1058 910 praestat
1078 857 1360 912 conprendere
1381 858 1521 899 multa.

434 927 627 977 Quorum
645 929 704 970 ita
722 936 901 971 texturae
922 930 1157 972 ceciderunt
1177 939 1322 973 mutua
1342 939 1504 982 contra,

287 1088 360 1121 dam
383 1095 489 1122 tamen
516 1090 738 1129 ClaudIanum,
762 1092 797 1122 in
820 1092 950 1132 Eutrop.
978 1092 1009 1122 ii.

288 1145 341 1173 22.

604 1239 668 1270 Quis
679 1245 726 1262 vos
736 1238 847 1262 lustrare
859 1237 960 1261 valebit

315 1287 443 1312 oceanus?
454 1289 577 1313 Tantum
587 1287 690 1312 sachius
702 1293 763 1317 quae
776 1286 858 1311 diluet
870 1288 953 1311 aetas?

288 1369 458 1408 Caeterum,
483 1371 657 1401 Lambinus
678 1379 852 1410 opportune
867 1372 1012 1410 apposuit

288 1422 461 1460 Catullum,
482 1422 620 1453 lxxxviii.
639 1426 668 1454 5.
691 1423 745 1453 ubi
760 1422 849 1462 plura
864 1423 1010 1453 consimi-

285 1473 329 1505 lia
343 1474 426 1506 docti
440 1475 498 1506 viri
516 1476 687 1516 contulere,
708 1478 895 1518 Graecosque
910 1478 1012 1509 fontes

289 1535 446 1566 aperuere.

328 1585 410 1616 Ibid.
436 1597 518 1618 mare
542 1589 678 1619 omnibus
703 1590 804 1620 undis.
843 1588 1010 1629 Virgilius,

287 1646 355 1678 geo.
371 1636 390 1667 i.
406 1641 459 1668 51.

299 1726 398 1759 'reque
407 1727 455 1752 sibi
468 1733 598 1759 generum
610 1729 695 1761 Tethys
706 1732 779 1756 emat
790 1729 903 1754 omnibus
914 1729 998 1755 undis.

326 1806 403 1837 Ver.
430 1809 521 1838 1076.
545 1808 604 1838 Rei
631 1808 798 1839 difficultas
825 1815 856 1839 et
881 1810 1010 1840 cessatio

285 1858 455 1888 scribarum
481 1868 532 1888 me
554 1860 724 1898 coiigerunt
747 1860 788 1890 ad
814 1861 1009 1900 conjecturas

285 1909 420 1940 invitum
443 1910 561 1951 fugere.
609 1911 649 1940 In
664 1911 761 1942 Vind.
778 1912 818 1942 V.
833 1913 881 1942 ed.
906 1913 945 1948 Q.
969 1919 1005 1944 Δ.

281 1970 391 1992 versus
405 1961 445 1991 ad
467 1962 552 1992 hunc
574 1962 705 1993 modum
728 1964 915 2003 conspicitur
934 1975 1006 1995 exa-

287 2018 386 2044 ratus:

345 2108 478 2140 Denique,
488 2115 529 2135 res
539 2116 603 2135 auro
614 2116 709 2135 aurum
720 2110 819 2143 copulae
831 2117 899 2136 una:

283 2202 348 2228 toto
362 2197 441 2237 pede
455 2198 644 2230 claudicans.
680 2199 745 2230 Pro
759 2202 892 2240 copulat,
909 2201 945 2230 L.
962 2200 1009 2231 M.

285 2247 324 2278 Ο.
344 2255 388 2279 Ω.
402 2249 518 2280 habent
533 2252 728 2290 concopulat:
753 2261 812 2281 nec
827 2252 909 2282 ultra
930 2252 1010 2282 foret

283 2298 527 2340 disquirendum,
551 2301 576 2330 si
592 2301 730 2332 Lucretii
747 2302 941 2333 consuetudo
956 2312 1010 2342 pa-

283 2350 396 2382 tienter
412 2352 445 2382 in
460 2353 577 2383 caesurft
593 2353 716 2384 hiatum
737 2353 890 2385 toleraret.
935 2355 1012 2386 Post

283 2413 372 2440 auro,
397 2403 433 2433 P.
456 2403 551 2434 infert
558 2405 602 2445 fit
620 2407 668 2435 uti
675 2420 685 2441 ;
708 2405 771 2441 sed,
798 2406 918 2445 opinor,
943 2405 1009 2436 sine

283 2454 411 2493 scriptis.
436 2460 470 2487 Σ.
492 2457 606 2495 praebet
620 2462 686 2487 tum
709 2460 843 2497 copulat,
864 2468 920 2497 pro
941 2469 1009 2489 cum

281 2507 404 2544 copulat
435 2506 520 2536 haud
549 2507 654 2538 dubie:
693 2509 784 2539 toties
815 2515 1009 2540 commutata

282 2562 358 2586 sunt
372 2568 427 2588 con
444 2564 475 2588 et
489 2569 557 2589 cum
573 2559 608 2590 in
623 2566 738 2591 nostro.
762 2560 836 2592 Non
850 2561 932 2592 male
948 2562 1006 2593 Fa-

279 2607 333 2638 ber
347 2608 513 2648 supplevit:

312 2707 445 2740 Denique,
459 2715 500 2734 res
510 2715 576 2734 auro
586 2716 636 2734 non
647 2716 745 2735 aurum
756 2710 855 2743 copulat
865 2712 934 2736 una?

282 2784 328 2815 Et
342 2785 431 2816 aliter
445 2793 564 2818 tentare
578 2798 761 2828 possumus;
781 2789 836 2820 sed
853 2789 950 2820 satius
963 2794 1009 2820 est

281 2837 471 2876 exemplaria
490 2839 684 2880 castigatiora
705 2846 890 2879 exspectare,
914 2850 1008 2881 quam

278 2887 397 2920 frivolis
411 2889 530 2930 ingenii
548 2891 669 2923 lusibus
685 2892 857 2933 indulgere.
891 2892 1008 2923 Saltem

1052 1092 1179 1132 vulgata
1204 1090 1325 1120 veritati
1347 1090 1558 1130 adversantur,
1588 1102 1624 1122 ac
1648 1093 1780 1125 minime

1053 1143 1181 1173 ferenda
1196 1148 1284 1173 sunt:

1083 1223 1215 1254 Denique,
1227 1230 1267 1249 res
1277 1230 1342 1248 auro
1351 1227 1483 1256 argentum
1493 1225 1654 1258 concopulat
1665 1233 1728 1252 una.

1096 1303 1178 1334 Ibid.
1200 1314 1248 1334 res
1279 1315 1360 1334 una:
1387 1304 1551 1343 nimirum,
1581 1307 1782 1347 chwsocdlaeu

1053 1354 1090 1385 de
1118 1354 1180 1395 qua
1203 1355 1337 1393 Plinius,
1374 1361 1438 1386 nat.
1475 1356 1548 1386 hist.
1579 1356 1686 1388 xxxiii.
1724 1362 1775 1392 29,

1056 1406 1208 1444 Isidorus,
1239 1407 1336 1448 origg.
1368 1407 1428 1438 xvi.
1462 1411 1510 1438 14.
1549 1411 1571 1426 “
1590 1411 1780 1450 Cltvysocolla

1058 1461 1080 1476 ‘⁶
1097 1459 1239 1499 gignitur
1261 1460 1294 1488 in
1320 1458 1424 1497 India,
1448 1459 1501 1489 ubi
1518 1459 1655 1490 formicae
1669 1466 1784 1493 eruunt

1058 1513 1081 1529 “
1096 1520 1219 1541 aurum.
1258 1511 1317 1541 Est
1331 1517 1435 1541 autem
1451 1521 1529 1541 auro
1544 1512 1666 1550 similis,
1681 1519 1713 1543 et
1726 1514 1781 1544 ha-

1058 1565 1080 1580 “
1096 1562 1148 1592 bet
1173 1569 1319 1593 naturam
1336 1563 1509 1603 Magnetis;
1539 1564 1599 1593 nisi
1621 1564 1705 1605 quod
1725 1577 1782 1597 au.

1055 1616 1078 1632 “
1091 1614 1190 1653 gere”
1209 1614 1436 1655 (lege‚jfigere;
1453 1614 1473 1645 i.
1487 1625 1513 1644 e.
1521 1615 1671 1655 jungere)
1687 1620 1710 1635 “
1726 1627 1781 1648 au-

1055 1668 1077 1683 “
1093 1675 1165 1695 rum
1182 1666 1325 1696 traditur:
1355 1666 1439 1696 unde
1454 1672 1485 1696 et
1500 1667 1731 1706 nuncupatur.’'

1096 1724 1172 1755 Ver.
1190 1728 1282 1756 1077.
1307 1727 1443 1765 AErique
1457 1736 1516 1756 aes:
1543 1725 1580 1756 P.
1599 1728 1662 1757 AEs
1675 1737 1778 1767 (ερας,-

1054 1776 1149 1807 vind.
1167 1777 1205 1813 Q.
1231 1778 1392 1817 AEraque;
1416 1777 1457 1807 V.
1473 1776 1520 1807 ed.
1537 1777 1576 1808 Ο.
1602 1783 1636 1807 Δ.
1654 1783 1688 1809 Σ.
1716 1780 1780 1810 Ati»-

1052 1838 1157 1867 aquae;
1185 1827 1220 1857 L.
1239 1828 1286 1857 M.
1304 1829 1445 1868 AEraque
1460 1839 1519 1864 aes5
1547 1835 1590 1858 Ω.
1607 1830 1777 1870 [Er-eaque.-

1053 1881 1131 1911 Pius
1146 1881 1178 1911 in
1193 1881 1383 1921 quibusdam
1405 1882 1491 1912 libris
1513 1882 1643 1921 invenit,
1668 1885 1781 1915 AErea-

1050 1944 1107 1973 que
1128 1934 1398 1974 rese-jungatur.-
1424 1935 1465 1964 V.
1482 1934 1529 1964 ed.
1552 1937 1696 1974 m'gatur‚·
1719 1936 1779 1966 eis-

1051 1983 1124 2014 dem
1148 1984 1292 2014 ductibus
1315 1995 1388 2015 cum
1404 1986 1558 2025 jugatur:
1584 1986 1658 2016 hinc
1674 1991 1708 2018 Σ.
1723 1987 1778 2017 ha·

1051 2037 1121 2067 buit
1135 2039 1288 2077 migratur.

1094 2097 1169 2127 Ver.
1199 2100 1289 2128 1080.
1321 2098 1389 2127 heic
1418 2107 1556 2136 operam.-
1593 2102 1628 2129 Σ.
1658 2108 1779 2137 operam

1054 2150 1115 2178 hic.

1096 2199 1170 2241 Ver.
1189 2202 1279 2229 1081.
1296 2205 1441 2238 prceslat:
1461 2199 1505 2228 ita
1521 2198 1557 2228 P.
1575 2198 1622 2228 M.
1637 2204 1669 2229 et
1683 2199 1780 2229 Bent-

1053 2250 1130 2280 leius
1160 2249 1337 2290 conjectura
1368 2250 1493 2280 videtur
1522 2250 1581 2280 hoc
1613 2256 1780 2289 assecutus,

1053 2302 1207 2342 adscripto
1224 2303 1392 2333 Mantuani
1409 2302 1489 2340 loco,
1507 2302 1582 2332 AEn.
1599 2302 1619 2333 i.
1639 2305 1708 2334 155.

1186 2392 1236 2417 sed
1249 2394 1339 2416 motos
1346 2394 1450 2424 prestat
1461 2397 1615 2423 conponere
1626 2390 1734 2416 fluctus.

1056 2463 1258 2502 Exemplaria
1272 2463 1404 2503 reliqua,
1418 2463 1777 2502 restat—conprendere<

1053 2515 1088 2545 P.
1104 2515 1145 2545 V.
1172 2514 1219 2545 ed.
1250 2514 1290 2545 Ο.
1317 2520 1352 2545 Δ.
1376 2519 1410 2546 Σ.
1433 2516 1680 2554 comprehendere
1686 2529 1696 2549 ;
1723 2523 1781 2545 nee

1052 2567 1142 2597 nobis
1157 2567 1266 2596 saltem
1282 2566 1314 2596 in
1329 2572 1431 2597 vetere
1447 2566 1539 2606 poeta
1553 2565 1703 2606 displicet.

1093 2628 1277 2658 Vei-,1082
1311 2634 1416 2659 mutua
1426 2642 1436 2659 .-

1051 2689 1126 2710 mox
1141 2690 1230 2710 cana.

1095 2738 1169 2769 Ver.
1186 2742 1277 2769 1084.
1301 2739 1481 2779 Huius-que:
1514 2742 1550 2770 Σ.
1574 2736 1779 2777 ἅψωμα-

1051 2792 1136 2821 Izaec:
1161 2789 1295 2820 editores
1316 2789 1506 2831 nequissimi,
1529 2790 1652 2824 Ilm-unu
1675 2786 1778 2817 omni·

1052 2851 1107 2871 um
1133 2841 1364 2883 exemplarium
1389 2840 1590 2882 antiquorum
1615 2837 1676 2870 fide
1704 2846 1778 2870 con-

1052 2891 1180 2924 culcaut
1769 2900 1773 2904 ·

1477 2632 1513 2659 Σ.
1543 2630 1578 2658 in
1607 2627 1713 2662 musa,-
1748 2630 1780 2655 et
