1926 3224
550 243 782 292 LIBER
831 240 1186 300 QUINTUS.

1519 249 1611 289 185

276 376 402 424 Quod
423 375 536 418 facile
555 385 596 418 et
614 376 770 427 validis,
792 383 832 417 et
851 375 1045 431 pulchris,
1066 373 1241 428 dempsit
1259 371 1471 413 honorem.

274 449 491 491 Divitioris
513 451 622 492 enim
642 459 791 492 sectam
811 450 1051 505 plerumque
1071 454 1296 503 sequuntur
1394 442 1397 444 ’

139 527 244 574 1115
277 523 415 572 Quam
434 525 546 565 lubet
564 533 604 565 et
623 524 760 574 fortes,
784 533 824 564 et
843 523 1014 577 pulchro
1035 535 1206 575 corpore
1221 522 1356 562 cretei.

335 598 478 646 Quod,
501 598 532 638 si
553 599 642 652 quis
662 596 756 637 vera
776 597 899 637 vitam
921 595 1078 635 ratione
1097 595 1314 650 gubernat,

276 671 444 712 Divitiae
463 670 638 726 grandes
657 668 816 709 homini
837 677 947 718 sunt,
969 668 1104 708 vivere
1123 681 1245 722 parce

277 743 418 798 AEquo
438 743 575 784 animo
582 760 594 792 3
627 757 759 798 neque
779 743 888 783 enim
908 751 967 783 est
987 754 1181 796 umquam
1201 740 1373 795 penuria
1391 741 1517 796 parvi.

277 817 335 857 At
355 816 482 857 claros
502 816 687 857 homines
707 816 923 858 voluerunt
943 831 1000 866 se,
1024 823 1145 870 atque
1164 815 1381 869 potenteis,

132 972 216 1014 quod
229 973 287 1003 hoc
301 972 370 1002 loco
373 973 477 1014 facies
492 978 628 1012 vocatur,
644 984 717 1004 mox
735 973 770 1004 in
785 984 848 1004 ver.

135 1028 148 1055 1
158 1029 171 1056 1
179 1028 227 1056 15.
242 1024 330 1055 audit
338 1027 468 1065 pulchro
483 1037 611 1066 corpore.

177 1075 252 1106 Ver.
269 1079 359 1106 1112.
374 1087 483 1107 aurum
496 1084 654 1117 repertum.
671 1077 766 1108 Unde
779 1078 850 1108 Ho-

134 1127 243 1166 ratius,
256 1127 307 1158 od.
324 1127 366 1158 iii.
382 1131 411 1158 5.
426 1132 477 1160 49.
503 1130 625 1160 Aurum
642 1131 830 1169 irrepertum.

178 1179 253 1210 Ver.
272 1182 359 1210 1113.
381 1181 524 1220 dempsit:
552 1180 592 1212 V.
617 1181 663 1211 ed.
686 1182 722 1211 B.
740 1187 779 1211 Π.
802 1184 853 1212 de-

129 1233 258 1272 pressic,·
275 1231 329 1272 qui
343 1231 433 1262 fluxit
446 1243 530 1263 error
543 1243 580 1263 ex
590 1233 774 1272 compendio
781 1235 854 1273 άέμ-

136 1282 401 1312 sin—Lambinus
416 1290 520 1314 autem
535 1290 708 1323 opportune
722 1295 854 1324 apposu-

137 1331 162 1362 it
177 1332 359 1372 Horatium,
374 1340 428 1364 sat.
445 1335 475 1364 ii.
491 1338 520 1365 5.
539 1339 586 1366 94.

167 1427 565 1435 ———
574 1416 661 1440 omnis
672 1416 742 1441 enim
753 1423 804 1446 τες,

169 1453 268 1483 Virtus,
278 1453 361 1484 fama,
378 1454 468 1484 decus,
484 1455 584 1484 divina,
601 1455 783 1486 humanaque,
799 1455 857 1487 pul-

261 1493 330 1517 chris

169 1532 273 1557 Divitiis
283 1536 392 1565 parent:
411 1541 475 1564 quas
485 1534 530 1566 qui
541 1535 732 1564 construxerit,
749 1535 792 1560 ille

169 1571 262 1596 Clarus
273 1573 333 1602 erit,
349 1573 434 1604 fortis,
448 1575 542 1604 justus.
578 1575 735 1605 sapiensne?
753 1574 857 1605 Etiam5

264 1615 292 1635 et
303 1618 362 1642 rex,

169 1649 203 1673 Et
212 1649 339 1680 quicquid
349 1650 492 1675 volet—.

180 1723 255 1754 Ver.
271 1727 363 1755 1114.
384 1731 567 1765 sequuntur:
592 1726 629 1756 P.
644 1726 684 1757 V.
701 1726 748 1756 ed.
764 1731 799 1757 Δ.
817 1732 857 1757 Π.

139 1781 174 1809 Σ.
189 1783 339 1808 secuntur.

182 1829 258 1859 Ver.
283 1832 375 1860 1115.
410 1831 507 1861 lubet:
548 1835 584 1862 Σ.
602 1830 855 1870 jubet.—cretei.·

139 1879 236 1911 vind.
253 1882 339 1911 certi.

184 1931 264 1962 Ibid.
275 1934 403 1971 pulchro
413 1943 542 1972 corpore.
566 1933 774 1972 Mantuanus,
784 1934 858 1965 AEn.

139 1995 166 2016 v.
180 1989 252 2016 344.

170 2054 279 2080 Gratior
289 2058 317 2080 et
325 2054 427 2087 pulchro
438 2055 546 2080 veniens
557 2055 584 2079 in
595 2058 693 2087 corpore
703 2055 796 2080 virtus.

183 2118 259 2148 Ver.
275 2121 367 2149 1116.
387 2120 554 2158 gubernat:
579 2118 622 2148 sic
645 2119 681 2149 P.
699 2119 739 2149 V.
757 2119 805 2149 ed.
821 2119 858 2150 B.

141 2169 182 2200 Ο.
209 2174 244 2199 Δ.
271 2175 311 2199 Π.
339 2176 383 2199 Ω.
408 2169 504 2210 vulgo
526 2169 561 2199 in
584 2169 687 2207 editis,
704 2172 858 2210 gubernet.

140 2223 221 2253 Mox
236 2222 276 2254 V.
292 2223 342 2254 ed.
353 2231 451 2264 parte,
467 2234 524 2263 pro
534 2235 637 2264 parce.

185 2273 266 2304 Ibid.
293 2276 395 2308 Quod.-
419 2275 440 2304 i.
455 2285 481 2305 e.
497 2276 518 2310 ὅ,
541 2275 590 2305 vel
605 2276 670 2306 καθ’
684 2275 708 2312 o‘,
726 2275 773 2304 uti
787 2274 858 2304 mil-

141 2325 197 2355 lies
211 2325 350 2355 similiter
361 2326 533 2362 Lucretius,
549 2332 619 2365 post
631 2327 766 2356 Graecos.
782 2326 858 2356 Tes-

139 2378 165 2408 ti
179 2377 219 2408 sit
233 2377 410 2416 Euripides,
426 2378 508 2409 Hec.
529 2381 575 2408 15.

218 2457 347 2482 Νεωτατος
361 2453 383 2480 δ’
395 2465 422 2483 m
433 2455 589 2490 Πριαμιδων·
603 2455 615 2480 ὁ
626 2465 672 2481 και
683 2464 716 2489 με
728 2465 773 2486 γῆς

213 2501 389 2535 ’Υπεξετεμνψε
400 2509 409 2525 .-

140 2578 195 2610 ubi
210 2578 370 2609 Porsonus
383 2576 442 2616 ipsi
462 2576 560 2616 po'eltae
581 2577 621 2607 ad
642 2587 704 2607 ver.
727 2581 758 2608 6.
778 2576 860 2607 dilu-

139 2630 208 2662 cide
223 2631 347 2661 testanti
362 2630 516 2666 reclamat,
539 2636 580 2667 et,
601 2630 686 2670 quod
707 2641 747 2660 ne
771 2631 859 2661 Grae·

141 2692 214 2713 cum
241 2682 368 2723 quidem
394 2687 451 2719 est,
479 2680 641 2712 collaudat.
675 2688 802 2723 Πριαμος
827 2683 861 2712 in

141 2733 303 2775 Πμαμιδων
317 2733 501 2763 continetur.

183 2786 259 2816 Ver.
277 2788 367 2816 1117.
395 2785 472 2815 Huc
494 2785 625 2816 attinent
639 2795 676 2816 ea
690 2784 729 2815 de
743 2785 860 2829 Epicu-

142 2846 186 2873 ro,
207 2837 290 2875 apud
307 2837 487 2878 Diogenem
503 2837 672 2873 La'e'rtium,
696 2848 725 2867 x.
751 2842 779 2869 9.
803 2844 860 2869 Av-

143 2901 192 2922 τος
208 2901 240 2919 τε
255 2896 335 2928 φησιν
351 2902 376 2920 εν
401 2903 464 2924 ταις
491 2896 670 2928 επιστολαις,
690 2889 795 2921 ‘Thau
809 2903 861 2930 μο-

145 2951 185 2969 νον
202 2941 350 2980 ιρκεισθαι,
373 2953 423 2971 και
438 2953 514 2982 αρτ-ῳ
529 2947 611 2981 avr-ap.
651 2946 716 2972 xm·
735 2942 864 2981 Πεμψον

893 987 940 1013 μοι
956 985 1033 1015 rupte,
1058 980 1135 1011 φησι,
1160 971 1284 1013 κυθριδιε·
1303 972 1343 1008 ἶν’,
1368 972 1408 1002 ὅτ’
1432 986 1466 1003 αν
1480 977 1617 1014 βθλωμαι

895 1027 1153 1058 τολυτελεσασέαι,
1185 1023 1315 1062 δυνωμαι.
1374 1023 1496 1058 Quibus
1518 1026 1618 1055 consi-

894 1076 981 1106 milia
995 1075 1111 1105 ibidem
1127 1075 1335 1104 obversantur.
1381 1074 1462 1104 Sane
1478 1076 1556 1105 nihil
1571 1083 1617 1107 at-

896 1128 974 1159 tinet
988 1136 1171 1158 communes
1191 1125 1276 1155 locos
1291 1135 1456 1166 congerere
1462 1139 1471 1164 ;
1492 1127 1546 1157 sed
1561 1138 1618 1158 no-

896 1180 952 1210 lim
970 1179 1154 1210 Ciceronem
1175 1176 1341 1217 praeterire,
1366 1187 1464 1217 quum
1488 1179 1619 1209 eandem

899 1231 1084 1261 sententiam
1099 1239 1177 1269 pene
1188 1229 1287 1258 verbis
1302 1227 1417 1258 eisdem
1433 1228 1621 1259 declaratam

898 1282 1024 1317 dederit,
1047 1282 1080 1311 in
1105 1280 1249 1320 paradox,
1277 1280 1314 1310 vi.
1339 1283 1368 1310 3.
1391 1283 1413 1298 “
1430 1281 1497 1310 Nos
1523 1281 1621 1321 igitur

900 1337 922 1352 “
937 1336 1101 1371 divitiores,
1116 1332 1170 1373 qui
1186 1332 1275 1371 plura
1289 1331 1462 1363 habemus?
1491 1333 1622 1363 Utinam

901 1377 923 1404 ἱ*
938 1385 1078 1426 quidem:
1108 1385 1162 1415 sed
1186 1395 1250 1415 non
1271 1385 1476 1415 aestimatione
1499 1384 1623 1422 census,

901 1440 923 1456 “
940 1447 1047 1468 verum
1063 1437 1146 1467 victu
1161 1443 1252 1477 atque
1261 1436 1357 1473 cultu,
1373 1437 1558 1467 terminatur
1567 1448 1622 1477 pe-

903 1491 925 1506 “
940 1489 1042 1518 cuniae
1056 1488 1178 1519 modus.
1222 1489 1297 1518 Non
1312 1499 1378 1519 esse
1392 1489 1552 1529 cupidum,
1567 1500 1622 1529 pe-

903 1543 925 1558 “
942 1541 1034 1571 cunia
1059 1547 1116 1570 est:
1142 1551 1207 1570 non
1232 1551 1297 1570 esse
1319 1550 1469 1578 emacem,
1492 1541 1623 1581 vectigal

903 1595 925 1609 ‘⁶
941 1598 1000 1621 est:
1032 1598 1214 1622 contentum
1244 1601 1315 1621 vero
1341 1591 1404 1621 suis
1430 1593 1520 1621 rebus
1545 1602 1621 1629 esse,

902 1646 924 1661 “
940 1644 1086 1673 maximae
1115 1650 1189 1674 sunt
1213 1643 1450 1683 cc·tissimaeque
1476 1643 1622 1674 divitiae.”

902 1694 945 1723 Et
961 1695 1094 1724 Hesiodi
1110 1695 1238 1724 fortasse
1252 1704 1358 1724 versus
1381 1694 1535 1724 decantati
1557 1704 1624 1725 me-

902 1744 1010 1774 moriae
1033 1745 1171 1775 Lucretii
1188 1746 1399 1780 occurrebant,
1422 1751 1575 1776 exstantes
1590 1746 1623 1776 in

901 1806 971 1837 opp.
987 1803 1017 1827 et
1036 1797 1085 1827 dd.
1101 1801 1154 1827 40.

901 1885 995 1911 Nmtot‘
1009 1882 1048 1909 κδ’
1059 1893 1141 1909 wamy
1152 1882 1200 1916 ὅσῳ
1211 1887 1281 1908 ssew
1292 1882 1369 1916 ’ἥμισυ
1380 1892 1483 1914 ,τως-ος,

902 1930 961 1958 Ουδ“
972 1930 1025 1957 ὅσον
1036 1941 1056 1957 εν
1067 1936 1185 1966 μαλσεχῃ
1199 1940 1225 1956 τε
1235 1941 1282 1957 και
1297 1931 1423 1965 αο-ςοδελῳ
1436 1931 1498 1964 με’-χ’
1507 1940 1589 1968 ονεισερ.

906 2011 1072 2046 Caeterum,
1095 2010 1134 2040 de
1159 2010 1289 2049 Epicuri
1315 2010 1412 2049 ipsius
1434 2010 1623 2050 frugalitate,

903 2062 1006 2092 videas
1019 2062 1041 2093 J
1044 2072 1092 2091 uV.
1108 2067 1162 2091 sat.
1178 2061 1238 2091 xiv.
1253 2064 1328 2091 519.
1354 2061 1469 2100 Porph.
1492 2061 1530 2091 de
1545 2062 1622 2092 abst.

902 2112 922 2143 i.
938 2116 988 2142 48.
1004 2116 1053 2143 49.
1070 2118 1101 2141 et
1115 2111 1230 2141 ibidem
1247 2111 1298 2140 De
1315 2111 1429 2141 Rho‘et.

944 2171 1020 2200 Ver.
1036 2173 1127 2200 1118.
1139 2175 1182 2200 est
1191 2180 1333 2209 umquam
1342 2182 1352 2199 .·
1366 2169 1402 2199 P.
1414 2180 1455 2199 aes
1464 2175 1623 2209 tanquam;

902 2222 942 2252 V.
959 2221 1005 2251 ed.
1021 2228 1127 2252 aestum
1143 2232 1246 2261 quam;
1263 2226 1309 2250 ast
1323 2220 1375 2250 alii
1387 2220 1474 2251 codd.
1491 2221 1545 2251 Pii
1556 2222 1625 2252 vul-

902 2275 980 2315 gatis
995 2274 1178 2304 lectionibus
1194 2273 1430 2313 adstipulantur.

947 2333 1020 2364 Ver.
1039 2337 1129 2365 1119.
1153 2335 1214 2364 Ae:
1241 2333 1278 2363 P.
1295 2332 1390 2364 vind.
1408 2333 1449 2363 V.
1466 2333 1513 2363 ed.
1528 2334 1566 2364 B.
1585 2334 1624 2365 Ο.

903 2390 939 2416 Δ.
955 2390 990 2416 Σ.
1009 2391 1053 2416 Ω.
1070 2387 1208 2416 Ad.—·se
1224 2385 1310 2415 deest
1332 2385 1368 2415 P.
1393 2385 1434 2415 V.
1444 2384 1492 2415 ed.
1511 2391 1551 2415 Π.
1575 2386 1626 2417 Sic

902 2443 1008 2468 autem
1023 2438 1177 2478 perfrictae
1192 2438 1302 2468 frontis
1316 2437 1447 2468 editores
1461 2437 1626 2478 vulgavere

903 2500 1025 2520 versum
1042 2497 1149 2521 contra
1168 2491 1319 2521 librorum
1333 2495 1473 2520 veterum
1491 2491 1625 2521 auctori-

903 2547 1009 2572 tatem:

903 2616 939 2640 At
950 2615 1034 2639 claros
1045 2623 1069 2639 se
1080 2615 1202 2640 homines
1208 2615 1314 2639 voluere
1322 2622 1382 2644 esse,
1389 2617 1471 2646 atque
1480 2615 1623 2647 potenteis.

905 2683 973 2713 Nos
987 2693 1092 2712 veram
1107 2682 1205 2722 poe'tae
1218 2692 1349 2712 manum
1363 2683 1582 2713 revocavimus.

948 2734 1030 2765 Ibid.
1052 2736 1161 2772 claros,
1181 2735 1342 2774 potenteis,
1369 2736 1536 2774 opulentei:
1564 2733 1585 2764 i.
1599 2744 1625 2765 e.

906 2789 928 2804 ‘⁶
944 2785 1038 2822 fama,
1061 2784 1210 2824 potentia,
1233 2791 1325 2825 atque
1353 2785 1474 2824 opibus,
1504 2784 1623 2824 pollen·

905 2840 927 2856 “
943 2837 1026 2868 tes:’'
1050 2843 1081 2867 et
1095 2838 1154 2867 hoc
1168 2837 1322 2867 consortio
1334 2836 1516 2867 Sallustium
1530 2846 1624 2866 usum

906 2899 971 2920 esse
992 2889 1095 2920 videas
1117 2889 1152 2919 in
1175 2889 1323 2930 Jugurth.
1345 2888 1412 2919 init.
1436 2892 1459 2907 “
1478 2888 1538 2918 Sed
1560 2888 1624 2918 dux

908 2944 931 2959 ‘⁵
947 2947 1038 2982 atque
1053 2941 1220 2982 imperator
1234 2941 1304 2972 vitae
1313 2940 1492 2973 mortalium
1501 2940 1625 2970 animus

876 3001 946 3032 ’ΝΞ
