1926 3224
267 216 361 256 110

744 211 804 259 T.
851 210 1224 260 LUCRETII

405 341 462 384 Et
481 340 639 383 ratione
657 340 748 395 pari
768 339 894 381 solem
914 339 1125 396 stellasque
1143 340 1374 395 putandum
1393 349 1468 392 est,

403 416 512 465 Quae
530 414 699 456 volvunt
718 428 891 471 magnos
910 414 954 455 in
974 415 1133 471 magnis
1153 414 1320 456 orbibus
1339 429 1486 466 annos,

400 489 577 530 Aeribus
596 503 730 544 posse,
761 488 942 539 alternis,
972 503 996 530 e
1013 489 1198 544 partibus
1216 489 1288 530 ire.

288 566 368 603 645
400 561 554 603 Nonne
572 561 684 604 vides
703 562 827 604 etiam
847 562 1018 604 divorsis
1038 562 1179 604 nubila
1196 563 1328 604 ventis

398 634 597 679 Divorsas
615 635 676 677 ire
694 636 738 677 in
757 636 924 691 parteis,
945 635 1106 678 inferna
1124 636 1331 692 supernis?

257 795 279 810 “
295 790 395 832 surgit
422 791 607 831 occiditque,
631 790 694 821 illis
719 799 884 832 nunquam
910 801 978 822 sur-

256 846 279 861 “
295 843 358 883 git3
377 842 466 873 nulla
482 843 533 872 die
551 842 705 872 semestris
719 852 782 873 nox
797 842 979 882 excipitur.'’

256 894 342 924 Nam
371 896 527 934 Scythicas
551 900 667 933 gentes,
698 894 780 924 ultra
801 904 878 935 quas
900 895 980 925 nihil

254 944 392 985 antiquis
406 950 488 974 certe
503 951 623 981 notum,
638 954 695 985 pro
705 947 835 977 maxime
850 948 978 978 boreali-

254 997 308 1026 bus
334 1000 443 1025 auctor
468 995 586 1034 posuit;
610 1002 642 1026 et
664 1006 769 1027 versus
793 997 902 1028 tertius
928 1007 977 1028 so-

253 1046 417 1077 lummodo
431 1046 569 1085 inservit,
585 1047 624 1078 ad
639 1048 801 1086 po'e'tarum
815 1048 978 1080 solennem

253 1099 526 1138 consuetudinem,
562 1106 748 1132 ornamento
776 1101 899 1140 laetiori,
941 1112 977 1132 ac

252 1152 357 1182 sensui
382 1151 575 1192 quadrando:
609 1159 646 1183 ut
671 1153 766 1184 etiam
793 1155 843 1185 lac
872 1159 976 1185 aestate

251 1214 360 1234 novum
376 1202 494 1233 scilicet
508 1203 542 1232 in
557 1213 647 1234 versu
666 1203 736 1244 jam
759 1204 900 1243 superius
921 1203 976 1234 ad·

251 1259 354 1291 moto;
375 1252 461 1294 quod
474 1253 632 1284 immerito
646 1254 829 1294 scrupulum
844 1255 977 1285 summis

251 1305 364 1335 criticis
379 1305 494 1345 injecit.
519 1304 691 1344 Nimirum,
711 1306 836 1336 Servius
850 1317 977 1337 sensum

251 1356 407 1395 scriptoris
436 1366 500 1386 non
528 1361 686 1385 assecutus
715 1362 776 1394 est;
806 1363 837 1387 et
858 1367 976 1396 vereor,

251 1412 288 1436 ut
309 1406 389 1436 alius
413 1405 513 1447 quivis
540 1407 635 1445 probe
657 1406 853 1444 intellexerit,
875 1418 976 1448 quan-

250 1463 320 1488 tum
335 1456 480 1497 equidem
496 1455 616 1486 valeam
630 1456 815 1488 discernere.
852 1458 974 1488 Consu-

250 1508 296 1538 las
311 1514 417 1538 autem
432 1512 595 1547 sequentes
610 1517 685 1537 verr.
709 1510 782 1539 576.
804 1511 877 1540 579.
902 1509 974 1539 Ma-

249 1559 343 1594 ronis,
359 1564 450 1598 atque
462 1559 650 1588 honoratum
661 1558 902 1599 grammaticum
916 1559 974 1590 ibi-

249 1609 321 1640 dem
336 1609 549 1640 fluctuantem.

293 1661 367 1691 Ver.
379 1665 450 1692 642.
465 1663 718 1693 solem—volvunt
728 1673 853 1701 magnos
864 1673 978 1694 annos.-

250 1714 385 1745 universi
400 1714 478 1750 libri,
501 1716 626 1750 lunavm
654 1714 708 1745 sed
730 1714 824 1755 longe
846 1715 975 1746 mendo—

248 1766 383 1796 sissime:
408 1771 439 1795 et
460 1766 534 1795 huic
557 1765 638 1802 crisi,
661 1765 906 1796 confirmationis
919 1777 975 1797 cu-

245 1818 395 1858 jusquam
410 1817 435 1847 si
457 1817 608 1857 indigeat,
629 1823 739 1856 praeter
762 1818 977 1849 manifestissi-

248 1880 339 1900 mum
354 1869 415 1900 loci
430 1879 569 1908 scopum,
585 1870 640 1910 qui
654 1876 794 1900 nostram
809 1870 975 1902 lectionem

247 1920 335 1950 haud
349 1919 551 1959 repudiandis
565 1919 713 1951 conviciis
725 1921 880 1962 efflagitat,
903 1922 975 1952 imi.

248 1971 325 2002 tatio
345 1971 523 2012 Virgiliana
549 1971 748 2012 suffragatur,
771 1973 812 2003 ad
832 1974 906 2004 AEn.
931 1974 975 2004 iii.

250 2026 322 2054 284.

276 2086 393 2114 Interea,
413 2091 536 2116 magnum
550 2090 602 2110 sox.
613 2084 838 2110 circumvolvitur
849 2094 956 2112 annum.

249 2143 318 2174 Nec
334 2154 396 2174 non
408 2144 531 2184 juvabit
547 2146 674 2182 Seneca,
690 2146 723 2176 in
738 2146 864 2188 Thyest.
882 2150 952 2180 847.

342 2225 401 2254 Hic,
418 2225 474 2257 qui,
489 2227 568 2251 sacris
578 2227 684 2258 pervius
695 2227 781 2258 astris,

340 2267 419 2290 secat
428 2266 537 2297 obliquo
548 2268 659 2293 tramite
669 2274 762 2298 zonas,

342 2305 463 2331 Flectens
473 2306 556 2338 longos
570 2307 680 2339 Signifer
689 2315 779 2338 annos,

338 2345 424 2376 Lapsa
435 2345 537 2370 videbit
551 2346 635 2371 sidera
647 2346 742 2371 tabens.

252 2418 300 2448 Sic
315 2419 549 2450 rescribendum
565 2422 642 2452 dico.
686 2420 846 2462 Vulgatur
859 2424 973 2460 labens;

248 2470 331 2509 quod
347 2480 419 2501 cum
441 2473 527 2511 lapsa
550 2472 584 2502 in
607 2472 718 2503 eodem
732 2474 884 2506 versiculo
906 2476 976 2516 quis

248 2520 297 2550 vel
327 2522 509 2552 venustulus
531 2523 611 2554 feret
643 2524 814 2563 patienter?
855 2525 973 2557 Confer

249 2577 391 2602 nostrum
410 2573 539 2612 Carum,
562 2574 595 2605 ii.
612 2575 736 2614 penult.
764 2581 795 2606 et
817 2576 855 2607 iv.
880 2580 972 2609 1256.

250 2621 301 2651 De
324 2623 381 2653 bac
410 2625 639 2662 permutatione
663 2626 801 2657 diximus
824 2627 910 2666 alibi,
942 2634 973 2660 et

249 2671 376 2712 insuper
412 2675 706 2708 Drakenborchium
745 2679 899 2717 consulas,
933 2680 973 2711 ad

249 2721 317 2752 Liv.
335 2725 438 2756 xxxix.
455 2731 482 2758 9.
503 2731 530 2757 l.

292 2774 366 2805 Ver.
383 2780 453 2807 645.
474 2780 549 2812 Quoe
563 2782 684 2812 volvunt
698 2793 822 2822 magnos
839 2784 872 2813 in
888 2794 974 2823 mag-

248 2825 298 2855 nis
319 2826 438 2856 orbibus
463 2839 568 2859 annos.
609 2831 742 2862 Annum
764 2833 897 2863 solarem
923 2834 972 2864 vel

250 2876 348 2905 verbis
373 2878 691 2918 magnificentioribus
719 2884 895 2915 Maeonides
918 2884 971 2915 de·

1023 791 1151 831 scripsit,
1172 791 1213 822 ad
1228 792 1267 823 Il.
1290 798 1318 823 Β.
1337 795 1406 823 154.
1430 801 1525 833 quem
1549 802 1613 824 non
1635 802 1743 834 grava-

1023 844 1128 875 bimur
1141 854 1309 884 apponere:

1022 929 1099 953 Εννεα.
1109 927 1139 957 δη
1150 925 1261 959 &Caum
1274 928 1358 954 ΔΙΟΣ
1372 928 1542 954 ΜΕΓΑΛΟΥ
1555 929 1736 955 ΕΝΙΑΥΤΟΙ.

1022 992 1086 1023 Atos
1102 988 1128 1019 δε
1150 996 1274 1028 ‘astyanax
1296 1001 1424 1026 ενιαυτοι,
1446 1002 1509 1018 own
1534 1000 1572 1019 τε
1593 989 1670 1021 ἥλιε·
1692 1001 1742 1028 με·

1022 1054 1082 1083 Δτρον
1097 1053 1154 1082 γαρ
1169 1053 1297 1074 κινησεως
1313 1041 1436 1073 ἡλιακῆς
1449 1041 1461 1070 o‘
1476 1053 1572 1081 χρονος
1589 1053 1670 1070 εστιν.

1550 1090 1742 1122 Eustathius.

1065 1141 1145 1171 Ibid.
1167 1142 1285 1171 volvunt
1302 1143 1335 1171 in
1357 1142 1477 1180 magnis
1498 1142 1617 1172 orbibus
1638 1153 1743 1173 annos.

1020 1192 1108 1222 Hinc
1123 1194 1202 1222 orbis
1217 1192 1297 1228 solis,
1320 1192 1368 1222 vel
1383 1192 1458 1222 anni
1473 1203 1630 1231 mensura,
1647 1194 1746 1232 po'e'tis

1019 1248 1185 1282 usurpatur
1199 1253 1256 1282 pro
1269 1243 1337 1282 ipso
1351 1254 1431 1274 anno
1438 1259 1448 1279 ;
1473 1249 1508 1273 ut
1525 1243 1652 1283 Ovidio,
1675 1245 1745 1275 fast.

1019 1295 1039 1325 i.
1055 1299 1083 1326 1.

1019 1371 1158 1401 Tempora
1169 1376 1232 1394 cum
1239 1369 1346 1400 caussis,
1357 1370 1466 1394 Latium
1477 1370 1579 1402 digesta
1590 1377 1638 1402 per
1648 1371 1742 1398 orbem:

1021 1444 1090 1474 quae
1105 1435 1313 1465 sincerissima
1327 1441 1373 1465 est
1388 1436 1476 1466 istius
1491 1437 1595 1467 versus
1609 1438 1743 1476 scriptu-

1019 1496 1068 1523 ra;
1091 1492 1122 1516 et
1138 1500 1171 1517 ero
1197 1497 1313 1517 annum
1339 1486 1476 1525 plurium
1497 1487 1651 1518 librorum
1676 1499 1744 1520 me-

1019 1547 1091 1567 rum
1106 1537 1211 1568 haberi
1227 1537 1317 1568 debet
1331 1537 1643 1577 interpretamentum
1654 1551 1746 1572 voca-

1018 1588 1084 1619 buli
1099 1588 1257 1619 doctioris:
1281 1589 1351 1620 vide
1368 1589 1455 1630 Virg.
1478 1591 1552 1621 AEn.
1573 1591 1593 1622 i.
1620 1596 1690 1624 269.
1712 1600 1744 1624 et

1020 1641 1243 1671 Burmannum
1264 1641 1429 1681 utrobique
1453 1642 1603 1673 consulas
1640 1644 1745 1676 Locus

1019 1697 1125 1721 autem
1142 1692 1284 1721 Maronis
1307 1693 1394 1722 nobis
1415 1703 1565 1734 perquam
1587 1697 1744 1735 tempesti-

1019 1753 1076 1773 vus
1091 1742 1298 1782 superveniet:

1080 1821 1206 1853 Triginta
1217 1829 1320 1854 magnos
1331 1823 1475 1848 volvendis
1487 1824 1621 1849 mensibus
1631 1825 1696 1850 orbis

1082 1862 1186 1893 inperio
1198 1862 1391 1894 explebit—:

1019 1931 1038 1962 i.
1054 1941 1080 1962 e.
1103 1935 1125 1950 “
1141 1942 1239 1972 regno
1255 1933 1390 1972 potietur
1411 1933 1540 1974 triginta
1556 1936 1663 1974 plenos
1684 1945 1740 1966 an-

1020 1989 1042 2003 “
1058 1996 1126 2023 nos,
1149 1996 1204 2025 per
1215 1986 1382 2016 circuitum
1393 1986 1558 2017 duodecim
1574 1988 1742 2027 mensium,

1021 2039 1043 2054 “
1062 2036 1159 2066 nihilo
1174 2036 1398 2074 deficientium,
1422 2038 1574 2068 exact05.''
1621 2039 1682 2078 Ita,
1708 2040 1741 2069 ni

1017 2087 1120 2126 fallor,
1153 2088 1339 2118 declaranda
1361 2094 1406 2118 est
1428 2089 1474 2118 vis
1496 2088 1661 2120 locutionis
1682 2093 1742 2122 vol-

1018 2141 1121 2170 vendis
1138 2140 1288 2170 mensibus
1294 2155 1303 2175 ;
1321 2149 1391 2179 quae
1406 2150 1632 2178 supervacanea
1647 2141 1744 2172 videri

1019 2195 1148 2229 poterat.

1063 2240 1141 2270 Ver.
1169 2243 1241 2271 644.
1266 2242 1412 2271 A'e‘rz'bus:
1440 2241 1474 2270 P.
1492 2243 1614 2278 Abrm'ae
1641 2242 1678 2272 V.
1696 2243 1743 2274 ed.

1020 2298 1065 2323 Ω.
1096 2293 1245 2328 Acribus,·
1271 2292 1311 2322 O.
1328 2297 1365 2322 Δ.
1394 2294 1570 2323 Adria—e.-
1596 2298 1630 2324 Δ.
1648 2300 1691 2325 Π.
1708 2307 1741 2332 α,-

1019 2348 1055 2373 ut
1070 2343 1103 2372 in
1119 2343 1211 2373 editis
1226 2343 1416 2384 vulgaribus.

1063 2394 1144 2425 Ibid.
1165 2406 1180 2425 e
1190 2396 1345 2434 partibus:
1370 2405 1493 2434 nempe,
1517 2405 1534 2425 e
1555 2395 1682 2426 diversis
1695 2396 1741 2427 al-

1019 2446 1165 2476 ternatim
1179 2446 1248 2476 coeli
1263 2446 1376 2486 plagis3
1403 2458 1421 2477 e
1435 2447 1610 2478 borealibus
1624 2448 1663 2479 ad
1686 2459 1741 2479 au-

1018 2497 1134 2534 strales,
1157 2508 1193 2528 ac
1208 2497 1350 2528 vicissim.

1059 2550 1133 2580 Ver.
1150 2554 1222 2581 646.
1245 2550 1368 2591 inferna
1395 2553 1550 2590 supernis,·
1577 2550 1739 2588 nimirum,

1016 2600 1139 2630 inferna
1164 2602 1282 2631 diversa
1312 2601 1466 2640 supernis:
1505 2601 1545 2631 ad
1568 2600 1739 2641 gemellum

1016 2652 1144 2682 schema
1158 2651 1320 2692 regiminis
1334 2651 1385 2682 isti
1400 2651 1441 2682 ad
1456 2651 1499 2683 iii.
1524 2654 1614 2683 1951.
1636 2650 1669 2680 in
1692 2651 1738 2681 di-

1019 2703 1100 2733 vinis
1114 2704 1263 2734 versibus:

1319 2792 1435 2817 quorum
1447 2791 1515 2809 unus
1525 2786 1667 2815 Homerus,

1034 2826 1143 2857 Sceptra
1156 2826 1268 2858 potitus,
1277 2825 1364 2850 eadem
1375 2824 1433 2849 aliis
1445 2825 1546 2857 sopitus
1557 2825 1646 2856 quiete
1657 2828 1706 2851 cst.

1060 2888 1135 2919 Ver.
1159 2892 1230 2920 647.
1253 2890 1325 2919 illa:
1357 2887 1397 2917 V.
1423 2888 1471 2918 ed.
1496 2894 1537 2919 Π.
1563 2890 1738 2928 illa—que-
