1926 3224
255 261 346 303 268

761 259 820 305 T.
859 256 1266 305 LUCRETII²

398 387 642 443 Expediam,
665 401 796 442 neque
816 394 857 427 te
875 387 918 427 in
938 387 1145 442 promissis
1164 386 1282 442 plura
1301 387 1503 428 morabor.

283 465 365 502 245

456 461 644 502 Fulmina
661 460 776 517 gigni
796 460 849 501 de
868 460 1023 511 crassis,
1045 460 1218 515 alteque,
1239 460 1468 515 putandum
1488 469 1563 511 est,

399 535 588 576 Nubibus
607 535 836 576 exstructis:
868 549 966 576 nam
985 535 1088 576 coelo
1107 534 1218 575 nulla
1236 549 1394 585 sereno,

401 607 489 649 Nec
509 607 648 649 leviter
667 608 801 650 densis
820 610 1040 651 mittuntur
1059 608 1235 650 nubibus
1254 623 1462 664 umquam.

399 681 510 722 Nam
530 682 656 723 dubio
675 683 818 738 procul
837 682 916 725 hoc
936 682 1024 723 fieri
1044 681 1257 723 manifesta
1276 682 1395 723 docet
1414 696 1497 731 res;

401 755 528 804 Quod
548 764 646 797 tunc
667 771 739 811 per
758 764 891 797 totum
910 764 1175 797 concrescunt
1194 757 1289 797 aera
1307 756 1436 796 nubes

285 832 368 869 250
401 829 612 885 Undique,
637 830 717 871 utei
737 830 924 871 tenebras
943 831 1099 871 omneis
1120 829 1359 871 Acherunta
1379 843 1542 871 reamur

402 902 604 958 Liquisse,
625 912 666 945 et
687 919 856 961 magnas
876 904 967 946 coeli
987 904 1192 960 conplesse
1213 919 1419 946 cavernas:

257 1060 279 1076 “
296 1056 341 1092 tit,
378 1058 487 1090 validis
515 1061 662 1091 tubarum
694 1061 891 1102 clangoribus
925 1063 979 1094 aet

262 1111 284 1126 “
301 1110 510 1149 quatiebatur;
548 1123 719 1152 crassaeque
747 1115 838 1144 nubes
865 1114 979 1145 crebris

259 1163 282 1178 “
296 1171 365 1192 cum
371 1162 560 1202 fulminibus
574 1164 846 1196 advolvebantur.‘'

302 1211 375 1242 Ver.
399 1217 470 1244 246.
491 1218 666 1246 exstructis:
693 1216 730 1246 P.
754 1216 850 1246 vind.
865 1217 907 1246 V.
931 1215 978 1246 ed.

257 1261 296 1292 B.
312 1268 350 1293 Δ.
363 1267 516 1301 extracti&
541 1265 594 1295 sed
611 1266 660 1296 Pii
675 1266 802 1306 quidam
819 1266 905 1296 codd.
928 1277 978 1295 ez*-

257 1317 398 1345 slructis:
423 1315 477 1355 qui
502 1322 654 1346 memorat
679 1317 774 1346 etiam
799 1316 980 1347 varIetatem

255 1367 391 1395 extrusis.

303 1415 382 1446 Ibid.
405 1419 474 1447 coelo
500 1419 586 1448 nulla
607 1429 708 1448 sereno
724 1420 885 1449 Fulmina.
930 1419 981 1449 Ita

260 1465 424 1507 Virgilius,
444 1468 476 1498 in
492 1479 560 1508 ge0.
576 1469 595 1499 i.
611 1473 683 1500 487.

320 1549 378 1572 Non
390 1548 451 1573 alias
461 1548 519 1574 coeto
530 1550 685 1575 ceciderunt
696 1551 771 1583 plura
781 1559 865 1577 sereno

320 1588 500 1619 Fulgura—-

303 1658 376 1689 Ver.
394 1663 464 1691 250.
489 1661 610 1693 Redeas
624 1663 665 1693 ad
680 1663 718 1694 iv.
744 1666 813 1694 171.
837 1664 891 1694 ubi
913 1674 979 1694 ver-

259 1721 311 1740 sus
332 1721 437 1742 coram
460 1713 563 1752 positi,
587 1725 656 1745 vere
685 1715 803 1746 nobiles
829 1722 859 1746 et
884 1716 980 1746 subli-

258 1771 337 1799 mes,
355 1762 424 1802 jam
439 1771 599 1795 venerunt.

304 1812 384 1843 Ibid.
409 1816 585 1846 Acherunta
602 1828 726 1848 reamur
738 1831 748 1848 .·
775 1818 815 1848 V.
831 1817 877 1849 ed.
893 1821 980 1850 adie-

258 1870 331 1894 runt
354 1872 528 1901 arc-tamum·
555 1868 607 1898 sed
632 1869 739 1899 nullus
762 1869 881 1909 dubito,
905 1872 981 1912 quin

260 1916 405 1945 erraverit
432 1918 589 1956 typotheta
613 1918 646 1948 in
671 1930 772 1950 errore
797 1922 980 1959 exhibendo,

259 1972 291 1995 et
305 1967 502 1998 scribendum
525 1969 631 2008 fuerit,
656 1973 799 2003 adierunt
821 1980 979 2004 arcemur.-

258 2028 329 2058 quae
358 2025 432 2049 sunt
470 2020 624 2059 ipsissima
656 2023 793 2054 Lucretii
823 2025 981 2063 scriptura,

258 2078 356 2107 quum
380 2069 413 2098 in
429 2070 673 2111 Longobardicis
695 2074 802 2105 formis
823 2075 981 2106 simillima

257 2118 319 2148 sint
334 2122 367 2150 clz
386 2127 415 2150 ct
430 2123 473 2156 cli,
489 2133 505 2152 e
520 2128 551 2152 et
564 2129 593 2153 t:
621 2128 654 2154 Σ.
669 2126 803 2156 adierint
819 2138 902 2157 aera.

302 2171 378 2202 Ver.
404 2177 483 2221 ‘²⁵¹2
508 2177 668 2214 complesse:
697 2177 735 2208 O.
758 2180 920 2218 complexa,⁸
946 2184 980 2211 Δ.

256 2223 400 2262 implesse.

305 2274 383 2305 Ibid.
406 2277 474 2306 coeli
488 2288 648 2309 cavernas:
676 2285 711 2309 ut
728 2279 845 2316 Cicero,
871 2281 910 2312 de
925 2292 982 2313 suo

258 2325 434 2365 consulatu,
455 2327 550 2358 divin.
566 2329 585 2359 i.
604 2332 651 2359 11.

290 2398 402 2424 AEttieris
413 2401 511 2425 aeterni
521 2406 607 2433 saepta
619 2406 701 2434 atquc
712 2403 812 2429 inclusa
822 2405 956 2431 cavernis.-

259 2465 279 2495 i.
299 2477 324 2497 e.
349 2476 442 2500 κοιλον
460 2483 559 2510 &pauor
578 2471 661 2501 unde
677 2483 739 2502 non
755 2473 895 2505 dubitem
918 2481 981 2515 ety-

259 2527 334 2548 mon
360 2530 452 2551 suum
478 2523 590 2553 habere
619 2533 727 2554 vocem
758 2525 924 2564 Latinam3
952 2535 983 2557 et

258 2575 340 2599 recte
362 2571 452 2601 scribi
475 2575 591 2609 coelum,
620 2584 684 2604 non
710 2578 828 2612 ccx-lum,
851 2578 978 2609 scilicet:

259 2630 360 2661 neque
379 2623 467 2654 aliter
488 2624 684 2657 doctissimus
704 2628 889 2668 Gatakerus,
913 2641 982 2670 opp.

259 2681 287 2709 p.
305 2675 333 2703 5.

304 2723 377 2754 Ver.
410 2730 480 2758 259.
516 2728 611 2759 tclrc‘i':
655 2730 694 2760 V.
734 2731 780 2762 ed.
814 2739 857 2763 Ω.
887 2740 981 2770 terra,-

260 2783 384 2814 propter
398 2779 512 2812 similes
528 2795 543 2811 ν
558 2790 589 2813 ct
603 2790 626 2822 ι,
650 2784 688 2815 de
709 2796 772 2826 quo
789 2787 901 2827 saepius
915 2798 982 2818 mo-

262 2836 399 2859 nuimus.

304 2878 378 2910 Ver.
403 2885 474 2911 253.
500 2886 687 2924 Dependent.-
721 2889 758 2919 P.
786 2891 983 2929 Impendun&

259 2929 357 2961 Vind.
375 2931 413 2962 V.
430 2932 476 2964 ed.
494 2934 531 2964 L.
551 2936 591 2966 O.
610 2943 644 2967 Δ.
663 2944 694 2969 Σ.
715 2945 758 2970 Ω.
775 2941 969 2980 Impcndcmt.

1066 1061 1146 1092 Ibid.
1162 1068 1238 1092 (ιιι-ω
1251 1062 1442 1092 Formidinis
1458 1071 1520 1090 ora.
1546 1059 1681 1090 Grandis
1695 1066 1741 1091 est

1021 1113 1240 1152 prosopopoeia,
1271 1116 1301 1140 et
1325 1110 1467 1140 similiter
1495 1109 1629 1149 figurata
1657 1110 1743 1141 haud

1022 1162 1129 1192 minus
1151 1161 1276 1193 sublimi
1302 1162 1483 1200 Religionis,
1504 1160 1537 1190 in
1558 1160 1578 1190 i.
1606 1163 1740 1192 65—67.

1023 1222 1085 1252 quo
1099 1217 1130 1241 te
1145 1210 1280 1250 recipias.

1065 1263 1140 1293 Ver.
1169 1265 1240 1294 254.
1277 1263 1436 1293 conmoliri
1455 1261 1608 1302 fulmina.
1653 1262 1743 1293 Hinc

1024 1313 1176 1353 Virgilius
1211 1313 1356 1343 manibus
1391 1313 1522 1343 minime
1547 1313 1752 1353 parcentibus·

1023 1366 1179 1402 subduxit,
1195 1366 1242 1396 uti
1258 1366 1344 1406 prIus
1358 1367 1561 1404 ostendimus,
1584 1366 1624 1398 ad
1637 1377 1705 1408 geo.
1720 1367 1742 1399 i.

1023 1421 1095 1450 529.

1055 1492 1113 1523 lpse
1123 1493 1208 1521 Pater,
1218 1491 1307 1517 medii
1316 1492 1456 1517 nimborum
1467 1492 1495 1517 in
1504 1495 1583 1522 nocte,
1593 1492 1703 1518 corusca

1057 1531 1170 1555 Fulmina
1183 1531 1285 1556 molitur
1295 1532 1406 1557 dextri:

1025 1602 1044 1632 i.
1055 1613 1080 1633 e.
1098 1606 1120 1622 “
1135 1609 1267 1640 exercet,
1277 1610 1308 1633 et
1322 1603 1510 1644 aggreditur,
1525 1603 1670 1641 fulmina,
1677 1604 1746 1645 jam

1026 1657 1048 1672 ‘⁵
1059 1654 1126 1694 jam
1143 1655 1304 1693 missurus,
1327 1654 1434 1686 dextri
1450 1666 1481 1686 se
1496 1657 1557 1686 huc
1572 1657 1646 1687 illuc
1656 1656 1745 1697 jacu-

1025 1709 1047 1723 “
1065 1705 1186 1743 lante;‘’
1210 1706 1283 1744 sive,
1299 1717 1364 1737 uno
1379 1709 1481 1744 verbo,
1497 1709 1589 1739 librat
1592 1707 1744 1749 fidmina.

1025 1756 1097 1787 Viri
1112 1757 1227 1788 scilicet
1249 1758 1449 1789 eruditissimi
1471 1760 1604 1790 rationes
1625 1767 1744 1801 etymo-

1025 1807 1141 1848 logicas
1175 1809 1326 1839 sermonis
1360 1811 1541 1850 neutiquam
1575 1817 1747 1852 perspectas

1026 1860 1213 1896 habuerunt,
1237 1859 1375 1900 adeoque
1390 1871 1522 1902 magnas
1536 1861 1605 1891 lites
1618 1861 1658 1892 de
1679 1872 1756 1905 ver-⁸

1025 1911 1137 1941 borum
1168 1912 1397 1942 constructione
1428 1912 1541 1942 frustra
1570 1922 1744 1945 commove·

1026 1968 1107 1991 runt.

1069 2013 1143 2043 Ver.
1160 2016 1230 2044 255.
1248 2016 1335 2053 niger
1350 2015 1477 2045 nimbus.
1494 2015 1656 2056 Virgilius,
1669 2015 1745 2046 AEn.

1025 2074 1052 2094 v.
1070 2067 1141 2095 696.

1054 2136 1191 2161 Turbidus
1201 2137 1278 2162 imber
1289 2137 1370 2169 aqui,
1380 2138 1519 2169 densisque
1528 2139 1679 2170 nigerrimus
1687 2145 1746 2164 aue-

1133 2177 1188 2202 tris.

1068 2241 1143 2270 Ver.
1158 2244 1230 2271 256.
1252 2243 1431 2272 demissum:
1457 2242 1500 2271 sic
1522 2242 1606 2272 solus
1621 2243 1656 2273 P.
1672 2243 1744 2273 reli·

1025 2301 1086 2331 qua
1111 2292 1219 2322 omnia
1241 2292 1441 2332 exemplaria,
1467 2295 1637 2330 dimissum·
1663 2294 1747 2335 quod

1026 2342 1082 2372 etsi
1098 2343 1170 2373 ferri
1184 2349 1313 2382 poterat,
1336 2343 1499 2384 vulgatum
1522 2345 1653 2375 omnino
1673 2346 1746 2376 reti-

1026 2393 1166 2424 nendum
1182 2394 1320 2425 arbitror.
1346 2395 1510 2435 Virgilius,
1526 2396 1559 2426 in
1573 2407 1641 2436 geo.
1660 2396 1680 2427 i.
1696 2399 1746 2427 25.

1072 2466 1178 2498 Quique
1185 2467 1246 2491 satis
1257 2467 1361 2499 largum
1372 2468 1430 2493 coelo
1441 2468 1570 2493 deminuit
1583 2468 1698 2494 imbrem:

1025 2538 1079 2569 ubi
1109 2544 1213 2569 tamen
1240 2539 1353 2578 pariter
1382 2539 1451 2570 libri
1482 2539 1686 2572 fluctuann—
1710 2552 1746 2572 ιι-

1025 2601 1106 2620 men:
1131 2596 1248 2620 veteres
1261 2601 1379 2627 omnes,
1392 2590 1515 2631 fulmen
1521 2607 1532 2628 ;
1556 2592 1609 2622 sed
1631 2591 1746 2627 vitiose,

1026 2647 1057 2670 et
1086 2641 1284 2671 usitatissima
1314 2643 1506 2673 aberratione
1541 2642 1744 2672 librariorum.

1027 2691 1180 2731 Virgilius
1214 2693 1300 2723 haud
1323 2694 1482 2724 accesserit
1508 2693 1747 2732 inopportunus,

1027 2743 1059 2772 in
1076 2743 1136 2773 alifi
1151 2744 1292 2784 quamvis
1307 2745 1436 2776 materia
1449 2750 1593 2780 versatus,
1615 2743 1655 2773 ad
1671 2744 1745 2774 AEn.

1027 2793 1066 2823 ix.
1081 2797 1151 2825 815.

1343 2876 1416 2900 Tum
1428 2878 1487 2900 toto
1497 2881 1609 2906 corpore
1618 2875 1698 2899 sudor

1059 2914 1193 2944 Liquitur,
1204 2918 1230 2939 et
1238 2914 1336 2946 piceum
1352 2916 1410 2946 (nec
1421 2915 1548 2946 respirare
1557 2914 1684 2947 potestas)

1061 2952 1162 2977 Flumen
1175 2953 1298 2984 θεὴ-η
