1926 3224
302 223 333 267 6
808 220 870 269 T.
910 221 1288 271 LUCRETII

445 349 609 399 Quidve
627 349 848 403 tripectora
866 350 1082 405 tergemini
1101 350 1160 390 vis
1181 351 1411 406 Geryonai,

446 423 503 464 Et
523 421 738 464 Diomedis
758 421 891 476 equei,
912 421 1111 475 spirantes
1130 422 1297 464 naribus
1315 424 1472 480 ignem,

361 500 415 536 30
447 495 641 545 Thracia,
665 493 950 550 Bistoniasque
968 494 1123 552 plagas,
1144 504 1266 551 atque
1286 497 1443 538 Ismara
1461 499 1654 554 propter?

442 568 583 610 Tanto
602 583 726 623 opere
744 568 968 610 obficerent
986 568 1104 610 nobis
1125 571 1340 626 [uncisque
1358 571 1553 613 timendae

447 640 683 698 Unguibus,
704 642 895 684 Arcadiae
913 642 1132 697 volucres‚]
1155 645 1394 701 Stymphala
1412 645 1612 688 colentes?

297 805 358 827 nus
379 793 564 826 insolentem
587 794 710 825 videtur
734 795 917 830 adhibuisse,
943 796 1018 825 AEn.

297 847 336 879 vi.
351 850 424 878 289.

304 921 456 953 Gorgones,
466 919 656 951 Harpyiaeque,
667 922 695 944 et
706 919 795 945 forma
804 920 946 952 tricorporis
956 926 1016 945 um·

388 962 455 986 brae.

336 1027 417 1059 Ibid.
439 1031 600 1069 tergemini
633 1029 796 1070 Geryonai·-
843 1029 903 1060 Sed
931 1029 1017 1060 enim

293 1077 361 1110 haec
377 1079 543 1110 immutata
564 1079 618 1110 ille
640 1079 724 1110 idem
747 1080 914 1120 transtulit,
940 1080 1015 1112 ibid.

299 1130 363 1162 viii.
379 1134 452 1162 202.

322 1204 464 1237 Tergemini
472 1211 538 1231 nece
549 1205 680 1238 Geryonae,
689 1207 840 1240 spoliisque,
851 1208 986 1240 superbus.

291 1278 345 1310 Ibi
359 1279 503 1310 nonnulli
518 1279 627 1321 legunt
646 1283 813 1322 Geryonis:
830 1289 863 1314 et
875 1284 1014 1314 multum

290 1330 399 1362 mirari
420 1341 548 1362 mecum
563 1333 655 1370 soleo,
677 1344 735 1365 nec
751 1335 935 1376 Heinsium,
956 1347 1013 1368 nec

288 1383 526 1423 Burmannum,
550 1384 641 1415 illum
665 1386 707 1417 ad
731 1387 874 1418 Maronis
895 1388 1013 1426 locum,

289 1434 376 1465 hunc
400 1435 440 1466 ad
468 1436 594 1467 Sueton.
610 1437 654 1468 iii.
674 1441 722 1468 14.
745 1438 911 1469 lectionem
931 1440 1012 1478 posi-

288 1491 355 1517 tam
385 1486 593 1524 defendentes,
626 1489 666 1519 ad
695 1490 888 1526 Lucretium,
918 1500 1012 1531 quem

287 1536 484 1576 potissimum
512 1539 545 1568 in
571 1539 679 1569 animo
706 1541 817 1571 habuit
846 1540 1012 1582 Virgilius,

288 1597 477 1627 provocasse.
517 1590 600 1621 Tam
614 1590 808 1632 negligenter
822 1592 946 1629 scilicet,
963 1593 1011 1623 in-

286 1639 421 1681 dignum
435 1641 571 1674 facinus!
598 1650 701 1674 noster
723 1651 769 1675 est
791 1645 863 1675 viris
884 1645 1012 1675 eruditis

286 1691 418 1723 habitus.
461 1693 552 1724 Idem
567 1696 690 1725 schema
706 1695 866 1726 Prisciano
880 1705 917 1726 ex
934 1697 1006 1728 MS.

285 1742 502 1774 redonandum
517 1751 575 1783 est,
594 1745 634 1775 ad
648 1746 759 1786 perieg.
776 1749 847 1777 575.
869 1747 923 1776 ubi
939 1747 1005 1777 vul-

287 1805 329 1836 go
342 1794 457 1836 legitur
476 1797 625 1837 Geryonis
632 1811 642 1828 .-

299 1879 380 1904 Venit
391 1880 565 1911 Hyperboreis
576 1887 638 1912 quae
650 1888 724 1913 gens,
738 1885 797 1913 post
808 1881 863 1906 sata
874 1883 1007 1915 perempti

299 1919 433 1951 Geryonae;
451 1919 557 1944 domuit
572 1927 654 1951 quem
665 1921 749 1945 virtus
761 1922 878 1946 Herculis
888 1923 990 1954 ingens.

287 1993 435 2025 Similiter
464 1995 630 2031 Pindarus,
661 1995 738 2026 Isth.
767 1996 787 2026 ἰ.
817 2000 863 2028 15.
887 2004 1006 2040 Tnpuom

284 2059 373 2082 κυνες·
396 2052 428 2077 et
442 2047 674 2087 Aristophanes,
693 2048 828 2079 Acharn.
848 2052 939 2080 1082.

358 2129 431 2153 Βκλει
446 2128 491 2152 ΔΕ
504 2128 636 2162 pal-(wem
650 2130 752 2164 Γηρυονῃ
768 2134 931 2165 werpum-1241.

284 2205 335 2236 Ita
349 2206 518 2237 versiculus
531 2206 585 2237 ille
599 2207 815 2239 reformandus
835 2215 891 2240 est.

326 2265 406 2296 Ibid.
428 2268 472 2298 vis
495 2269 666 2307 Geryonai:
691 2273 727 2298 ut
751 2272 799 2304 βιη
823 2271 1003 2310 Ἧραιιληειη,

282 2316 383 2348 Hom.
399 2317 438 2347 ΙΙ.
454 2324 488 2348 Λ.
501 2322 574 2350 689.
598 2319 727 2350 Hesiod.
743 2320 862 2360 Tbeog.
885 2325 957 2352 289.

327 2367 399 2398 Ver.
413 2372 463 2400 29.
484 2372 579 2409 equez',
594 2373 744 2409 spirantes
757 2373 884 2402 naribus
894 2373 1003 2411 ignem.

284 2422 367 2453 Haec
379 2428 492 2453 mutua
514 2424 646 2463 sumpsit
660 2424 867 2464 Mantuanus,
890 2435 956 2465 geo.
973 2425 1003 2456 ii.

284 2477 355 2505 140.

475 2549 555 2580 tauri,
565 2549 686 2583 spirantes
697 2550 800 2575 naribus
810 2551 962 2583 ignem—-

325 2624 399 2656 Ver.
412 2629 463 2656 30.
485 2629 637 2659 Thracia:
663 2628 715 2665 sic,
730 2629 778 2660 vel
798 2631 922 2665 Tracia,
934 2639 1001 2659 om-

280 2687 336 2708 nes
357 2678 427 2708 libri
442 2685 564 2716 veteres,
588 2687 699 2720 praeter
714 2682 752 2713 P.
771 2683 809 2713 L.
827 2682 882 2723 qui
902 2684 1001 2713 Thra-

279 2740 334 2760 cen
349 2730 473 2761 habent.
524 2734 658 2765 Thracia
674 2739 780 2764 autem
793 2736 859 2765 loca
874 2733 1003 2772 scilicet3

279 2779 320 2810 ad
334 2780 614 2822 frequentissimam
626 2785 745 2817 Graecis
758 2786 896 2816 nominis
909 2799 997 2828 μερος,

279 2829 328 2861 vel
356 2844 456 2871 roaros,
487 2834 596 2875 utique
628 2835 996 2876 ellipsim.-—Bistonias:

280 2881 376 2914 vind.
393 2885 563 2917 Bisconias.
608 2887 678 2918 Has
693 2898 775 2927 vero,
795 2894 827 2920 et
839 2888 999 2930 gemellas,

1061 797 1179 828 nullius
1206 799 1359 829 momenti
1383 799 1417 829 in
1441 799 1572 838 propriis
1599 800 1781 831 nominibus

1061 847 1327 879 dissimilitudines
1351 850 1437 890 piget
1460 850 1642 891 singillatim
1666 861 1778 882 nume-

1060 898 1350 938 rara—caeterum,
1373 901 1515 930 universa
1535 901 1733 941 exemplaria,
1755 901 1782 932 si

1061 949 1098 980 P.
1114 950 1259 989 excipias,
1285 952 1369 981 hunc
1392 962 1517 982 versum
1540 953 1681 993 sequenti
1697 959 1780 993 post-

1059 1007 1189 1040 ponunt.
1246 1001 1415 1042 Sequentes
1437 1002 1515 1033 duos
1542 1004 1658 1034 omittit
1682 1004 1780 1036 Vind.

1059 1052 1172 1090 codex;
1195 1059 1226 1083 et
1251 1063 1360 1083 omnes
1383 1053 1446 1090 alii,
1469 1060 1579 1093 praeter
1600 1055 1639 1086 P.
1657 1065 1781 1087 versum

1057 1104 1226 1144 integrum,
1238 1105 1322 1136 haud
1333 1105 1427 1136 dubie
1438 1105 1605 1136 insititium
1615 1107 1780 1148 cujusdam

1057 1154 1243 1195 glossatoris,
1266 1155 1389 1186 uncinis
1410 1156 1624 1194 cancellatum,
1647 1168 1711 1189 non
1725 1169 1780 1200 ag-
1812 1190 1813 1193 ,

1056 1216 1197 1240 noscunt.
1225 1209 1394 1247 Nimirum,
1409 1220 1498 1241 voces
1513 1210 1587 1250 ipsae
1601 1211 1778 1252 Stymphala

1056 1261 1182 1291 colentes
1195 1267 1334 1291 mentem
1348 1261 1448 1300 po'e‘tae
1467 1262 1540 1292 satis
1554 1261 1720 1299 declarant,
1741 1266 1779 1292 ut

1056 1316 1092 1340 ut
1105 1310 1193 1340 aliter
1209 1312 1340 1341 senserit
1359 1311 1474 1342 sciolus
1496 1312 1550 1342 ille
1571 1312 1780 1352 interpolator.

1058 1362 1091 1392 Si
1106 1367 1260 1392 constaret
1273 1361 1426 1398 alicunde,
1447 1362 1553 1393 locum
1566 1362 1661 1393 fuisse
1676 1362 1776 1393 Thra-

1056 1413 1123 1451 ciae,
1146 1416 1354 1454 Stymplzalum
1373 1414 1512 1452 nomine,
1535 1414 1574 1445 de
1587 1425 1650 1456 quo
1670 1420 1777 1446 tamen

1056 1463 1228 1503 disquirens
1252 1464 1452 1505 undiquaque
1477 1465 1556 1494 nihil
1581 1465 1664 1496 valui
1688 1475 1775 1505 repe-

1055 1514 1125 1550 rire,
1141 1514 1213 1543 satis
1228 1514 1430 1544 manifestum
1445 1521 1490 1545 est
1505 1525 1543 1545 ex
1557 1525 1707 1547 consensu
1722 1525 1774 1546 co-

1056 1564 1173 1603 dicum,
1196 1565 1252 1595 hos
1267 1575 1371 1596 versus
1393 1566 1437 1596 ita
1450 1566 1646 1606 probabiliter
1662 1567 1774 1598 consti-

1055 1617 1186 1647 tuendos
1199 1616 1279 1647 fore:

1049 1704 1082 1727 Et
1092 1703 1226 1728 Diomedis
1237 1703 1324 1734 equei‚
1335 1703 1462 1735 spirantes
1477 1704 1582 1729 naribus
1592 1705 1693 1736 ignem,

1049 1744 1140 1767 Tanto
1152 1749 1232 1774 opere
1243 1742 1389 1768 obficerent
1398 1744 1483 1774 nobis,
1492 1745 1647 1776 Stymphala
1656 1746 1772 1770 colentes

1049 1782 1176 1812 Thracia,
1189 1783 1370 1814 Bistoniasque
1381 1783 1481 1815 plagaS,
1491 1788 1573 1815 atque
1585 1786 1683 1809 Ismara
1693 1792 1772 1817 prop-

1141 1824 1198 1847 ter?

1051 1896 1093 1926 Et
1105 1895 1242 1935 profecto
1256 1901 1372 1926 memet
1381 1901 1504 1926 tantum
1515 1906 1580 1927 non
1591 1907 1771 1936 persuasum

1050 1948 1155 1983 habeo,
1172 1957 1191 1976 a
1205 1947 1343 1977 Lucretii
1357 1957 1456 1978 manu
1470 1947 1554 1978 haud
1569 1948 1657 1978 aliter
1670 1949 1769 1988 perio-

1049 1999 1127 2029 dum
1143 1999 1330 2037 provenisse:
1356 2005 1448 2039 atque
1464 1999 1582 2030 doctior
1595 2000 1698 2030 forsan
1713 1999 1769 2029 ali-

1049 2051 1118 2091 quis
1138 2060 1204 2080 rem
1219 2051 1344 2089 posthac
1366 2050 1406 2080 ad
1428 2050 1581 2091 liquidum
1603 2050 1769 2090 perducere

1049 2101 1180 2132 feliciter
1194 2101 1317 2138 valebit3
1341 2101 1392 2131 cui
1412 2111 1469 2131 nos
1483 2101 1614 2131 libenter
1628 2112 1768 2142 assurge-

1048 2162 1127 2188 mus,
1165 2158 1196 2182 et
1230 2162 1343 2182 manus
1379 2151 1592 2182 verisimiliora
1628 2153 1769 2183 edocenti

1050 2203 1212 2234 confestim
1227 2203 1378 2234 dabimus.

1089 2264 1165 2294 Ver.
1182 2267 1235 2294 31.
1251 2264 1427 2305 olgficerent:
1452 2262 1488 2293 P.
1507 2263 1546 2294 O.
1560 2264 1704 2304 qffice7·et;
1726 2263 1770 2294 V.

1047 2317 1093 2348 ed.
1111 2324 1151 2348 Π.
1176 2319 1342 2358 efficerent:
1368 2326 1503 2357 quorum
1518 2317 1600 2356 prior
1614 2324 1696 2348 recte
1718 2327 1765 2348 se-

1046 2370 1179 2410 paratim
1200 2369 1333 2405 exhibet,
1357 2369 1403 2399 uti
1425 2379 1483 2399 nos
1509 2379 1641 2412 semper,
1669 2370 1765 2400 Tanto

1045 2433 1139 2462 opere.

1088 2481 1162 2511 Ver.
1187 2484 1241 2511 52.
1273 2482 1450 2522 Stymphala
1488 2482 1622 2512 colentes.
1667 2478 1766 2509 Haud

1047 2533 1249 2563 necessariam
1276 2533 1366 2563 duxit
1387 2532 1563 2563 uberiorem
1587 2529 1764 2569 descriptio-

1047 2595 1121 2615 nem
1137 2585 1281 2623 Ovidius,
1296 2585 1337 2615 ad
1353 2591 1425 2615 met.
1440 2585 1480 2615 ix.
1497 2586 1566 2614 187.

1071 2669 1194 2694 Vestrum
1206 2675 1271 2700 opus
1282 2669 1342 2698 Elis,
1358 2672 1381 2693 et
1391 2671 1426 2693 est
1437 2670 1554 2692 vestrum
1566 2665 1763 2698 Stymphalides

1166 2708 1258 2733 undae.

1048 2784 1098 2815 Sic
1112 2785 1315 2817 rescribimus.
1339 2783 1455 2823 Vulgo,
1473 2783 1542 2813 Elis
1556 2782 1659 2818 lzabet,·
1679 2780 1764 2822 quod

1041 2835 1171 2866 minime
1182 2835 1359 2866 ferendum:
1375 2833 1453 2864 liber
1461 2843 1553 2868 unus,
1565 2834 1634 2863 Elis
1642 2838 1685 2863 ese
1691 2848 1702 2868 ,·
1714 2831 1763 2862 in·

1042 2895 1088 2917 ter
1096 2897 1174 2928 quas
1184 2898 1272 2922 voces
1280 2892 1421 2919 nostrum
1429 2889 1446 2919 ἒ
1456 2885 1543 2918 nullo
1554 2884 1679 2926 negotio
1688 2892 1763 2915 mox
