1926 3224
285 237 375 277 126

309 361 392 400 730

775 234 834 280 Τ.
887 231 1263 281 LUCRETII

478 361 684 416 Denique,
706 374 812 415 quur
831 369 1006 416 nequeat
1025 375 1184 416 semper
1202 375 1315 403 nova
1332 361 1430 404 luna
1447 365 1576 405 creari

423 433 584 475 Ordine
603 433 827 474 formarum
846 442 974 485 certo,
1005 436 1205 491 certisque
1224 436 1382 493 figuris,

426 507 558 561 Inque
578 506 664 547 dies
682 507 819 561 privos
839 508 1011 550 aborisci
1032 524 1205 565 quaeque
1224 518 1375 561 creata,

423 580 561 635 Atque
581 579 657 621 alia
679 580 782 622 illius
802 583 981 636 reparari
1008 584 1050 623 in
1071 593 1202 638 parte,
1232 583 1421 639 locoque3

420 652 599 694 Difficile
621 662 681 695 est
700 655 858 697 ratione
877 655 1038 706 docere,
1070 664 1111 698 et
1130 658 1290 699 vincere
1310 657 1458 699 verbis:

311 727 392 767 735
427 725 587 768 Ordine
605 742 730 782 quom
751 729 886 770 videas
905 722 990 770 t'am
1011 739 1122 771 certo
1141 730 1269 772 multa
1288 731 1427 772 creari.

480 799 519 840 It
539 800 639 850 Ver,
671 809 711 842 et
732 801 890 851 Venus3
923 810 977 852 et,
1002 802 1119 843 Veris
1138 805 1414 858 praenuncius,
1443 812 1537 846 ante

424 872 632 913 Pennatus
651 873 839 929 graditur
859 874 1087 930 Zephyrus,
1117 877 1284 933 vestigia
1303 885 1472 933 propter

322 1025 402 1056 Ibid.
424 1027 542 1058 vincere
556 1028 659 1059 verbis.
702 1027 867 1069 Virgilius,
885 1039 954 1070 geo.
969 1029 1003 1060 ii.

279 1080 350 1109 289.

308 1157 363 1182 Nec
373 1162 434 1181 sum
443 1156 529 1181 animi
537 1157 642 1188 dubius,
658 1157 746 1183 verbis
757 1165 787 1184 ea
803 1159 909 1184 vincere
924 1167 1000 1192 mag-

398 1203 466 1221 num

309 1236 398 1267 Quam
408 1236 513 1260 sit—.

278 1305 501 1347 Tanaquillum
516 1317 588 1337 vero
603 1307 739 1337 Fabrum
754 1318 828 1338 cum
837 1309 1001 1340 subtilibus

276 1356 341 1386 suis
355 1357 492 1396 ineptiis,
515 1359 556 1388 Id
567 1357 667 1397 facile
683 1358 764 1396 dico,
780 1368 835 1397 pro
850 1360 1000 1400 Dgfficile,

276 1407 346 1448 quis
360 1408 457 1448 aequis
472 1408 605 1444 auribus
623 1414 654 1438 et
665 1408 772 1438 animo
787 1408 932 1447 patiente,
948 1420 1000 1440 va-

276 1458 338 1489 leat
352 1458 512 1499 accipere?

319 1510 397 1540 Ver.
413 1512 482 1540 755.
505 1511 623 1540 videas:
650 1511 735 1540 abest
754 1509 849 1540 dictio
864 1520 883 1540 a
897 1511 938 1541 V.
954 1511 1001 1542 ed.

276 1566 308 1591 et
323 1565 358 1592 Σ.
373 1570 507 1601 quorum
518 1561 668 1600 posterior
683 1561 760 1591 liber
774 1562 866 1592 habet
875 1570 1001 1602 possunt

275 1618 346 1652 post
359 1615 607 1644 certa—multa:
635 1613 673 1644 Ο.
689 1620 810 1644 cuncta.

318 1665 395 1695 Ver.
411 1667 482 1695 756.
504 1667 552 1696 It:
590 1670 624 1695 Δ.
659 1667 702 1696 Et
708 1681 719 1701 ;
755 1666 790 1696 P.
820 1667 887 1701 Sic,—
917 1666 1001 1706 quod

275 1714 366 1745 fluxit
380 1716 419 1745 ab
441 1718 481 1753 ic,
506 1717 685 1756 (postquam
706 1722 717 1746 t
736 1716 769 1746 in
784 1727 801 1746 c
823 1716 999 1756 migrasset)

277 1766 323 1796 uti
341 1766 380 1796 V.
395 1765 443 1796 ed.
458 1766 721 1796 exhibet—ante:
748 1766 789 1796 V.
807 1766 854 1797 ed.
871 1773 946 1798 arte.

321 1825 402 1856 Ibid.
443 1827 560 1856 Venus:
595 1836 665 1865 quae
696 1825 844 1866 fugandis
872 1828 998 1858 nubibus

278 1876 352 1905 facit
376 1887 513 1907 serenum
538 1887 604 1913 ver,-
628 1876 768 1907 conferas
783 1877 873 1917 Virg.
897 1888 964 1918 geo.
980 1878 999 1908 i.

276 1929 349 1956 540.
379 1933 409 1956 et
436 1933 587 1962 nostrum,
617 1927 636 1957 i.
660 1931 690 1958 6.
721 1938 815 1968 quem
837 1929 1001 1968 Apuleius,

277 1982 350 2006 met.
366 1977 405 2006 vi.
432 1988 460 2016 p.
478 1980 550 2009 595.
573 1977 712 2008 imitatus
736 1985 794 2016 est,
820 1979 859 2009 de
894 1982 1002 2011 Venere

277 2028 370 2058 verba
384 2028 514 2059 faciens:
542 2033 564 2048 “
583 2031 699 2061 Cedunt
722 2031 822 2066 nubes,
845 2037 877 2060 et
895 2034 1000 2062 caelum

278 2082 301 2097 “
319 2079 390 2109 filiae
407 2082 575 2119 portemur,-
599 2087 630 2111 et
651 2092 794 2111 summus
815 2084 910 2112 aether
928 2094 1001 2113 cum

280 2132 303 2146 “
318 2129 434 2169 gaudio
449 2131 576 2170 suscipit
587 2131 711 2162 deam.'‘
736 2132 895 2163 Adhibeas
909 2134 1002 2164 etiam

282 2180 410 2218 Carum,
426 2181 465 2212 ad
480 2182 523 2212 iii.
538 2186 589 2212 21.
606 2186 655 2212 22.

323 2232 403 2263 Ibid.
430 2235 530 2265 Veris.
576 2234 657 2264 Haec
686 2239 731 2264 est
759 2235 946 2272 acutissima,
973 2242 1004 2266 et

279 2284 416 2314 maxime
438 2285 623 2323 indubitata,
654 2286 788 2316 Bentleii
815 2287 1002 2327 emendatio,

280 2345 336 2375 pro
355 2338 476 2368 Veneris
491 2336 641 2368 librorum
656 2338 815 2376 omnium;
836 2339 919 2379 quod
933 2349 1003 2378 pec-

278 2392 383 2417 catum
397 2389 438 2417 ob
453 2398 656 2428 praegressum
679 2391 776 2419 Venus
792 2389 938 2420 facillime
954 2400 1003 2420 ca-

279 2437 366 2467 deret
393 2438 426 2468 in
459 2438 607 2469 librarios.
666 2439 840 2477 Nimirum,
876 2441 910 2470 in
946 2441 1003 2471 hac

279 2489 585 2530 magnificentissima
613 2499 746 2532 quatuor
769 2492 1003 2531 Tempestatum

279 2542 481 2579 processione,
498 2543 608 2573 Venus
624 2543 731 2584 nequit
745 2554 836 2584 agere
851 2544 1002 2583 principa-

280 2592 341 2622 lem
359 2600 490 2632 partem,
513 2593 567 2624 sed
589 2593 784 2635 progreditur
805 2594 1002 2625 solummodo

280 2644 532 2682 praeministrans,
569 2644 610 2674 ad
648 2645 820 2675 ornandam
857 2655 1002 2684 pompam

280 2704 381 2724 comes.
427 2695 524 2731 Quasi
550 2695 663 2725 dixerit
693 2696 796 2735 poeta:
831 2699 854 2714 “
872 2695 903 2725 It
930 2696 1002 2731 Ver,

282 2748 304 2761 “
321 2747 465 2776 omnibus
481 2747 608 2776 Naturae
621 2747 796 2777 Veneribus
812 2746 961 2786 producta
971 2747 1002 2777 :'’

281 2795 303 2825 i.
320 2805 345 2824 e.
372 2795 586 2828 florentissima
610 2805 640 2828 et
665 2799 886 2829 formosissima
910 2799 1004 2829 totius

282 2845 357 2875 anni
379 2847 487 2885 portio.
532 2848 687 2886 Profecto,
714 2849 746 2879 in
769 2850 868 2888 poetis
890 2849 1003 2888 passim

282 2897 368 2937 legas
388 2898 517 2929 comites
538 2899 666 2930 sociatos
689 2901 733 2931 ire
759 2903 815 2932 Ver
838 2907 869 2931 et
886 2903 1002 2941 Zephy-

1043 1042 1109 1062 ros:
1134 1031 1218 1062 unde
1233 1041 1297 1062 non
1319 1032 1436 1062 mirum
1458 1037 1511 1067 est,
1535 1037 1652 1062 memet
1670 1032 1766 1064 etiam

1044 1084 1134 1123 (nam
1163 1084 1196 1113 in
1222 1083 1349 1113 veritate
1374 1083 1490 1113 crimen
1515 1083 1672 1123 jactantiae
1700 1093 1766 1112 non

1043 1135 1225 1174 extimesco)
1249 1135 1282 1164 in
1304 1134 1435 1164 eandem
1457 1135 1668 1175 conjecturam
1687 1133 1766 1165 inci-

1043 1185 1130 1215 disse.
1177 1185 1354 1221 Claudiaffl,
1381 1191 1456 1224 rapt.
1480 1185 1566 1216 Pros.
1589 1185 1622 1216 ii.
1648 1188 1698 1216 73.
1720 1185 1767 1215 lo·

1043 1247 1117 1268 cum
1133 1237 1356 1268 nitidissimum
1371 1237 1559 1277 planissimae
1574 1237 1619 1268 rei
1636 1236 1768 1268 sufficiat

1043 1288 1249 1328 adscripsisse:

1060 1385 1167 1410 Viderat
1179 1385 1291 1411 herboso
1302 1392 1409 1410 sacrum
1420 1386 1454 1411 de
1463 1387 1551 1418 cespite
1561 1386 1656 1418 vulgus

1061 1426 1166 1455 Henna,
1176 1431 1271 1456 parens
1278 1425 1389 1455 florum;
1407 1426 1544 1457 curvaque
1554 1426 1581 1451 in
1592 1426 1662 1452 valle
1674 1426 1768 1452 seden-

1196 1471 1224 1488 m

1060 1467 1212 1535 Compeltiiit
1223 1504 1372 1535 Zephyrum.-
1399 1505 1476 1528 Pater
1485 1505 1516 1529 o!
1532 1504 1680 1537 gratissime
1690 1504 1769 1536 Veris,

1059 1543 1111 1574 Qui
1120 1549 1181 1568 mea
1191 1543 1288 1567 lascIvo
1299 1550 1392 1576 regnas
1402 1550 1449 1575 per
1459 1547 1535 1575 prata
1545 1548 1638 1570 meatu

1061 1583 1180 1614 Semper,
1190 1586 1218 1607 et
1228 1582 1336 1606 assiduis
1346 1582 1441 1607 irroras
1452 1583 1557 1608 flatibus
1567 1590 1688 1614 annum5

1060 1622 1169 1653 Respice
1181 1621 1366 1654 Nympharum
1378 1626 1536 1647 coetus-——.

1047 1704 1096 1735 Sic
1116 1714 1198 1734 unus
1220 1703 1316 1734 codex
1338 1704 1372 1734 in
1387 1703 1488 1744 primo
1503 1714 1603 1743 versu,
1625 1715 1682 1744 pro
1695 1705 1764 1736 vul-

1043 1761 1117 1797 gato
1132 1758 1257 1786 vertice:
1282 1757 1373 1794 bene,
1395 1766 1493 1796 quum
1508 1766 1572 1786 non
1587 1756 1626 1786 sit
1640 1756 1680 1787 de
1693 1759 1766 1790 colle

1042 1816 1152 1836 sermo.
1199 1805 1348 1837 Conferas
1371 1806 1465 1836 etiam
1479 1807 1569 1848 Virg.
1590 1817 1658 1847 geo.
1674 1807 1695 1838 i.
1714 1811 1765 1839 43.

1044 1861 1094 1887 44.

1089 1919 1160 1949 Ver.
1178 1921 1247 1949 757.
1280 1920 1456 1950 Penuatus:
1488 1919 1532 1949 ita
1560 1925 1704 1950 exaratur
1731 1919 1767 1950 iu

1044 1973 1190 2004 omnibus
1212 1975 1354 2012 vetustis3
1376 1981 1513 2005 recentes
1533 1975 1620 2013 editi,
1644 1978 1766 2007 Pinna-

1043 2028 1321 2066 tua—Zephyrus:
1352 2026 1447 2057 Vind.
1464 2027 1504 2057 V.
1526 2027 1573 2058 ed.
1597 2027 1633 2057 B.
1656 2027 1692 2058 1..
1717 2027 1765 2057 M.

1047 2082 1086 2106 Π.
1105 2081 1138 2107 Σ.
1158 2083 1202 2107 Ω..
1233 2079 1366 2117 Zephyri
1370 2093 1381 2112 ‚·
1405 2077 1489 2107 unde
1507 2077 1594 2108 locus
1618 2077 1765 2108 manifes-

1044 2127 1170 2157 tissimae
1200 2128 1323 2158 mendae
1352 2129 1500 2167 postulari
1529 2128 1626 2159 debet.
1682 2128 1766 2159 Mihi

1045 2178 1168 2209 videtur
1183 2179 1226 2209 sic
1241 2179 1374 2209 minima
1389 2179 1470 2210 facta
1491 2180 1663 2210 mutatione
1680 2189 1765 2210 com-

1045 2230 1137 2261 mode
1151 2237 1183 2262 et
1197 2232 1395 2272 probabiliter
1409 2232 1470 2274 legi
1493 2243 1594 2272 posse:

1076 2322 1100 2345 lt
1113 2322 1174 2351 Ver,
1185 2325 1212 2346 et
1223 2322 1310 2346 Venus
1317 2330 1325 2352 ;
1342 2325 1380 2352 et,
1393 2322 1464 2347 Veris
1476 2322 1655 2354 praenuncius,
1669 2320 1737 2346 antis

1075 2363 1206 2385 pennatus
1217 2362 1336 2393 graditur
1346 2362 1527 2394 Zephyri:—

1046 2441 1064 2470 i.
1077 2451 1102 2471 e.
1118 2443 1200 2478 ordo,
1217 2441 1263 2471 vel
1279 2442 1430 2472 exercitus
1440 2448 1602 2482 pennatus,
1621 2441 1754 2482 Zephyri
1758 2455 1770 2477 ,-

1045 2493 1108 2523 sive
1124 2503 1237 2533 agmen
1256 2495 1413 2524 Auroram
1436 2494 1591 2530 mollium,
1614 2504 1684 2534 quae
1707 2493 1766 2523 Ze-

1045 2545 1180 2584 phyrum
1209 2545 1405 2581 comitantur,
1436 2552 1466 2576 et
1490 2546 1520 2574 V
1523 2556 1555 2576 er
1583 2544 1765 2585 producunt.

1047 2596 1157 2627 Obstat
1172 2606 1255 2634 sane,
1277 2596 1360 2636 quod
1376 2596 1572 2637 grammatici
1588 2601 1712 2633 veteres,
1735 2600 1766 2624 et

1045 2648 1239 2685 onomasfici,
1262 2658 1430 2678 numerum
1446 2647 1634 2688 singularem
1651 2660 1692 2686 τᾳ
1705 2657 1764 2676 an-

1045 2704 1087 2728 tes
1103 2698 1295 2738 abjudicant3
1318 2699 1371 2729 sed
1387 2699 1417 2728 hi
1435 2696 1632 2737 magistelluli
1646 2695 1685 2726 de
1700 2695 1764 2726 dic-

1046 2748 1182 2779 tionibus
1197 2750 1327 2789 perraris
1341 2749 1546 2788 potissimum,
1569 2758 1645 2788 quas
1658 2747 1765 2778 multis

1046 2801 1158 2830 abhinc
1181 2801 1291 2831 seculis
1316 2801 1431 2831 indocti
1454 2800 1560 2830 scribae
1583 2799 1764 2830 obliterave-

1046 2851 1120 2889 rint,
1136 2862 1199 2882 non
1215 2858 1288 2881 sunt
1302 2852 1334 2881 in
1350 2850 1493 2881 omnibus
1505 2856 1621 2881 temere
1636 2849 1764 2880 audien-

1045 2901 1086 2932 di.
1132 2901 1326 2932 Glossarium
1342 2901 1397 2932 Du
1419 2901 1541 2942 Cauge:
1567 2904 1590 2921 ‘⁶
1607 2902 1699 2932 Antis
1719 2905 1765 2931 est
