1926 3224
592 221 829 270 LIBER
866 219 1176 270 SEXTUS.

1532 233 1628 274 313

277 355 488 406 Concutit,
510 354 659 396 invitos
678 368 830 411 cogens
848 361 1038 404 tremere,
1061 361 1183 409 atque
1201 366 1383 396 movere.

160 433 242 471 595
274 430 460 485 Ancipiti
480 428 688 484 trepidant
706 428 832 485 igitur
851 434 1009 468 terrore
1028 441 1103 481 per
1123 426 1280 477 urbeis3

274 504 406 547 Tecta
425 519 599 560 superne
619 504 779 551 timent,
801 509 989 542 metuunt
1009 500 1167 542 inferne
1187 515 1384 544 cavernas

274 579 426 621 Terra‘l‘
444 593 496 619 ne
515 577 705 619 dissolvat
726 575 888 616 Natura
906 581 1094 628 repente3

274 653 368 694 Neu
387 651 580 692 distracta
599 662 719 690 suum
737 647 817 688 late
836 645 1055 701 dispandat
1073 646 1252 699 hiatum,

274 725 406 782 quue
426 724 508 766 suis
527 721 696 765 confiisa
714 720 810 763 velit
829 720 1020 776 conplere
1040 720 1185 763 ruinis.

127 898 149 929 i.
171 907 197 929 e.
227 903 264 928 ut
284 896 362 928 olim
386 897 512 928 Atticus
540 907 683 928 sermone
712 896 856 938 pressiori

128 949 264 986 dixisset,
283 951 410 991 ὑφιζανον
423 949 569 992 ανταυδροι
584 957 691 984 ‘roa-215.

170 1001 246 1032 Ver.
276 1004 348 1033 590.
379 1004 443 1033 nisi
471 1009 588 1033 tamen:
624 1001 643 1032 i.
668 1011 696 1032 e.
726 1003 756 1033 si
783 1012 854 1033 non.

129 1052 224 1088 Quod
239 1052 423 1083 notandum.
467 1053 692 1083 BENTLtms.

171 1103 246 1133 Ver.
263 1106 335 1135 591.
347 1103 443 1144 fera.-
468 1104 509 1133 V.
524 1103 572 1134 ed.
582 1103 652 1143 feta
660 1119 674 1140 ,·
690 1108 724 1134 Δ.
739 1105 854 1135 crebra.

171 1155 247 1186 Ver.
263 1158 335 1187 592.
356 1157 463 1186 horror
478 1158 589 1187 incutit
605 1162 772 1187 tremorem.
796 1156 854 1186 Uti

127 1206 198 1246 plus
212 1206 309 1236 semel
322 1205 398 1236 alias
411 1206 619 1246 exposuimus,
641 1209 747 1238 horror
768 1213 813 1237 ost
827 1207 855 1237 is

127 1259 268 1298 affectus,
292 1259 377 1291 unde
402 1271 510 1300 aspera
534 1260 675 1290 redditur
696 1270 771 1290 cum
792 1267 854 1291 tre·

127 1324 220 1350 more,
249 1318 281 1342 et
302 1311 474 1352 inaequaffl,
500 1311 645 1352 quaelibet
668 1311 853 1350 superficies.

128 1363 217 1394 Nihil
231 1363 303 1394 novi
314 1363 510 1394 commodius
520 1363 596 1393 huic
606 1363 651 1392 rei
662 1362 854 1393 illustrandae

125 1415 378 1457 pervagatissimo
400 1416 469 1447 loco
485 1415 626 1456 Virgilii,
650 1425 746 1455 quem
774 1414 852 1456 legi-

127 1478 198 1499 mus
212 1467 254 1498 ad
268 1468 344 1498 AEn.
357 1467 401 1497 iii.
418 1471 468 1498 29.

187 1553 465 1562 ——-——
474 1540 542 1565 mihi
553 1539 664 1572 frigidus
673 1539 761 1564 horror

188 1582 310 1607 Membra
319 1581 472 1614 quatit—.

125 1653 199 1684 Non
215 1652 306 1690 nihil,
319 1662 421 1693 neque
435 1652 542 1682 omnia
557 1657 674 1689 tamen,
686 1650 725 1681 ad
741 1651 852 1682 defini-

124 1705 244 1735 tionem
258 1703 380 1735 videtur
401 1703 540 1734 attulisse
557 1703 678 1741 Celsus,
705 1702 744 1733 de
770 1703 852 1734 med.

122 1757 167 1788 iii.
183 1759 280 1788 3.—“
295 1758 446 1786 horrorem
465 1755 580 1797 (voco),
596 1755 650 1785 ubi
665 1761 767 1785 totum
783 1766 850 1785 cor-

125 1813 148 1828 “
164 1820 224 1849 pus
252 1809 420 1840 intremit.'’
488 1809 619 1839 Rectius
654 1808 852 1848 aliquantulo

124 1860 261 1897 Nonius,
277 1860 310 1890 in
325 1870 352 1890 v,
370 1863 397 1891 7.
414 1859 468 1900 qui
483 1859 642 1890 videndus
689 1859 751 1890 Sed
765 1859 852 1890 enim

124 1922 219 1942 ovum
235 1922 299 1942 non
313 1913 406 1942 habet
420 1911 573 1952 majorem
588 1921 646 1941 ovo
669 1911 852 1942 similitudi-

123 1975 209 2003 nem,
221 1974 317 2005 quam
331 1966 438 1995 horror
452 1969 483 1994 et
496 1966 601 1994 horreo
611 1963 746 1994 vicissim
759 1965 850 1995 Grae-

122 2016 166 2046 cis
181 2024 263 2059 φρικῃ
278 2022 309 2046 et
334 2024 447 2057 φρισσω·
474 2015 513 2046 de
537 2015 652 2056 quibus
671 2014 851 2046 scholiastas

122 2077 159 2097 ac
174 2073 290 2097 veteres
304 2067 538 2108 lexicographos
560 2066 719 2097 fructuose
735 2067 850 2106 poteris

123 2118 292 2150 consulere.

165 2179 241 2210 Ver.
259 2182 330 2212 595.
352 2182 417 2211 ulei
427 2196 438 2216 ;
460 2180 508 2210 vel
530 2182 596 2211 uti:
621 2179 720 2210 Vind.
737 2180 780 2210 V.
798 2178 847 2208 ed.

125 2230 162 2261 L.
179 2231 227 2261 M.
243 2236 278 2262 Δ.
293 2237 338 2262 Ω..
353 2238 388 2262 ut
403 2234 452 2268 in;
469 2242 532 2272 quo
547 2232 665 2262 nullius
680 2231 791 2261 erroris
802 2231 848 2260 fa-

121 2282 212 2312 cilius
247 2288 293 2312 est
322 2282 480 2313 reddenda
511 2282 592 2312 ratio
621 2292 658 2312 ex
688 2281 848 2320 scripturae

122 2336 310 2375 compendIO
333 2336 457 2373 scilicet,
482 2343 515 2367 ιιι
538 2341 562 2374 ῖ,
589 2342 694 2375 prout
711 2337 761 2366 in:
786 2334 849 2365 nisi

123 2387 227 2417 malis:

145 2470 238 2501 Frigus
248 2472 277 2494 ut
287 2469 314 2494 ὶη
326 2473 430 2494 nostros
440 2470 546 2502 penitus
556 2476 640 2500 quom
650 2470 754 2495 venerit
764 2473 846 2496 artus.

124 2542 167 2573 O.
181 2549 208 2573 et
224 2544 274 2579 1'n;
299 2547 334 2573 Σ,
350 2549 467 2580 autem,
481 2549 515 2573 ut
531 2545 573 2574 in.

166 2593 246 2624 lbid.
270 2595 388 2634 Frigus
404 2596 530 2634 penitus
551 2605 639 2634 quom
660 2596 752 2625 venit:
777 2594 849 2625 ideo

123 2646 253 2676 Maroni
267 2646 449 2683 vocitatum,
464 2645 505 2675 ad
519 2655 586 2686 geo.
603 2645 624 2676 i.
644 2649 692 2677 93.
703 2653 848 2686 penetra-

121 2697 312 2737 bilefrigus5
337 2701 360 2716 “
375 2697 458 2738 quod
473 2697 579 2727 omnia
598 2698 769 2737 penetrat,''
794 2708 847 2728 ex-

121 2754 258 2787 ponente
274 2748 388 2779 Servio.

162 2800 238 2831 Ver.
254 2803 326 2833 594.
349 2812 479 2832 movere:
505 2801 638 2832 editores
651 2801 794 2832 hodierni
808 2801 848 2833 de

121 2860 192 2889 sue,
207 2852 352 2883 omnibus
366 2863 461 2883 omne
472 2863 572 2893 genus
582 2853 669 2883 libris
681 2855 846 2884 abnuenti-

124 2903 192 2942 bus,
220 2905 346 2942 monera}-
370 2903 444 2936 satis
464 2904 662 2945 impudenter
683 2911 776 2947 atque
797 2905 846 2936 in-

900 896 992 928 scite:
1010 896 1076 928 redi
1091 901 1241 928 annotata
1255 895 1295 928 ad
1309 895 1352 928 iii.
1369 900 1441 929 570.
1465 897 1548 929 Sane
1562 907 1628 929 cre-

898 948 995 980 dibile
1010 956 1066 987 esr,
1090 950 1171 980 hanc
1186 949 1418 990 exquisitiorem
1439 949 1630 992 elegantiam

898 999 1030 1030 librariis
1067 1010 1191 1041 quoque
1226 1000 1394 1040 saepissime
1435 1001 1630 1032 obliteratam

897 1061 979 1090 esse3
1002 1062 1104 1092 neque
1127 1052 1302 1083 similitudo
1318 1052 1471 1091 locorum,
1495 1059 1526 1084 et
1540 1063 1628 1084 sum-

896 1103 942 1134 mi
971 1104 1071 1143 po'e'tae
1100 1103 1305 1142 consuetudo,
1328 1114 1381 1134 me
1409 1105 1554 1136 dubitare
1577 1106 1629 1138 vel

897 1156 1055 1196 perhilum
1079 1156 1199 1194 sinunt,
1227 1156 1364 1197 Virgilio
1388 1157 1422 1187 in
1438 1158 1546 1196 primis
1569 1159 1629 1190 hoc

896 1208 1018 1239 facinus
1032 1208 1188 1246 accidisse,
1209 1208 1251 1239 ad
1267 1209 1342 1239 AEn.
1357 1208 1402 1239 iii.
1419 1212 1470 1240 91.
1487 1209 1542 1239 ubi
1556 1209 1630 1240 libri

897 1259 974 1290 dant
987 1262 1111 1290 moveri:

927 1341 981 1366 Vix
992 1348 1023 1366 ea
1033 1340 1104 1365 fat-us
1114 1347 1199 1371 eram,
1210 1344 1314 1366 tremere
1324 1341 1416 1367 omnia
1427 1341 1482 1366 visa
1493 1345 1617 1374 repente.

926 1381 1097 1411 Liminaque‚
1108 1380 1251 1412 laurusque
1261 1381 1322 1412 dei;
1339 1385 1467 1413 totusque
1478 1389 1584 1407 movere

926 1422 1004 1445 Mons
1015 1421 1190 1445 circum—.

896 1491 994 1522 Error
1007 1502 1064 1531 par
1080 1491 1264 1522 Marklandi
1286 1491 1453 1529 notandus
1476 1491 1517 1523 ad
1539 1492 1629 1524 Max.

897 1542 935 1573 T.
951 1543 1005 1573 xii.
1024 1547 1052 1574 4.

941 1594 1020 1624 Ibid.
1047 1596 1188 1626 Concutit
1204 1605 1310 1634 cogens
1325 1600 1460 1626 tremere.
1496 1593 1628 1635 Virgili-

895 1655 934 1675 us
955 1645 1114 1686 eleganter
1136 1656 1244 1677 vocem
1269 1646 1429 1677 transtulit
1457 1645 1498 1677 ad
1525 1645 1627 1677 animi

895 1703 1011 1735 motus,
1028 1697 1062 1727 in
1078 1698 1152 1728 AEn.
1168 1698 1223 1728 xii.
1239 1701 1311 1728 468.

925 1783 987 1790 —
995 1777 1114 1795 concussa
1124 1774 1191 1794 metu
1202 1774 1309 1795 mentem
1320 1772 1436 1802 Juturna
1445 1770 1611 1802 virago—-

937 1833 1013 1863 Ver.
1030 1835 1102 1864 595.
1118 1835 1262 1873 Ancipiti
1270 1839 1392 1864 terrore.
1418 1833 1510 1863 Idem
1521 1834 1627 1871 Maro,

895 1886 973 1916 ΖΕΒ.
989 1885 1033 1916 iii.
1049 1888 1100 1915 47.
1116 1885 1182 1915 fere
1196 1885 1324 1924 pariter:

1062 1964 1168 1997 ancipifi
1180 1968 1302 1990 mentem
1305 1963 1449 1996 formidine
1460 1971 1606 1996 pressus—.

937 2028 1019 2058 Ibid.
1040 2030 1199 2068 trepidant
1220 2034 1351 2059 terrore:
1388 2027 1408 2058 i.
1439 2038 1464 2058 e.
1488 2027 1629 2068 undique

887 2085 1089 2118 properanter
1111 2079 1262 2108 cursitant
1284 2078 1505 2118 perterrefacti.
1552 2079 1627 2109 Vir-

891 2128 987 2170 gilius
1002 2130 1116 2159 iterum
1135 2129 1289 2167 similiter,
1307 2129 1382 2160 AEn.
1399 2129 1431 2158 ii.
1448 2132 1521 2160 685.

987 2211 1050 2239 Nos,
1063 2209 1164 2241 pavidi,
1176 2209 1302 2242 trepidare
1313 2213 1452 2234 metu—.

945 2281 1020 2311 Ver.
1037 2284 1119 2320 ⁴596.
1140 2292 1269 2321 superne
1291 2281 1428 2322 infime:
1455 2281 1492 2312 P.
1521 2281 1561 2313 Ο.
1591 2286 1627 2314 Δ.

895 2343 1026 2374 superna
1044 2332 1358 2373 inferum—metuunt
1373 2332 1407 2361 in
1423 2332 1464 2363 V.
1489 2332 1536 2363 ed.
1561 2343 1628 2363 non

893 2391 1265 2425 comparet—cavernas:
1291 2385 1333 2415 V.
1349 2384 1396 2415 ed.
1412 2387 1583 2416 cau-fernus.

936 2438 1017 2470 Ibid.
1032 2443 1172 2468 metuunt
1188 2448 1225 2468 ne
1243 2438 1371 2468 Natura
1389 2439 1533 2468 dissoluit
1554 2439 1628 2469 Ter-

890 2491 942 2520 ra'i
963 2499 1120 2520 cateruas.
1167 2488 1233 2517 Hic
1254 2488 1375 2518 videtur
1397 2487 1520 2518 facilior
1549 2488 1631 2519 ordo

889 2542 1069 2577 verborum,
1095 2545 1126 2569 et
1153 2540 1290 2569 maxime
1322 2539 1483 2570 naturalis.
1532 2540 1626 2579 Sunt,

892 2594 946 2634 qui
975 2591 1169 2632 conjungant
1192 2598 1306 2622 natura
1336 2592 1444 2628 terra'i,
1473 2601 1532 2631 pro
1559 2594 1626 2631 ipsa

891 2652 991 2679 terra,-
1018 2643 1132 2683 quibus
1146 2643 1293 2684 equidem
1315 2642 1431 2678 nullus,
1455 2642 1496 2673 ad
1511 2643 1627 2674 consti-

892 2697 1046 2728 tutionem
1062 2700 1218 2732 receptam
1233 2695 1306 2733 loci,
1324 2695 1545 2725 consenserim.
1578 2697 1627 2726 At

893 2749 1004 2780 dubito
1018 2747 1178 2786 nonnihil,
1201 2758 1243 2778 an
1265 2748 1448 2779 Lucretiani
1470 2748 1625 2778 sermonis

890 2800 1012 2832 indoles
1030 2809 1095 2829 non
1111 2798 1278 2843 edicatrsic
1299 2799 1403 2839 potius
1426 2809 1491 2829 esse
1514 2798 1625 2829 rescri-

890 2854 1039 2892 bendum,
1067 2856 1215 2887 clausulis
1233 2855 1309 2888 inde
1322 2855 1437 2887 melius
1451 2854 1509 2886 sibi
1531 2853 1622 2886 vicis-

891 2907 951 2938 sim
966 2907 1175 2948 responsuris:

823 2965 890 2997 X2
