1926 3224
292 215 387 258 306

793 217 853 264 Τ.
904 216 1284 266 LUCRETII

436 341 580 394 Tecta,
602 343 708 385 viam
728 351 911 398 propter,
933 359 1018 386 non
1037 360 1190 404 magno
1209 347 1407 402 pondere,
1429 356 1531 392 tota:

436 418 526 460 Nec
544 419 678 459 minus
698 418 902 460 exsultant
920 420 1044 472 aedes,
1066 422 1343 479 ubiquomque
1362 424 1543 480 equitum
1562 425 1622 466 vis

323 496 405 532 550
437 492 625 533 Ferratos
645 492 851 549 utrimque
871 502 1054 537 rotarum
1075 496 1253 538 subcutit
1272 497 1418 539 orbeis.

491 564 558 606 Fit
577 581 755 622 quoque,
778 568 870 609 ubei
890 583 1060 627 magnas
1079 571 1122 611 in
1142 585 1261 627 aquae
1280 579 1491 628 vastasque
1509 571 1672 613 lacunas

432 638 564 682 Gleba
583 648 780 682 vetustate
799 656 852 683 ex
871 642 979 684 terra
998 644 1250 698 provolvitur
1269 645 1428 702 ingens,

431 712 493 754 Ut
504 713 681 768 jactetur
700 730 818 770 aquae
837 716 965 758 fluctu
985 732 1148 773 quoque
1167 727 1277 759 terra
1296 719 1483 760 vacillans
1489 736 1503 768 ;

430 787 492 828 Ut
511 803 580 829 vas
599 789 758 830 interea
776 805 861 831 non
881 791 970 846 quit
989 800 1191 843 constare,
1212 794 1292 834 nisi
1310 793 1462 834 humor

269 940 419 983 fervesco:
443 945 475 971 et
497 940 607 971 eadem
631 941 733 973 forma
755 943 790 973 ἰιι
811 944 929 985 majore
943 956 1003 976 nu-

279 1001 367 1022 mero
392 993 557 1022 verborum
579 993 638 1024 hoc
661 1003 761 1034 genus
787 994 909 1026 videtur
922 997 1001 1028 obti-

280 1051 363 1073 nere.
535 1053 540 1056 ⁴

322 1093 393 1124 Ver.
424 1097 496 1125 548.
531 1096 611 1125 viam
634 1101 777 1135 proptem
809 1106 883 1126 cum
908 1097 1003 1128 simili

279 1145 505 1185 praepositionis
524 1145 671 1186 positura,
699 1158 794 1188 quam
822 1147 857 1177 in
882 1149 1002 1180 Graecis

276 1197 376 1236 po'etis
390 1197 503 1237 passim
519 1198 683 1230 cernimus.
727 1199 901 1238 Homerus,
915 1199 953 1230 ΙΙ.
966 1206 997 1230 Ζ.

276 1249 326 1280 15.

311 1331 421 1360 Παντας
431 1341 483 1366 γαρ
493 1336 624 1364 φιλέεσκεν,
631 1331 717 1372 ὈΔῼ
730 1331 789 1356 1-:111
803 1340 872 1357 aazia
882 1341 961 1358 vuum.

317 1405 391 1437 Ver.
416 1408 486 1437 549.
526 1405 567 1434 In
597 1405 656 1435 hoc
684 1415 785 1443 versu,
817 1407 1000 1437 conturbato

273 1456 466 1489 vexatissima
476 1456 645 1487 lectionum
655 1456 918 1496 dissimilitudine,
926 1468 998 1489 con-

273 1509 439 1545 stituendo,
463 1509 503 1539 ad
518 1518 651 1539 acumen
667 1508 867 1539 divinationis
891 1520 995 1540 neces-

271 1559 352 1590 sario
366 1559 426 1590 fuit
440 1558 676 1600 defugiendum.
700 1559 753 1591 Ad
765 1560 849 1591 hunc
864 1560 996 1591 modum

269 1612 413 1653 vulgares
426 1611 515 1642 editi:

465 1692 604 1718 exsultant
614 1692 659 1717 ubi
669 1692 842 1724 currussortis
847 1700 932 1726 equom
943 1693 992 1719 vis.

271 1757 339 1787 Nos
354 1756 552 1794 mediocrem,
576 1754 638 1797 qua
652 1755 816 1795 pollemus,
845 1757 992 1797 sagacita-

269 1815 334 1839 tem
364 1808 563 1845 adhibentes,
583 1817 709 1847 operam
731 1808 920 1844 navavimus,
950 1808 993 1838 ita

269 1869 336 1890 rem
365 1858 588 1893 administrare,
626 1864 661 1888 ut
695 1858 834 1889 maxima
866 1865 993 1890 vetustae

269 1911 428 1950 scripturae
465 1909 635 1941 reverentia
669 1910 842 1939 conservari
878 1917 990 1949 posset.

270 1965 322 1996 Ita
337 1965 375 1996 P.

301 2050 363 2058 --
372 2036 517 2062 exultantia
527 2038 597 2066 sunt,
599 2036 679 2068 fortis
689 2043 765 2068 quam
776 2035 820 2060 eibi
831 2043 921 2068 equum
932 2037 991 2062 vis.-

269 2111 338 2141 quae
367 2106 440 2131 sunt
468 2097 662 2130 odiosissime
689 2098 891 2135 scabitudine,
928 2105 994 2130 tam

269 2152 432 2189 sermonis,
454 2161 550 2192 quam
571 2160 789 2189 numerorum,
811 2150 993 2182 horrificam.

269 2204 366 2236 vind.
381 2204 419 2234 L.
436 2204 483 2234 M.
501 2209 531 2234 et
545 2213 601 2242 pro
616 2213 676 2233 var.
693 2202 761 2233 lect.
778 2211 814 2234 Ω.
828 2202 918 2234 dant:

460 2276 605 2302 exultantes
615 2275 707 2308 dapnis
717 2282 820 2308 cunque-
825 2275 883 2300 vim
885 2283 898 2305 ,-

266 2342 316 2373 vel
331 2343 461 2382 dupius:
486 2340 527 2370 V.
543 2339 590 2371 ed.
611 2340 648 2370 B.

459 2413 603 2438 exultantes
612 2411 706 2445 dupius
714 2418 818 2444 cumque
825 2412 894 2437 viri.

268 2479 308 2510 Ο.
325 2484 365 2510 Ω.
390 2480 525 2510 exultant
548 2478 601 2508 ubi
616 2486 724 2507 currus
737 2486 865 2515 cumque
879 2486 988 2516 equum

264 2534 312 2564 vi:
339 2538 376 2563 Δ.
392 2533 555 2568 exsultans,
571 2529 691 2560 omissis
705 2528 834 2558 caeteris:
856 2532 890 2560 Σ.
905 2528 989 2558 erul-

264 2590 332 2615 tant
347 2586 481 2624 duplices
500 2585 552 2614 hos
573 2592 700 2622 cumque
721 2583 849 2612 vierunt.
894 2579 989 2611 Unde

265 2635 309 2665 sic
323 2645 486 2674 possumus
500 2640 632 2665 tentare:

397 2707 546 2740 exsultant,
556 2706 665 2740 duplices
677 2705 839 2738 ubiquomque
857 2704 915 2730 viri
926 2703 986 2733 vis,-

266 2769 316 2801 vel
330 2769 428 2801 vimina
443 2773 496 2802 vis.
541 2771 616 2802 Hoc
631 2769 726 2800 etiam
741 2768 845 2801 modoz

383 2851 531 2881 exsultant,
542 2859 631 2876 currus
641 2851 826 2882 ubiquomque
835 2849 984 2874 viarum--

267 2920 330 2953 Sed
343 2920 505 2953 infinitum
519 2926 597 2953 esset
611 2920 799 2962 conjecturis
819 2918 985 2952 incertissi-

1046 946 1106 977 mis
1134 947 1313 988 indulgere;
1335 952 1365 977 et
1392 946 1498 986 positis
1529 945 1768 988 acquiescimuS,

1045 999 1144 1029 donec
1158 999 1278 1030 felicior
1293 999 1404 1029 artifex
1429 997 1696 1036 emendationum,
1718 997 1769 1028 vel

1044 1049 1187 1079 castiores
1209 1049 1341 1086 codices,
1369 1047 1452 1088 quod
1478 1048 1584 1077 omnia
1605 1048 1770 1078 doctorum

1044 1110 1160 1143 puncta
1183 1103 1287 1132 statim
1309 1102 1396 1137 ferat,
1420 1101 1454 1131 in
1485 1100 1628 1131 medium
1656 1100 1771 1141 poterit

1044 1164 1161 1184 eruere.

1084 1213 1159 1243 Ver.
1190 1215 1261 1244 550.
1309 1214 1456 1244 Fer—ratos
1491 1218 1628 1243 rotarum
1664 1213 1768 1245 orbeis.

1040 1264 1142 1294 Hunc
1164 1263 1270 1294 locum
1287 1263 1441 1305 Virgilius
1466 1263 1618 1295 memoria
1634 1265 1771 1304 tenebat,

1043 1315 1085 1346 ad
1098 1325 1167 1356 geo.
1181 1315 1224 1346 iii.
1239 1319 1315 1346 561.

1074 1397 1208 1429 undaque
1209 1398 1324 1428 ferratos
1334 1401 1410 1430 tergo
1418 1398 1475 1429 jam
1485 1396 1597 1422 sustinet
1607 1397 1686 1426 orbiu

1073 1437 1204 1469 Puppibus
1215 1437 1259 1462 illa
1269 1437 1340 1469 prius
1351 1437 1458 1469 patulis,
1474 1442 1545 1462 nunc
1562 1437 1667 1469 hospita
1680 1437 1768 1470 plaus-

1163 1476 1221 1501 tris.

1040 1555 1083 1585 Et
1098 1555 1179 1586 male
1195 1555 1400 1586 Burmannus
1415 1568 1448 1586 ‘ro
1459 1557 1577 1595 patulis
1597 1555 1637 1586 ad
1656 1556 1764 1596 plaus-

1037 1608 1094 1637 tris
1108 1606 1267 1637 referebat.
1313 1606 1484 1644 Nimirum,
1507 1606 1665 1646 epitheton
1679 1609 1764 1640 velze-

1037 1663 1158 1692 mentiae
1171 1660 1306 1699 frigoris
1327 1659 1521 1690 ostentandae
1535 1659 1674 1698 inservit,
1693 1666 1762 1691 tan-

1036 1719 1101 1744 tam
1116 1712 1274 1742 undarum
1293 1711 1410 1742 molem
1436 1712 1565 1743 valentis
1587 1712 1765 1753 congelare,

1035 1775 1104 1805 quae
1120 1763 1169 1793 vel
1183 1765 1254 1794 latis
1270 1773 1305 1793 ac
1319 1765 1461 1802 spatiosis
1474 1763 1604 1793 navibus
1615 1763 1764 1795 vehendis

1036 1815 1198 1845 sufficeret.
1244 1813 1334 1843 Nihil
1357 1814 1580 1853 tempestivius,
1607 1820 1661 1844 aut
1675 1825 1762 1845 com·

1036 1865 1166 1896 modius
1228 1864 1339 1904 Apage
1373 1864 1490 1895 interea
1519 1865 1762 1896 somniculosam

1037 1917 1182 1957 Bryantis
1210 1915 1356 1946 nostratis
1387 1915 1608 1954 suspicionem,
1638 1927 1762 1948 versum

1035 1979 1091 2008 pro
1106 1967 1282 1997 adulterino
1297 1973 1414 1996 temere
1429 1967 1502 1996 satis
1517 1967 1683 2008 arguentis.

1080 2028 1159 2059 Ibid.
1182 2029 1322 2059 subcutit.
1362 2027 1489 2065 Seneca,
1507 2033 1569 2057 nat.
1585 2033 1704 2067 quaestt.
1720 2027 1760 2059 vin
1773 2059 1780 2068 ι

1037 2084 1086 2111 21.
1110 2083 1132 2098 “
1144 2080 1220 2110 Duo
1235 2088 1350 2118 genera
1365 2083 1496 2115 sunt‚ut
1509 2077 1678 2108 Posidonio
1692 2078 1759 2117 pla.
1770 2069 1777 2074 ⁸

1037 2135 1059 2150 “
1075 2135 1136 2168 cet,
1159 2130 1272 2170 quibus
1286 2135 1428 2158 movetur
1443 2133 1536 2158 terra:
1563 2129 1686 2168 utrique
1702 2139 1759 2159 no-

1036 2188 1060 2204 “
1075 2194 1148 2214 men
1178 2189 1224 2213 est
1250 2182 1421 2222 proprium.
1471 2181 1580 2212 Altera
1608 2184 1759 2214 succussio

1037 2241 1059 2258 “
1075 2244 1130 2275 est,
1157 2246 1229 2266 cum
1251 2241 1332 2266 terra
1353 2235 1502 2275 quatitur,
1531 2241 1561 2265 et
1583 2245 1706 2265 sursum
1722 2244 1759 2266 ac

1035 2294 1058 2309 “
1073 2290 1218 2320 deorsum
1227 2294 1386 2325 movetur3
1401 2287 1497 2317 altera
1509 2288 1684 2325 inclinatio,
1695 2286 1759 2328 qua

1034 2342 1107 2371 “in
1131 2340 1226 2370 latera
1254 2345 1356 2377 nutat,
1384 2339 1499 2379 navigii
1529 2339 1648 2369 more.”
1695 2339 1761 2369 His

1033 2393 1221 2431 committas,
1248 2402 1318 2432 quae
1345 2398 1517 2432 sequuntur
1545 2391 1578 2420 in
1603 2390 1760 2430 Lucretio,

1032 2455 1092 2475 ver.
1111 2447 1287 2476 559-565.
1334 2442 1461 2472 Addam
1492 2441 1654 2478 Ovidium,
1679 2446 1755 2473 met.

1031 2496 1062 2526 ii.
1081 2499 1150 2526 165.
1173 2495 1216 2524 sic
1230 2493 1441 2532 scribendum,
1467 2492 1552 2534 quod
1577 2499 1608 2523 et
1624 2491 1759 2523 Heinsio

1032 2547 1173 2578 videmus
1188 2546 1351 2586 placuisse:

1062 2629 1114 2659 Sic,
1125 2636 1206 2654 onere
1216 2629 1327 2654 adsueto
1338 2635 1452 2656 vacuus,
1465 2627 1514 2651 dat
1525 2625 1553 2650 in
1563 2624 1625 2650 aere
1632 2622 1726 2653 saltus,

1061 2669 1258 2701 succutiturque
1269 2669 1333 2700 alte,
1343 2668 1486 2699 similisque
1497 2669 1536 2692 est
1546 2671 1637 2690 currus
1646 2662 1727 2688 inani.

1030 2741 1151 2782 Vulgo,
1167 2753 1276 2774 vacuos
1282 2757 1292 2778 ,·
1311 2740 1395 2782 quod
1408 2739 1501 2770 nimis
1511 2741 1657 2777 argutum
1667 2739 1754 2774 puto.

1072 2801 1146 2832 Ver.
1170 2805 1241 2834 551.
1271 2803 1357 2832 ubei:
1385 2806 1430 2831 Ω.
1451 2799 1681 2836 uta—magnas
1702 2796 1750 2826 in.-

1030 2854 1071 2884 V.
1087 2853 1134 2884 ed.
1153 2853 1192 2884 Ο.
1216 2859 1251 2884 Δ.
1269 2857 1303 2887 Σ.
1320 2858 1365 2884 Ω.
1387 2853 1421 2884 in
1443 2858 1587 2891 magnas.-
1611 2846 1697 2880 deaet
1717 2847 1754 2880 in

1028 2907 1066 2940 L.
1082 2908 1130 2940 M.
1145 2907 1254 2940 Fortez
