<?xml version="1.0" encoding="UTF-8"?>
<!DOCTYPE html PUBLIC "-//W3C//DTD XHTML 1.0 Transitional//EN"
    "http://www.w3.org/TR/xhtml1/DTD/xhtml1-transitional.dtd">
<html xmlns="http://www.w3.org/1999/xhtml" xml:lang="en" lang="en">
 <head>
  <title>
</title>
<meta http-equiv="Content-Type" content="text/html;charset=utf-8" />
  <meta name='ocr-system' content='tesseract 3.04.00' />
  <meta name='ocr-capabilities' content='ocr_page ocr_carea ocr_par ocr_line ocrx_word'/>
</head>
<body>
  <div class='ocr_page' id='page_1' title='image "./tlucretiicarider03lucruoft_0137.png"; bbox 0 0 1926 3224; ppageno 0'>
   <div class='ocr_carea' id='block_1_1' title="bbox 588 248 1231 305">
    <p class='ocr_par' dir='ltr' id='par_1_1' title="bbox 588 248 1231 305">
     <span class='ocr_line' id='line_1_1' title="bbox 588 248 1231 305; baseline 0 -9"><span class='ocrx_word' id='word_1_1' title='bbox 588 248 821 297; x_wconf 86' lang='lat' dir='ltr'><strong>LIBER</strong></span> <span class='ocrx_word' id='word_1_2' title='bbox 870 248 1231 305; x_wconf 85' lang='lat' dir='ltr'><strong>QUINTUS.</strong></span> 
     </span>
    </p>
   </div>
   <div class='ocr_carea' id='block_1_2' title="bbox 1538 255 1626 299">
    <p class='ocr_par' dir='ltr' id='par_1_2' title="bbox 1538 255 1626 299">
     <span class='ocr_line' id='line_1_2' title="bbox 1538 255 1626 299; baseline 0.057 -6"><span class='ocrx_word' id='word_1_3' title='bbox 1538 255 1626 299; x_wconf 90' lang='lat'>117</span> 
     </span>
    </p>
   </div>
   <div class='ocr_carea' id='block_1_3' title="bbox 173 381 1227 435">
    <p class='ocr_par' dir='ltr' id='par_1_3' title="bbox 173 381 1227 435">
     <span class='ocr_line' id='line_1_3' title="bbox 173 381 1227 435; baseline -0.003 -12"><span class='ocrx_word' id='word_1_4' title='bbox 173 384 253 424; x_wconf 83' lang='lat'>675</span> <span class='ocrx_word' id='word_1_5' title='bbox 287 382 383 423; x_wconf 92' lang='lat' dir='ltr'>Non</span> <span class='ocrx_word' id='word_1_6' title='bbox 404 381 523 422; x_wconf 88' lang='lat' dir='ltr'>nimis</span> <span class='ocrx_word' id='word_1_7' title='bbox 543 382 705 422; x_wconf 82' lang='lat' dir='ltr'>incertis</span> <span class='ocrx_word' id='word_1_8' title='bbox 726 381 831 421; x_wconf 89' lang='lat' dir='ltr'>fiunt</span> <span class='ocrx_word' id='word_1_9' title='bbox 851 381 893 420; x_wconf 91' lang='lat' dir='ltr'>in</span> <span class='ocrx_word' id='word_1_10' title='bbox 914 381 1096 435; x_wconf 87' lang='lat' dir='ltr'>partibus</span> <span class='ocrx_word' id='word_1_11' title='bbox 1116 381 1227 421; x_wconf 89' lang='lat' dir='ltr'>anni.</span> 
     </span>
    </p>
   </div>
   <div class='ocr_carea' id='block_1_4' title="bbox 287 454 1453 511">
    <p class='ocr_par' dir='ltr' id='par_1_4' title="bbox 287 454 1453 511">
     <span class='ocr_line' id='line_1_4' title="bbox 287 454 1453 511; baseline -0.001 -15"><span class='ocrx_word' id='word_1_12' title='bbox 287 457 490 511; x_wconf 87' lang='lat' dir='ltr'>Namque,</span> <span class='ocrx_word' id='word_1_13' title='bbox 514 456 581 496; x_wconf 90' lang='lat' dir='ltr'>ubi</span> <span class='ocrx_word' id='word_1_14' title='bbox 603 456 658 496; x_wconf 84' lang='lat' dir='ltr'>sic</span> <span class='ocrx_word' id='word_1_15' title='bbox 678 455 843 495; x_wconf 85' lang='lat' dir='ltr'>fuerunt</span> <span class='ocrx_word' id='word_1_16' title='bbox 862 469 1095 494; x_wconf 86' lang='lat' dir='ltr'>caussarum</span> <span class='ocrx_word' id='word_1_17' title='bbox 1117 454 1285 495; x_wconf 87' lang='lat' dir='ltr'>exordia</span> <span class='ocrx_word' id='word_1_18' title='bbox 1305 455 1453 509; x_wconf 87' lang='lat' dir='ltr'>prima,</span> 
     </span>
    </p>
   </div>
   <div class='ocr_carea' id='block_1_5' title="bbox 284 526 1366 586">
    <p class='ocr_par' dir='ltr' id='par_1_5' title="bbox 284 526 1366 586">
     <span class='ocr_line' id='line_1_5' title="bbox 284 526 1366 586; baseline -0.003 -14"><span class='ocrx_word' id='word_1_19' title='bbox 284 531 422 586; x_wconf 82' lang='lat' dir='ltr'><strong>Atque</strong></span> <span class='ocrx_word' id='word_1_20' title='bbox 440 531 497 571; x_wconf 84' lang='lat' dir='ltr'>ita</span> <span class='ocrx_word' id='word_1_21' title='bbox 517 544 579 570; x_wconf 87' lang='lat' dir='ltr'>res</span> <span class='ocrx_word' id='word_1_22' title='bbox 599 528 744 569; x_wconf 89' lang='lat' dir='ltr'>mundi</span> <span class='ocrx_word' id='word_1_23' title='bbox 764 526 946 568; x_wconf 87' lang='lat' dir='ltr'>cecidere</span> <span class='ocrx_word' id='word_1_24' title='bbox 966 527 1018 567; x_wconf 85' lang='lat' dir='ltr'>ab</span> <span class='ocrx_word' id='word_1_25' title='bbox 1038 528 1199 583; x_wconf 87' lang='lat' dir='ltr'>origine</span> <span class='ocrx_word' id='word_1_26' title='bbox 1218 527 1366 583; x_wconf 64' lang='lat' dir='ltr'>prima,</span> 
     </span>
    </p>
   </div>
   <div class='ocr_carea' id='block_1_6' title="bbox 139 699 863 942">
    <p class='ocr_par' dir='ltr' id='par_1_6' title="bbox 139 699 863 942">
     <span class='ocr_line' id='line_1_6' title="bbox 143 699 863 742; baseline -0.006 -8"><span class='ocrx_word' id='word_1_27' title='bbox 143 706 165 721; x_wconf 86' lang='lat'><strong>“</strong></span> <span class='ocrx_word' id='word_1_28' title='bbox 182 708 224 741; x_wconf 86' lang='lat' dir='ltr'>ta,</span> <span class='ocrx_word' id='word_1_29' title='bbox 238 704 378 742; x_wconf 72' lang='lat' dir='ltr'>vesticeps</span> <span class='ocrx_word' id='word_1_30' title='bbox 383 717 394 738; x_wconf 89' lang='lat'><em>;</em></span> <span class='ocrx_word' id='word_1_31' title='bbox 410 702 463 742; x_wconf 92' lang='lat' dir='ltr'>qui</span> <span class='ocrx_word' id='word_1_32' title='bbox 474 707 579 732; x_wconf 86' lang='lat' dir='ltr'>tamen</span> <span class='ocrx_word' id='word_1_33' title='bbox 595 699 753 742; x_wconf 83' lang='lat' dir='ltr'>octoginta</span> <span class='ocrx_word' id='word_1_34' title='bbox 765 709 863 731; x_wconf 88' lang='lat' dir='ltr'>annos</span> 
     </span>
     <span class='ocr_line' id='line_1_7' title="bbox 142 753 860 784; baseline -0.001 -1"><span class='ocrx_word' id='word_1_35' title='bbox 142 758 164 772; x_wconf 89' lang='lat'><strong>“</strong></span> <span class='ocrx_word' id='word_1_36' title='bbox 181 755 316 784; x_wconf 86' lang='lat' dir='ltr'>victurus</span> <span class='ocrx_word' id='word_1_37' title='bbox 345 753 526 783; x_wconf 85' lang='lat' dir='ltr'>fuisset—.”</span> <span class='ocrx_word' id='word_1_38' title='bbox 573 753 670 783; x_wconf 89' lang='lat' dir='ltr'>Vides</span> <span class='ocrx_word' id='word_1_39' title='bbox 692 753 860 783; x_wconf 80' lang='lat' dir='ltr'>dictionem</span> 
     </span>
     <span class='ocr_line' id='line_1_8' title="bbox 140 805 863 844; baseline -0.003 -9"><span class='ocrx_word' id='word_1_40' title='bbox 140 816 205 835; x_wconf 88' lang='lat' dir='ltr'>esse</span> <span class='ocrx_word' id='word_1_41' title='bbox 225 806 255 834; x_wconf 91' lang='lat' dir='ltr'>in</span> <span class='ocrx_word' id='word_1_42' title='bbox 280 806 338 834; x_wconf 90' lang='lat' dir='ltr'>hoc</span> <span class='ocrx_word' id='word_1_43' title='bbox 364 815 423 834; x_wconf 91' lang='lat' dir='ltr'>usu</span> <span class='ocrx_word' id='word_1_44' title='bbox 449 805 702 844; x_wconf 81' lang='lat' dir='ltr'>acceptissimam,</span> <span class='ocrx_word' id='word_1_45' title='bbox 726 810 758 834; x_wconf 90' lang='lat' dir='ltr'>et</span> <span class='ocrx_word' id='word_1_46' title='bbox 783 814 863 843; x_wconf 86' lang='lat' dir='ltr'>pene</span> 
     </span>
     <span class='ocr_line' id='line_1_9' title="bbox 139 855 860 895; baseline 0 -10"><span class='ocrx_word' id='word_1_47' title='bbox 139 857 302 895; x_wconf 82' lang='lat' dir='ltr'>propriam.</span> <span class='ocrx_word' id='word_1_48' title='bbox 348 856 521 886; x_wconf 84' lang='lat' dir='ltr'>Pulchrum</span> <span class='ocrx_word' id='word_1_49' title='bbox 546 856 699 886; x_wconf 87' lang='lat' dir='ltr'>distichon</span> <span class='ocrx_word' id='word_1_50' title='bbox 714 855 860 886; x_wconf 82' lang='lat' dir='ltr'>admove-</span> 
     </span>
     <span class='ocr_line' id='line_1_10' title="bbox 139 906 745 942; baseline 0 -6"><span class='ocrx_word' id='word_1_51' title='bbox 139 907 188 942; x_wconf 90' lang='lat' dir='ltr'>bo,</span> <span class='ocrx_word' id='word_1_52' title='bbox 203 916 240 937; x_wconf 87' lang='lat' dir='ltr'>ex</span> <span class='ocrx_word' id='word_1_53' title='bbox 258 906 388 937; x_wconf 84' lang='lat' dir='ltr'>Anthol.</span> <span class='ocrx_word' id='word_1_54' title='bbox 405 907 473 937; x_wconf 82' lang='lat' dir='ltr'>Lat.</span> <span class='ocrx_word' id='word_1_55' title='bbox 494 907 603 937; x_wconf 88' lang='lat' dir='ltr'>Burm.</span> <span class='ocrx_word' id='word_1_56' title='bbox 619 907 659 937; x_wconf 91' lang='lat' dir='ltr'>iv.</span> <span class='ocrx_word' id='word_1_57' title='bbox 675 910 745 938; x_wconf 84' lang='lat'>974.</span> 
     </span>
    </p>
   </div>
   <div class='ocr_carea' id='block_1_7' title="bbox 169 994 840 1065">
    <p class='ocr_par' dir='ltr' id='par_1_7' title="bbox 169 994 840 1065">
     <span class='ocr_line' id='line_1_11' title="bbox 169 994 840 1027; baseline 0 -9"><span class='ocrx_word' id='word_1_58' title='bbox 169 995 227 1019; x_wconf 84' lang='lat' dir='ltr'>Non</span> <span class='ocrx_word' id='word_1_59' title='bbox 239 995 315 1026; x_wconf 87' lang='lat' dir='ltr'>potui</span> <span class='ocrx_word' id='word_1_60' title='bbox 327 1002 424 1027; x_wconf 86' lang='lat' dir='ltr'>parvus</span> <span class='ocrx_word' id='word_1_61' title='bbox 435 994 564 1027; x_wconf 78' lang='lat' dir='ltr'>puerilem</span> <span class='ocrx_word' id='word_1_62' title='bbox 576 994 676 1027; x_wconf 86' lang='lat' dir='ltr'>inplere</span> <span class='ocrx_word' id='word_1_63' title='bbox 684 995 840 1025; x_wconf 88' lang='lat' dir='ltr'>juventam,</span> 
     </span>
     <span class='ocr_line' id='line_1_12' title="bbox 199 1033 730 1065; baseline 0 -7"><span class='ocrx_word' id='word_1_64' title='bbox 199 1035 254 1058; x_wconf 84' lang='lat' dir='ltr'>Nec</span> <span class='ocrx_word' id='word_1_65' title='bbox 264 1034 361 1058; x_wconf 80' lang='lat' dir='ltr'>vestire</span> <span class='ocrx_word' id='word_1_66' title='bbox 370 1041 460 1059; x_wconf 87' lang='lat' dir='ltr'>meam</span> <span class='ocrx_word' id='word_1_67' title='bbox 463 1034 528 1065; x_wconf 86' lang='lat' dir='ltr'>flore</span> <span class='ocrx_word' id='word_1_68' title='bbox 539 1041 610 1059; x_wconf 89' lang='lat' dir='ltr'>novo</span> <span class='ocrx_word' id='word_1_69' title='bbox 621 1033 730 1059; x_wconf 86' lang='lat' dir='ltr'>faeiem.</span> 
     </span>
    </p>
   </div>
   <div class='ocr_carea' id='block_1_8' title="bbox 138 1112 782 1224">
    <p class='ocr_par' dir='ltr' id='par_1_8' title="bbox 138 1112 782 1224">
     <span class='ocr_line' id='line_1_13' title="bbox 138 1112 569 1156; baseline 0.005 -13"><span class='ocrx_word' id='word_1_70' title='bbox 138 1112 247 1144; x_wconf 87' lang='lat' dir='ltr'>Addas</span> <span class='ocrx_word' id='word_1_71' title='bbox 261 1114 334 1144; x_wconf 87' lang='lat' dir='ltr'>ibid.</span> <span class='ocrx_word' id='word_1_72' title='bbox 350 1115 430 1156; x_wconf 86' lang='lat' dir='ltr'>epig.</span> <span class='ocrx_word' id='word_1_73' title='bbox 446 1115 525 1146; x_wconf 83' lang='lat' dir='ltr'>cxix.</span> <span class='ocrx_word' id='word_1_74' title='bbox 539 1119 569 1145; x_wconf 83' lang='lat'>5.</span> 
     </span>
     <span class='ocr_line' id='line_1_14' title="bbox 199 1189 782 1224; baseline 0.003 -10"><span class='ocrx_word' id='word_1_75' title='bbox 199 1189 252 1214; x_wconf 86' lang='lat' dir='ltr'>Ora</span> <span class='ocrx_word' id='word_1_76' title='bbox 263 1197 329 1222; x_wconf 84' lang='lat' dir='ltr'>puer</span> <span class='ocrx_word' id='word_1_77' title='bbox 339 1191 429 1216; x_wconf 88' lang='lat' dir='ltr'>dubiae</span> <span class='ocrx_word' id='word_1_78' title='bbox 438 1191 543 1224; x_wconf 88' lang='lat' dir='ltr'>signans</span> <span class='ocrx_word' id='word_1_79' title='bbox 552 1192 681 1224; x_wconf 85' lang='lat' dir='ltr'>lanugine</span> <span class='ocrx_word' id='word_1_80' title='bbox 691 1192 782 1217; x_wconf 76' lang='lat' dir='ltr'>vestis.</span> 
     </span>
    </p>
   </div>
   <div class='ocr_carea' id='block_1_9' title="bbox 136 1262 862 1606">
    <p class='ocr_par' dir='ltr' id='par_1_9' title="bbox 136 1262 862 1409">
     <span class='ocr_line' id='line_1_15' title="bbox 138 1262 862 1294; baseline 0.003 -2"><span class='ocrx_word' id='word_1_81' title='bbox 138 1262 188 1292; x_wconf 92' lang='lat' dir='ltr'>Ibi</span> <span class='ocrx_word' id='word_1_82' title='bbox 204 1263 346 1294; x_wconf 89' lang='lat' dir='ltr'>consulas</span> <span class='ocrx_word' id='word_1_83' title='bbox 364 1264 594 1294; x_wconf 88' lang='lat' dir='ltr'>Burmannum.</span> <span class='ocrx_word' id='word_1_84' title='bbox 636 1263 711 1294; x_wconf 86' lang='lat' dir='ltr'>Alia</span> <span class='ocrx_word' id='word_1_85' title='bbox 726 1269 800 1294; x_wconf 90' lang='lat' dir='ltr'>sunt</span> <span class='ocrx_word' id='word_1_86' title='bbox 822 1263 862 1293; x_wconf 91' lang='lat' dir='ltr'>ad</span> 
     </span>
     <span class='ocr_line' id='line_1_16' title="bbox 137 1315 859 1356; baseline 0.001 -11"><span class='ocrx_word' id='word_1_87' title='bbox 137 1324 279 1351; x_wconf 87' lang='lat' dir='ltr'>manum,</span> <span class='ocrx_word' id='word_1_88' title='bbox 295 1315 349 1346; x_wconf 88' lang='lat' dir='ltr'>sed</span> <span class='ocrx_word' id='word_1_89' title='bbox 364 1316 548 1356; x_wconf 69' lang='lat' dir='ltr'>praegravari</span> <span class='ocrx_word' id='word_1_90' title='bbox 562 1316 691 1346; x_wconf 83' lang='lat' dir='ltr'>lectores</span> <span class='ocrx_word' id='word_1_91' title='bbox 706 1327 792 1346; x_wconf 82' lang='lat' dir='ltr'>meos</span> <span class='ocrx_word' id='word_1_92' title='bbox 803 1327 859 1347; x_wconf 85' lang='lat' dir='ltr'>no·</span> 
     </span>
     <span class='ocr_line' id='line_1_17' title="bbox 136 1365 861 1409; baseline 0.004 -14"><span class='ocrx_word' id='word_1_93' title='bbox 136 1365 193 1395; x_wconf 87' lang='lat' dir='ltr'>lim</span> <span class='ocrx_word' id='word_1_94' title='bbox 208 1367 256 1397; x_wconf 84' lang='lat' dir='ltr'>vel</span> <span class='ocrx_word' id='word_1_95' title='bbox 271 1367 390 1398; x_wconf 84' lang='lat' dir='ltr'>collatis</span> <span class='ocrx_word' id='word_1_96' title='bbox 404 1367 578 1408; x_wconf 86' lang='lat' dir='ltr'>elegantiis:</span> <span class='ocrx_word' id='word_1_97' title='bbox 600 1368 730 1409; x_wconf 88' lang='lat' dir='ltr'>ideoque</span> <span class='ocrx_word' id='word_1_98' title='bbox 744 1367 861 1400; x_wconf 90' lang='lat' dir='ltr'>desino.</span> 
     </span>
    </p>

    <p class='ocr_par' dir='ltr' id='par_1_10' title="bbox 137 1420 861 1606">
     <span class='ocr_line' id='line_1_18' title="bbox 179 1420 861 1452; baseline 0.003 -2"><span class='ocrx_word' id='word_1_99' title='bbox 179 1420 254 1450; x_wconf 89' lang='lat' dir='ltr'>Ver.</span> <span class='ocrx_word' id='word_1_100' title='bbox 272 1423 343 1451; x_wconf 83' lang='lat'>675.</span> <span class='ocrx_word' id='word_1_101' title='bbox 366 1423 538 1450; x_wconf 77' lang='lat' dir='ltr'>demittere:</span> <span class='ocrx_word' id='word_1_102' title='bbox 567 1420 603 1450; x_wconf 89' lang='lat' dir='ltr'>P.</span> <span class='ocrx_word' id='word_1_103' title='bbox 621 1421 718 1451; x_wconf 87' lang='lat' dir='ltr'>Vind.</span> <span class='ocrx_word' id='word_1_104' title='bbox 749 1421 786 1450; x_wconf 88' lang='lat' dir='ltr'>V.</span> <span class='ocrx_word' id='word_1_105' title='bbox 814 1422 861 1452; x_wconf 91' lang='lat' dir='ltr'>ed.</span> 
     </span>
     <span class='ocr_line' id='line_1_19' title="bbox 138 1472 861 1511; baseline 0.001 -9"><span class='ocrx_word' id='word_1_106' title='bbox 138 1475 174 1502; x_wconf 94' lang='grc' dir='ltr'>Δ.</span> <span class='ocrx_word' id='word_1_107' title='bbox 190 1476 224 1503; x_wconf 84' lang='grc' dir='ltr'>Σ.</span> <span class='ocrx_word' id='word_1_108' title='bbox 244 1478 287 1502; x_wconf 88' lang='grc' dir='ltr'>Ω.</span> <span class='ocrx_word' id='word_1_109' title='bbox 303 1474 470 1509; x_wconf 73' lang='lat' dir='ltr'>dz&#39;miteere;</span> <span class='ocrx_word' id='word_1_110' title='bbox 495 1472 700 1511; x_wconf 79' lang='lat' dir='ltr'>inscitissime,</span> <span class='ocrx_word' id='word_1_111' title='bbox 724 1479 753 1502; x_wconf 89' lang='lat' dir='ltr'>et</span> <span class='ocrx_word' id='word_1_112' title='bbox 769 1483 861 1503; x_wconf 90' lang='lat' dir='ltr'>sensu</span> 
     </span>
     <span class='ocr_line' id='line_1_20' title="bbox 137 1523 860 1565; baseline 0.003 -12"><span class='ocrx_word' id='word_1_113' title='bbox 137 1523 236 1553; x_wconf 88' lang='lat' dir='ltr'>menti</span> <span class='ocrx_word' id='word_1_114' title='bbox 260 1524 358 1563; x_wconf 74' lang='lat' dir='ltr'>po&#39;etae</span> <span class='ocrx_word' id='word_1_115' title='bbox 381 1523 473 1564; x_wconf 88' lang='lat' dir='ltr'>plane</span> <span class='ocrx_word' id='word_1_116' title='bbox 487 1525 649 1555; x_wconf 88' lang='lat' dir='ltr'>contrario.</span> <span class='ocrx_word' id='word_1_117' title='bbox 695 1524 860 1565; x_wconf 85' lang='lat' dir='ltr'>Virgilius,</span> 
     </span>
     <span class='ocr_line' id='line_1_21' title="bbox 138 1574 337 1606; baseline 0.005 -1"><span class='ocrx_word' id='word_1_118' title='bbox 138 1574 192 1606; x_wconf 89' lang='lat' dir='ltr'>ecl.</span> <span class='ocrx_word' id='word_1_119' title='bbox 209 1575 271 1606; x_wconf 90' lang='lat' dir='ltr'>viii.</span> <span class='ocrx_word' id='word_1_120' title='bbox 286 1579 337 1606; x_wconf 83' lang='lat'>54.</span> 
     </span>
    </p>
   </div>
   <div class='ocr_carea' id='block_1_10' title="bbox 169 1658 839 1691">
    <p class='ocr_par' dir='ltr' id='par_1_11' title="bbox 169 1658 839 1691">
     <span class='ocr_line' id='line_1_22' title="bbox 169 1658 839 1691; baseline -0.001 -7"><span class='ocrx_word' id='word_1_121' title='bbox 169 1658 362 1690; x_wconf 82' lang='lat' dir='ltr'>Hirsutumque</span> <span class='ocrx_word' id='word_1_122' title='bbox 370 1659 553 1691; x_wconf 80' lang='lat' dir='ltr'>supercilium,</span> <span class='ocrx_word' id='word_1_123' title='bbox 562 1659 738 1691; x_wconf 79' lang='lat' dir='ltr'>promissaque</span> <span class='ocrx_word' id='word_1_124' title='bbox 747 1659 839 1683; x_wconf 76' lang='lat' dir='ltr'>barba.-</span> 
     </span>
    </p>
   </div>
   <div class='ocr_carea' id='block_1_11' title="bbox 137 1731 862 1770">
    <p class='ocr_par' dir='ltr' id='par_1_12' title="bbox 137 1731 862 1770">
     <span class='ocr_line' id='line_1_23' title="bbox 137 1731 862 1770; baseline 0 -8"><span class='ocrx_word' id='word_1_125' title='bbox 137 1731 159 1763; x_wconf 92' lang='lat' dir='ltr'>i.</span> <span class='ocrx_word' id='word_1_126' title='bbox 184 1742 210 1763; x_wconf 88' lang='lat' dir='ltr'>e.</span> <span class='ocrx_word' id='word_1_127' title='bbox 232 1734 378 1769; x_wconf 79' lang='lat' dir='ltr'>demissa,-</span> <span class='ocrx_word' id='word_1_128' title='bbox 412 1737 448 1761; x_wconf 84' lang='lat' dir='ltr'>ut</span> <span class='ocrx_word' id='word_1_129' title='bbox 476 1731 606 1762; x_wconf 86' lang='lat' dir='ltr'>Servius.</span> <span class='ocrx_word' id='word_1_130' title='bbox 652 1731 756 1770; x_wconf 89' lang='lat' dir='ltr'>Idem,</span> <span class='ocrx_word' id='word_1_131' title='bbox 788 1732 862 1762; x_wconf 87' lang='lat' dir='ltr'>AEn.</span> 
     </span>
    </p>
   </div>
   <div class='ocr_carea' id='block_1_12' title="bbox 137 1783 513 1816">
    <p class='ocr_par' dir='ltr' id='par_1_13' title="bbox 137 1783 513 1816">
     <span class='ocr_line' id='line_1_24' title="bbox 137 1783 513 1816; baseline 0.003 -3"><span class='ocrx_word' id='word_1_132' title='bbox 137 1783 183 1814; x_wconf 89' lang='lat' dir='ltr'>iii.</span> <span class='ocrx_word' id='word_1_133' title='bbox 201 1787 272 1816; x_wconf 80' lang='lat'><em>593.</em></span> <span class='ocrx_word' id='word_1_134' title='bbox 495 1807 513 1814; x_wconf 53' lang='lat'>.-</span> 
     </span>
    </p>
   </div>
   <div class='ocr_carea' id='block_1_13' title="bbox 170 1872 354 1880">
    <p class='ocr_par' dir='ltr' id='par_1_14' title="bbox 170 1872 354 1880">
     <span class='ocr_line' id='line_1_25' title="bbox 170 1872 354 1880; baseline 0 0"><span class='ocrx_word' id='word_1_135' title='bbox 170 1872 354 1880; x_wconf 95' lang='lat' dir='ltr'> </span> 
     </span>
    </p>
   </div>
   <div class='ocr_carea' id='block_1_14' title="bbox 363 1860 816 1892">
    <p class='ocr_par' dir='ltr' id='par_1_15' title="bbox 363 1860 816 1892">
     <span class='ocr_line' id='line_1_26' title="bbox 363 1860 816 1892; baseline 0.002 -8"><span class='ocrx_word' id='word_1_136' title='bbox 363 1860 426 1884; x_wconf 87' lang='lat' dir='ltr'>Dira</span> <span class='ocrx_word' id='word_1_137' title='bbox 435 1860 549 1890; x_wconf 83' lang='lat' dir='ltr'>illuvies,</span> <span class='ocrx_word' id='word_1_138' title='bbox 559 1860 718 1892; x_wconf 83' lang='lat' dir='ltr'>inmissaque</span> <span class='ocrx_word' id='word_1_139' title='bbox 728 1860 816 1885; x_wconf 78' lang='lat' dir='ltr'>barba.</span> 
     </span>
    </p>
   </div>
   <div class='ocr_carea' id='block_1_15' title="bbox 139 1931 864 2074">
    <p class='ocr_par' dir='ltr' id='par_1_16' title="bbox 139 1931 864 2074">
     <span class='ocr_line' id='line_1_27' title="bbox 141 1931 864 1968; baseline 0.001 -8"><span class='ocrx_word' id='word_1_140' title='bbox 141 1931 250 1968; x_wconf 85' lang='lat' dir='ltr'>Quum</span> <span class='ocrx_word' id='word_1_141' title='bbox 274 1942 346 1962; x_wconf 90' lang='lat' dir='ltr'>vero</span> <span class='ocrx_word' id='word_1_142' title='bbox 362 1931 426 1962; x_wconf 93' lang='lat' dir='ltr'>duo</span> <span class='ocrx_word' id='word_1_143' title='bbox 441 1931 511 1963; x_wconf 85' lang='lat' dir='ltr'>libri</span> <span class='ocrx_word' id='word_1_144' title='bbox 527 1931 603 1962; x_wconf 87' lang='lat' dir='ltr'>dent</span> <span class='ocrx_word' id='word_1_145' title='bbox 621 1934 756 1967; x_wconf 84' lang='lat' dir='ltr'>dimissa,</span> <span class='ocrx_word' id='word_1_146' title='bbox 783 1931 864 1962; x_wconf 89' lang='lat' dir='ltr'>forte</span> 
     </span>
     <span class='ocr_line' id='line_1_28' title="bbox 140 1983 862 2023; baseline 0 -11"><span class='ocrx_word' id='word_1_147' title='bbox 140 1992 182 2012; x_wconf 82' lang='lat' dir='ltr'>an</span> <span class='ocrx_word' id='word_1_148' title='bbox 199 1984 396 2013; x_wconf 83' lang='lat' dir='ltr'>Mantuanus</span> <span class='ocrx_word' id='word_1_149' title='bbox 410 1989 631 2023; x_wconf 85' lang='lat' dir='ltr'>praeceptorem</span> <span class='ocrx_word' id='word_1_150' title='bbox 650 1993 743 2013; x_wconf 89' lang='lat' dir='ltr'>suum</span> <span class='ocrx_word' id='word_1_151' title='bbox 758 1983 862 2013; x_wconf 85' lang='lat' dir='ltr'>hacte-</span> 
     </span>
     <span class='ocr_line' id='line_1_29' title="bbox 139 2033 818 2074; baseline 0.003 -11"><span class='ocrx_word' id='word_1_152' title='bbox 139 2043 201 2063; x_wconf 87' lang='lat' dir='ltr'>nus</span> <span class='ocrx_word' id='word_1_153' title='bbox 215 2033 308 2064; x_wconf 83' lang='lat' dir='ltr'>etiam</span> <span class='ocrx_word' id='word_1_154' title='bbox 325 2035 365 2064; x_wconf 88' lang='lat' dir='ltr'>sit</span> <span class='ocrx_word' id='word_1_155' title='bbox 379 2041 512 2071; x_wconf 52' lang='lat' dir='ltr'>secutus</span> <span class='ocrx_word' id='word_1_156' title='bbox 533 2041 564 2065; x_wconf 89' lang='lat' dir='ltr'>et</span> <span class='ocrx_word' id='word_1_157' title='bbox 577 2035 653 2065; x_wconf 87' lang='lat' dir='ltr'>olim</span> <span class='ocrx_word' id='word_1_158' title='bbox 668 2035 818 2074; x_wconf 78' lang='lat' dir='ltr'>posuerit:</span> 
     </span>
    </p>
   </div>
   <div class='ocr_carea' id='block_1_16' title="bbox 169 2123 354 2132">
    <p class='ocr_par' dir='ltr' id='par_1_17' title="bbox 169 2123 354 2132">
     <span class='ocr_line' id='line_1_30' title="bbox 169 2123 354 2132; baseline 0 0"><span class='ocrx_word' id='word_1_159' title='bbox 169 2123 354 2132; x_wconf 95' lang='lat' dir='ltr'> </span> 
     </span>
    </p>
   </div>
   <div class='ocr_carea' id='block_1_17' title="bbox 364 2111 821 2143">
    <p class='ocr_par' dir='ltr' id='par_1_18' title="bbox 364 2111 821 2143">
     <span class='ocr_line' id='line_1_31' title="bbox 364 2111 821 2143; baseline 0 -7"><span class='ocrx_word' id='word_1_160' title='bbox 364 2112 427 2136; x_wconf 90' lang='lat' dir='ltr'>Dira</span> <span class='ocrx_word' id='word_1_161' title='bbox 438 2111 551 2142; x_wconf 84' lang='lat' dir='ltr'>illuvies,</span> <span class='ocrx_word' id='word_1_162' title='bbox 562 2111 722 2143; x_wconf 76' lang='lat' dir='ltr'>demissaque</span> <span class='ocrx_word' id='word_1_163' title='bbox 732 2111 821 2136; x_wconf 84' lang='lat' dir='ltr'>barba.</span> 
     </span>
    </p>
   </div>
   <div class='ocr_carea' id='block_1_18' title="bbox 137 2175 867 2525">
    <p class='ocr_par' dir='ltr' id='par_1_19' title="bbox 137 2175 867 2525">
     <span class='ocr_line' id='line_1_32' title="bbox 144 2175 865 2216; baseline -0.001 -9"><span class='ocrx_word' id='word_1_164' title='bbox 144 2175 204 2207; x_wconf 88' lang='lat' dir='ltr'>Sed</span> <span class='ocrx_word' id='word_1_165' title='bbox 218 2177 305 2207; x_wconf 87' lang='lat' dir='ltr'>enim</span> <span class='ocrx_word' id='word_1_166' title='bbox 322 2187 403 2216; x_wconf 86' lang='lat' dir='ltr'>pene</span> <span class='ocrx_word' id='word_1_167' title='bbox 416 2177 532 2208; x_wconf 91' lang='lat' dir='ltr'>oblitus</span> <span class='ocrx_word' id='word_1_168' title='bbox 546 2188 632 2208; x_wconf 88' lang='lat' dir='ltr'>eram</span> <span class='ocrx_word' id='word_1_169' title='bbox 649 2177 780 2208; x_wconf 86' lang='lat' dir='ltr'>lectores</span> <span class='ocrx_word' id='word_1_170' title='bbox 794 2178 865 2207; x_wconf 88' lang='lat' dir='ltr'>hor-</span> 
     </span>
     <span class='ocr_line' id='line_1_33' title="bbox 141 2227 864 2265; baseline 0.001 -8"><span class='ocrx_word' id='word_1_171' title='bbox 141 2227 211 2265; x_wconf 87' lang='lat' dir='ltr'>tari,</span> <span class='ocrx_word' id='word_1_172' title='bbox 238 2234 274 2257; x_wconf 89' lang='lat' dir='ltr'>ut</span> <span class='ocrx_word' id='word_1_173' title='bbox 289 2229 432 2258; x_wconf 89' lang='lat' dir='ltr'>animum</span> <span class='ocrx_word' id='word_1_174' title='bbox 447 2228 607 2259; x_wconf 82' lang='lat' dir='ltr'>advertant</span> <span class='ocrx_word' id='word_1_175' title='bbox 621 2229 790 2259; x_wconf 86' lang='lat' dir='ltr'>artificium</span> <span class='ocrx_word' id='word_1_176' title='bbox 805 2230 864 2258; x_wconf 92' lang='lat' dir='ltr'>hu-</span> 
     </span>
     <span class='ocr_line' id='line_1_34' title="bbox 137 2278 866 2318; baseline 0.001 -10"><span class='ocrx_word' id='word_1_177' title='bbox 137 2278 227 2318; x_wconf 86' lang='lat' dir='ltr'>jusce</span> <span class='ocrx_word' id='word_1_178' title='bbox 251 2279 312 2309; x_wconf 87' lang='lat' dir='ltr'>loci</span> <span class='ocrx_word' id='word_1_179' title='bbox 339 2280 697 2310; x_wconf 87' lang='lat' dir='ltr'>consummatissimum:</span> <span class='ocrx_word' id='word_1_180' title='bbox 723 2279 866 2310; x_wconf 85' lang='lat' dir='ltr'>suavissi-</span> 
     </span>
     <span class='ocr_line' id='line_1_35' title="bbox 142 2330 867 2368; baseline 0.001 -9"><span class='ocrx_word' id='word_1_181' title='bbox 142 2340 229 2360; x_wconf 90' lang='lat' dir='ltr'>mam</span> <span class='ocrx_word' id='word_1_182' title='bbox 255 2330 371 2361; x_wconf 85' lang='lat' dir='ltr'>scilicet</span> <span class='ocrx_word' id='word_1_183' title='bbox 396 2331 531 2362; x_wconf 88' lang='lat' dir='ltr'>duarum</span> <span class='ocrx_word' id='word_1_184' title='bbox 559 2331 733 2361; x_wconf 89' lang='lat' dir='ltr'>dictionum</span> <span class='ocrx_word' id='word_1_185' title='bbox 757 2332 867 2368; x_wconf 84' lang='lat' dir='ltr'>repeti-</span> 
     </span>
     <span class='ocr_line' id='line_1_36' title="bbox 143 2382 866 2423; baseline 0.001 -12"><span class='ocrx_word' id='word_1_186' title='bbox 143 2382 273 2419; x_wconf 86' lang='lat' dir='ltr'>tionem,</span> <span class='ocrx_word' id='word_1_187' title='bbox 297 2392 370 2413; x_wconf 91' lang='lat' dir='ltr'>cum</span> <span class='ocrx_word' id='word_1_188' title='bbox 385 2383 554 2423; x_wconf 70' lang='lat' dir='ltr'>omnigena</span> <span class='ocrx_word' id='word_1_189' title='bbox 574 2383 767 2422; x_wconf 71' lang='lat' dir='ltr'>poeticarum</span> <span class='ocrx_word' id='word_1_190' title='bbox 790 2393 866 2422; x_wconf 90' lang='lat' dir='ltr'>pau-</span> 
     </span>
     <span class='ocr_line' id='line_1_37' title="bbox 143 2433 867 2474; baseline 0.003 -12"><span class='ocrx_word' id='word_1_191' title='bbox 143 2443 250 2463; x_wconf 84' lang='lat' dir='ltr'>sarum</span> <span class='ocrx_word' id='word_1_192' title='bbox 264 2433 427 2471; x_wconf 82' lang='lat' dir='ltr'>varietate3</span> <span class='ocrx_word' id='word_1_193' title='bbox 448 2433 574 2474; x_wconf 87' lang='lat' dir='ltr'>qualem</span> <span class='ocrx_word' id='word_1_194' title='bbox 589 2433 704 2464; x_wconf 83' lang='lat' dir='ltr'>frustra</span> <span class='ocrx_word' id='word_1_195' title='bbox 729 2434 867 2465; x_wconf 87' lang='lat' dir='ltr'>fortassis</span> 
     </span>
     <span class='ocr_line' id='line_1_38' title="bbox 144 2483 420 2525; baseline -0.004 -11"><span class='ocrx_word' id='word_1_196' title='bbox 144 2483 217 2514; x_wconf 90' lang='lat' dir='ltr'>alibi</span> <span class='ocrx_word' id='word_1_197' title='bbox 232 2484 420 2525; x_wconf 78' lang='lat' dir='ltr'>quaesiveris:</span> 
     </span>
    </p>
   </div>
   <div class='ocr_carea' id='block_1_19' title="bbox 173 2583 266 2590">
    <p class='ocr_par' dir='ltr' id='par_1_20' title="bbox 173 2583 266 2590">
     <span class='ocr_line' id='line_1_39' title="bbox 173 2583 266 2590; baseline 0 0"><span class='ocrx_word' id='word_1_198' title='bbox 173 2583 266 2590; x_wconf 95' lang='lat' dir='ltr'> </span> 
     </span>
    </p>
   </div>
   <div class='ocr_carea' id='block_1_20' title="bbox 173 2569 868 2800">
    <p class='ocr_par' dir='ltr' id='par_1_21' title="bbox 173 2569 868 2800">
     <span class='ocr_line' id='line_1_40' title="bbox 193 2569 868 2603; baseline 0 -9"><span class='ocrx_word' id='word_1_199' title='bbox 193 2601 195 2603; x_wconf 26' lang='grc' dir='ltr'>Ι</span> <span class='ocrx_word' id='word_1_200' title='bbox 277 2570 349 2601; x_wconf 91' lang='lat' dir='ltr'>quod</span> <span class='ocrx_word' id='word_1_201' title='bbox 360 2570 420 2594; x_wconf 83' lang='lat' dir='ltr'>haec</span> <span class='ocrx_word' id='word_1_202' title='bbox 432 2569 498 2601; x_wconf 83' lang='lat' dir='ltr'>ignis</span> <span class='ocrx_word' id='word_1_203' title='bbox 509 2572 566 2594; x_wconf 84' lang='lat' dir='ltr'>tam</span> <span class='ocrx_word' id='word_1_204' title='bbox 578 2573 642 2594; x_wconf 83' lang='lat' dir='ltr'>certo</span> <span class='ocrx_word' id='word_1_205' title='bbox 653 2573 759 2602; x_wconf 81' lang='lat' dir='ltr'>tempore</span> <span class='ocrx_word' id='word_1_206' title='bbox 768 2570 868 2602; x_wconf 82' lang='lat' dir='ltr'>possint</span> 
     </span>
     <span class='ocr_line' id='line_1_41' title="bbox 174 2610 815 2642; baseline 0 -7"><span class='ocrx_word' id='word_1_207' title='bbox 174 2610 281 2636; x_wconf 82' lang='lat' dir='ltr'>semina</span> <span class='ocrx_word' id='word_1_208' title='bbox 291 2610 439 2640; x_wconf 84' lang='lat' dir='ltr'>confluere,</span> <span class='ocrx_word' id='word_1_209' title='bbox 449 2614 476 2635; x_wconf 87' lang='lat' dir='ltr'>et</span> <span class='ocrx_word' id='word_1_210' title='bbox 487 2610 546 2634; x_wconf 82' lang='lat' dir='ltr'>solis</span> <span class='ocrx_word' id='word_1_211' title='bbox 558 2618 679 2642; x_wconf 87' lang='lat' dir='ltr'>reparare</span> <span class='ocrx_word' id='word_1_212' title='bbox 689 2612 815 2636; x_wconf 86' lang='lat' dir='ltr'>nitorem.</span> 
     </span>
     <span class='ocr_line' id='line_1_42' title="bbox 174 2649 838 2682; baseline 0.002 -8"><span class='ocrx_word' id='word_1_213' title='bbox 174 2649 260 2674; x_wconf 83' lang='lat' dir='ltr'>Multa</span> <span class='ocrx_word' id='word_1_214' title='bbox 272 2649 394 2674; x_wconf 86' lang='lat' dir='ltr'>videmus</span> <span class='ocrx_word' id='word_1_215' title='bbox 404 2649 488 2679; x_wconf 89' lang='lat' dir='ltr'>enim,</span> <span class='ocrx_word' id='word_1_216' title='bbox 499 2653 563 2674; x_wconf 80' lang='lat' dir='ltr'>certo</span> <span class='ocrx_word' id='word_1_217' title='bbox 574 2656 637 2681; x_wconf 79' lang='lat' dir='ltr'>quae</span> <span class='ocrx_word' id='word_1_218' title='bbox 650 2654 758 2682; x_wconf 83' lang='lat' dir='ltr'>tempore</span> <span class='ocrx_word' id='word_1_219' title='bbox 768 2650 838 2675; x_wconf 85' lang='lat' dir='ltr'>fiunt</span> 
     </span>
     <span class='ocr_line' id='line_1_43' title="bbox 173 2688 801 2722; baseline 0.003 -10"><span class='ocrx_word' id='word_1_220' title='bbox 173 2689 305 2713; x_wconf 80' lang='lat' dir='ltr'>Omnibus</span> <span class='ocrx_word' id='word_1_221' title='bbox 317 2688 343 2712; x_wconf 89' lang='lat' dir='ltr'>in</span> <span class='ocrx_word' id='word_1_222' title='bbox 354 2689 448 2719; x_wconf 89' lang='lat' dir='ltr'>rebus;</span> <span class='ocrx_word' id='word_1_223' title='bbox 466 2688 610 2714; x_wconf 83' lang='lat' dir='ltr'>florescunt</span> <span class='ocrx_word' id='word_1_224' title='bbox 620 2693 727 2722; x_wconf 79' lang='lat' dir='ltr'>tempore</span> <span class='ocrx_word' id='word_1_225' title='bbox 737 2693 801 2714; x_wconf 84' lang='lat' dir='ltr'>certo</span> 
     </span>
     <span class='ocr_line' id='line_1_44' title="bbox 174 2728 805 2760; baseline 0 -7"><span class='ocrx_word' id='word_1_226' title='bbox 174 2728 300 2758; x_wconf 80' lang='lat' dir='ltr'>Arbusta,</span> <span class='ocrx_word' id='word_1_227' title='bbox 312 2731 339 2752; x_wconf 89' lang='lat' dir='ltr'>et</span> <span class='ocrx_word' id='word_1_228' title='bbox 351 2731 415 2752; x_wconf 78' lang='lat' dir='ltr'>certo</span> <span class='ocrx_word' id='word_1_229' title='bbox 426 2728 567 2753; x_wconf 87' lang='lat' dir='ltr'>dimittunt</span> <span class='ocrx_word' id='word_1_230' title='bbox 579 2731 684 2760; x_wconf 78' lang='lat' dir='ltr'>tempore</span> <span class='ocrx_word' id='word_1_231' title='bbox 696 2728 805 2754; x_wconf 83' lang='lat' dir='ltr'>florem:</span> 
     </span>
     <span class='ocr_line' id='line_1_45' title="bbox 175 2768 855 2800; baseline 0 -7"><span class='ocrx_word' id='word_1_232' title='bbox 175 2768 230 2793; x_wconf 87' lang='lat' dir='ltr'>Nec</span> <span class='ocrx_word' id='word_1_233' title='bbox 240 2769 329 2792; x_wconf 85' lang='lat' dir='ltr'>minus</span> <span class='ocrx_word' id='word_1_234' title='bbox 340 2768 367 2792; x_wconf 89' lang='lat' dir='ltr'>in</span> <span class='ocrx_word' id='word_1_235' title='bbox 379 2770 443 2792; x_wconf 86' lang='lat' dir='ltr'>certo</span> <span class='ocrx_word' id='word_1_236' title='bbox 454 2768 556 2792; x_wconf 72' lang='lat' dir='ltr'>denteis</span> <span class='ocrx_word' id='word_1_237' title='bbox 567 2768 662 2792; x_wconf 79' lang='lat' dir='ltr'>cadere</span> <span class='ocrx_word' id='word_1_238' title='bbox 673 2769 776 2800; x_wconf 86' lang='lat' dir='ltr'>inperat</span> <span class='ocrx_word' id='word_1_239' title='bbox 787 2772 855 2793; x_wconf 78' lang='lat' dir='ltr'>aetas</span> 
     </span>
    </p>
   </div>
   <div class='ocr_carea' id='block_1_21' title="bbox 168 2811 853 2843">
    <p class='ocr_par' dir='ltr' id='par_1_22' title="bbox 168 2811 853 2843">
     <span class='ocr_line' id='line_1_46' title="bbox 168 2811 853 2843; baseline 0.003 -8"><span class='ocrx_word' id='word_1_240' title='bbox 168 2818 182 2835; x_wconf 85' lang='lat' dir='ltr'>e</span> <span class='ocrx_word' id='word_1_241' title='bbox 209 2814 303 2843; x_wconf 82' lang='lat' dir='ltr'>mpore‚</span> <span class='ocrx_word' id='word_1_242' title='bbox 313 2815 342 2836; x_wconf 81' lang='lat' dir='ltr'>et</span> <span class='ocrx_word' id='word_1_243' title='bbox 358 2812 487 2843; x_wconf 88' lang='lat' dir='ltr'>inpubem</span> <span class='ocrx_word' id='word_1_244' title='bbox 500 2811 575 2835; x_wconf 86' lang='lat' dir='ltr'>molli</span> <span class='ocrx_word' id='word_1_245' title='bbox 584 2811 728 2842; x_wconf 85' lang='lat' dir='ltr'>pubescere</span> <span class='ocrx_word' id='word_1_246' title='bbox 739 2815 853 2837; x_wconf 80' lang='lat' dir='ltr'>veste—-</span> 
     </span>
    </p>
   </div>
   <div class='ocr_carea' id='block_1_22' title="bbox 145 2885 871 2967">
    <p class='ocr_par' dir='ltr' id='par_1_23' title="bbox 145 2885 871 2967">
     <span class='ocr_line' id='line_1_47' title="bbox 187 2885 871 2920; baseline 0.006 -5"><span class='ocrx_word' id='word_1_247' title='bbox 187 2885 262 2917; x_wconf 88' lang='lat' dir='ltr'>Ver.</span> <span class='ocrx_word' id='word_1_248' title='bbox 279 2889 351 2918; x_wconf 77' lang='grc'><strong>674.</strong></span> <span class='ocrx_word' id='word_1_249' title='bbox 368 2888 535 2919; x_wconf 75' lang='lat' dir='ltr'>Fulmina:</span> <span class='ocrx_word' id='word_1_250' title='bbox 554 2887 597 2917; x_wconf 83' lang='lat' dir='ltr'>V.</span> <span class='ocrx_word' id='word_1_251' title='bbox 615 2886 661 2917; x_wconf 89' lang='lat' dir='ltr'>ed.</span> <span class='ocrx_word' id='word_1_252' title='bbox 676 2893 715 2918; x_wconf 86' lang='grc' dir='ltr'>Π.</span> <span class='ocrx_word' id='word_1_253' title='bbox 731 2893 775 2919; x_wconf 82' lang='grc' dir='ltr'>Ω.</span> <span class='ocrx_word' id='word_1_254' title='bbox 791 2889 871 2920; x_wconf 80' lang='lat' dir='ltr'>Flu-</span> 
     </span>
     <span class='ocr_line' id='line_1_48' title="bbox 145 2946 236 2967; baseline 0.033 -3"><span class='ocrx_word' id='word_1_255' title='bbox 145 2946 236 2967; x_wconf 67' lang='grc' dir='ltr'><em>’ἾΠΠΠ-</em></span> 
     </span>
    </p>
   </div>
   <div class='ocr_carea' id='block_1_23' title="bbox 904 700 1630 1205">
    <p class='ocr_par' dir='ltr' id='par_1_24' title="bbox 904 700 1630 1205">
     <span class='ocr_line' id='line_1_49' title="bbox 950 700 1628 732; baseline 0.001 -1"><span class='ocrx_word' id='word_1_256' title='bbox 950 700 1021 731; x_wconf 87' lang='lat' dir='ltr'>Ver.</span> <span class='ocrx_word' id='word_1_257' title='bbox 1051 703 1124 732; x_wconf 84' lang='lat'>675.</span> <span class='ocrx_word' id='word_1_258' title='bbox 1157 701 1231 732; x_wconf 75' lang='lat' dir='ltr'>IVon</span> <span class='ocrx_word' id='word_1_259' title='bbox 1261 702 1354 731; x_wconf 82' lang='lat' dir='ltr'>nimis</span> <span class='ocrx_word' id='word_1_260' title='bbox 1383 702 1524 732; x_wconf 77' lang='lat' dir='ltr'>incertis:</span> <span class='ocrx_word' id='word_1_261' title='bbox 1558 701 1577 731; x_wconf 90' lang='lat' dir='ltr'>i.</span> <span class='ocrx_word' id='word_1_262' title='bbox 1600 711 1628 732; x_wconf 81' lang='lat' dir='ltr'>e.</span> 
     </span>
     <span class='ocr_line' id='line_1_50' title="bbox 907 752 1626 791; baseline 0 -9"><span class='ocrx_word' id='word_1_263' title='bbox 907 755 929 770; x_wconf 92' lang='lat'>“</span> <span class='ocrx_word' id='word_1_264' title='bbox 945 762 1009 782; x_wconf 93' lang='lat' dir='ltr'>non</span> <span class='ocrx_word' id='word_1_265' title='bbox 1024 752 1113 783; x_wconf 82' lang='lat' dir='ltr'>valde</span> <span class='ocrx_word' id='word_1_266' title='bbox 1127 759 1200 783; x_wconf 86' lang='lat' dir='ltr'>sunt</span> <span class='ocrx_word' id='word_1_267' title='bbox 1215 752 1331 782; x_wconf 88' lang='lat' dir='ltr'>incerta</span> <span class='ocrx_word' id='word_1_268' title='bbox 1348 753 1544 791; x_wconf 83' lang='lat' dir='ltr'>temporibus,</span> <span class='ocrx_word' id='word_1_269' title='bbox 1568 762 1626 782; x_wconf 87' lang='lat' dir='ltr'>nec</span> 
     </span>
     <span class='ocr_line' id='line_1_51' title="bbox 907 805 1627 845; baseline -0.001 -11"><span class='ocrx_word' id='word_1_270' title='bbox 907 806 929 821; x_wconf 75' lang='lat'>‘²</span> <span class='ocrx_word' id='word_1_271' title='bbox 947 809 1051 834; x_wconf 89' lang='lat' dir='ltr'>tamen</span> <span class='ocrx_word' id='word_1_272' title='bbox 1077 815 1164 845; x_wconf 85' lang='lat' dir='ltr'>aeque</span> <span class='ocrx_word' id='word_1_273' title='bbox 1180 810 1275 841; x_wconf 86' lang='lat' dir='ltr'>certa,</span> <span class='ocrx_word' id='word_1_274' title='bbox 1301 813 1337 834; x_wconf 91' lang='lat' dir='ltr'>ac</span> <span class='ocrx_word' id='word_1_275' title='bbox 1352 814 1400 833; x_wconf 89' lang='lat' dir='ltr'>res</span> <span class='ocrx_word' id='word_1_276' title='bbox 1415 805 1522 843; x_wconf 82' lang='lat' dir='ltr'>positae</span> <span class='ocrx_word' id='word_1_277' title='bbox 1537 814 1627 842; x_wconf 83' lang='lat' dir='ltr'>supe-</span> 
     </span>
     <span class='ocr_line' id='line_1_52' title="bbox 907 855 1628 894; baseline 0 -9"><span class='ocrx_word' id='word_1_278' title='bbox 907 858 929 873; x_wconf 90' lang='lat'><strong>“</strong></span> <span class='ocrx_word' id='word_1_279' title='bbox 948 855 1122 886; x_wconf 81' lang='lat' dir='ltr'>rius:&#39;&#39;—“</span> <span class='ocrx_word' id='word_1_280' title='bbox 1139 866 1202 886; x_wconf 89' lang='lat' dir='ltr'>non</span> <span class='ocrx_word' id='word_1_281' title='bbox 1219 865 1339 894; x_wconf 85' lang='lat' dir='ltr'>semper</span> <span class='ocrx_word' id='word_1_282' title='bbox 1355 855 1502 885; x_wconf 82' lang='lat' dir='ltr'>eveniunt</span> <span class='ocrx_word' id='word_1_283' title='bbox 1517 855 1628 885; x_wconf 83' lang='lat' dir='ltr'>eodem</span> 
     </span>
     <span class='ocr_line' id='line_1_53' title="bbox 907 906 1629 947; baseline -0.001 -10"><span class='ocrx_word' id='word_1_284' title='bbox 907 910 929 925; x_wconf 90' lang='lat'>“</span> <span class='ocrx_word' id='word_1_285' title='bbox 945 917 1069 946; x_wconf 86' lang='lat' dir='ltr'>prorsus</span> <span class='ocrx_word' id='word_1_286' title='bbox 1083 914 1234 947; x_wconf 87' lang='lat' dir='ltr'>tempore,</span> <span class='ocrx_word' id='word_1_287' title='bbox 1250 917 1307 937; x_wconf 88' lang='lat' dir='ltr'>nec</span> <span class='ocrx_word' id='word_1_288' title='bbox 1322 906 1492 937; x_wconf 88' lang='lat' dir='ltr'>admodum</span> <span class='ocrx_word' id='word_1_289' title='bbox 1508 906 1629 937; x_wconf 86' lang='lat' dir='ltr'>diverso</span> 
     </span>
     <span class='ocr_line' id='line_1_54' title="bbox 906 959 1630 994; baseline -0.001 -5"><span class='ocrx_word' id='word_1_290' title='bbox 906 962 928 977; x_wconf 94' lang='lat'><strong>“</strong></span> <span class='ocrx_word' id='word_1_291' title='bbox 945 959 1081 989; x_wconf 75' lang='lat' dir='ltr'>tame11.”</span> <span class='ocrx_word' id='word_1_292' title='bbox 1128 961 1196 990; x_wconf 58' lang='lat' dir='ltr'>Nix</span> <span class='ocrx_word' id='word_1_293' title='bbox 1223 959 1316 994; x_wconf 87' lang='lat' dir='ltr'>enim,</span> <span class='ocrx_word' id='word_1_294' title='bbox 1344 965 1375 988; x_wconf 82' lang='lat' dir='ltr'>et</span> <span class='ocrx_word' id='word_1_295' title='bbox 1399 960 1515 994; x_wconf 77' lang='lat' dir='ltr'>imbres,</span> <span class='ocrx_word' id='word_1_296' title='bbox 1542 964 1630 988; x_wconf 84' lang='lat' dir='ltr'>extra</span> 
     </span>
     <span class='ocr_line' id='line_1_55' title="bbox 904 1010 1629 1051; baseline -0.001 -11"><span class='ocrx_word' id='word_1_297' title='bbox 904 1011 1058 1049; x_wconf 84' lang='lat' dir='ltr'>ordinem,</span> <span class='ocrx_word' id='word_1_298' title='bbox 1088 1011 1250 1051; x_wconf 86' lang='lat' dir='ltr'>aliquoties</span> <span class='ocrx_word' id='word_1_299' title='bbox 1270 1017 1373 1041; x_wconf 82' lang='lat' dir='ltr'>aestate</span> <span class='ocrx_word' id='word_1_300' title='bbox 1396 1010 1491 1048; x_wconf 79' lang='lat' dir='ltr'>fiunt3</span> <span class='ocrx_word' id='word_1_301' title='bbox 1514 1016 1545 1040; x_wconf 86' lang='lat' dir='ltr'>et</span> <span class='ocrx_word' id='word_1_302' title='bbox 1556 1010 1629 1050; x_wconf 66' lang='lat' dir='ltr'>fial-</span> 
     </span>
     <span class='ocr_line' id='line_1_56' title="bbox 904 1061 1628 1102; baseline -0.004 -9"><span class='ocrx_word' id='word_1_303' title='bbox 904 1064 989 1093; x_wconf 79' lang='lat' dir='ltr'>mina</span> <span class='ocrx_word' id='word_1_304' title='bbox 1006 1072 1112 1091; x_wconf 84' lang='lat' dir='ltr'>rursus</span> <span class='ocrx_word' id='word_1_305' title='bbox 1131 1072 1185 1101; x_wconf 88' lang='lat' dir='ltr'>per</span> <span class='ocrx_word' id='word_1_306' title='bbox 1209 1064 1352 1102; x_wconf 73' lang='lat' dir='ltr'>hyemem.</span> <span class='ocrx_word' id='word_1_307' title='bbox 1399 1062 1432 1090; x_wconf 91' lang='lat' dir='ltr'>Si</span> <span class='ocrx_word' id='word_1_308' title='bbox 1456 1061 1532 1101; x_wconf 90' lang='lat' dir='ltr'>quid</span> <span class='ocrx_word' id='word_1_309' title='bbox 1557 1071 1628 1090; x_wconf 91' lang='lat' dir='ltr'>mu-</span> 
     </span>
     <span class='ocr_line' id='line_1_57' title="bbox 904 1113 1628 1149; baseline -0.003 -5"><span class='ocrx_word' id='word_1_310' title='bbox 904 1114 1037 1145; x_wconf 85' lang='lat' dir='ltr'>tandum</span> <span class='ocrx_word' id='word_1_311' title='bbox 1049 1114 1138 1149; x_wconf 87' lang='lat' dir='ltr'>foret,</span> <span class='ocrx_word' id='word_1_312' title='bbox 1148 1114 1269 1144; x_wconf 86' lang='lat' dir='ltr'>minore</span> <span class='ocrx_word' id='word_1_313' title='bbox 1278 1123 1351 1143; x_wconf 91' lang='lat' dir='ltr'>cum</span> <span class='ocrx_word' id='word_1_314' title='bbox 1361 1113 1522 1143; x_wconf 86' lang='lat' dir='ltr'>literarum</span> <span class='ocrx_word' id='word_1_315' title='bbox 1530 1113 1628 1143; x_wconf 84' lang='lat' dir='ltr'>varia-</span> 
     </span>
     <span class='ocr_line' id='line_1_58' title="bbox 904 1165 1319 1205; baseline -0.002 -9"><span class='ocrx_word' id='word_1_316' title='bbox 904 1166 989 1196; x_wconf 84' lang='lat' dir='ltr'>tione</span> <span class='ocrx_word' id='word_1_317' title='bbox 1002 1172 1124 1205; x_wconf 87' lang='lat' dir='ltr'>poteras</span> <span class='ocrx_word' id='word_1_318' title='bbox 1139 1165 1319 1195; x_wconf 85' lang='lat' dir='ltr'>rescribere:</span> 
     </span>
    </p>
   </div>
   <div class='ocr_carea' id='block_1_24' title="bbox 951 1237 1564 1269">
    <p class='ocr_par' dir='ltr' id='par_1_25' title="bbox 951 1237 1564 1269">
     <span class='ocr_line' id='line_1_59' title="bbox 951 1237 1564 1269; baseline -0.003 -5"><span class='ocrx_word' id='word_1_319' title='bbox 951 1240 1010 1264; x_wconf 82' lang='lat' dir='ltr'>Non</span> <span class='ocrx_word' id='word_1_320' title='bbox 1020 1239 1105 1264; x_wconf 75' lang='lat' dir='ltr'>minus</span> <span class='ocrx_word' id='word_1_321' title='bbox 1115 1239 1140 1264; x_wconf 83' lang='lat' dir='ltr'>hi</span> <span class='ocrx_word' id='word_1_322' title='bbox 1151 1239 1230 1264; x_wconf 85' lang='lat' dir='ltr'>certis</span> <span class='ocrx_word' id='word_1_323' title='bbox 1240 1238 1310 1263; x_wconf 84' lang='lat' dir='ltr'>fiunt</span> <span class='ocrx_word' id='word_1_324' title='bbox 1323 1238 1350 1262; x_wconf 89' lang='lat' dir='ltr'>in</span> <span class='ocrx_word' id='word_1_325' title='bbox 1361 1238 1480 1269; x_wconf 87' lang='lat' dir='ltr'>partibus</span> <span class='ocrx_word' id='word_1_326' title='bbox 1491 1237 1564 1262; x_wconf 87' lang='lat' dir='ltr'>anni.</span> 
     </span>
    </p>
   </div>
   <div class='ocr_carea' id='block_1_25' title="bbox 899 1301 1636 2126">
    <p class='ocr_par' dir='ltr' id='par_1_26' title="bbox 904 1301 1636 2004">
     <span class='ocr_line' id='line_1_60' title="bbox 908 1301 1631 1340; baseline -0.004 -6"><span class='ocrx_word' id='word_1_327' title='bbox 908 1303 968 1334; x_wconf 88' lang='lat' dir='ltr'>Sed</span> <span class='ocrx_word' id='word_1_328' title='bbox 981 1314 1064 1334; x_wconf 91' lang='lat' dir='ltr'>anne</span> <span class='ocrx_word' id='word_1_329' title='bbox 1077 1304 1136 1333; x_wconf 90' lang='lat' dir='ltr'>hoc</span> <span class='ocrx_word' id='word_1_330' title='bbox 1151 1313 1252 1334; x_wconf 76' lang='lat' dir='ltr'>verum</span> <span class='ocrx_word' id='word_1_331' title='bbox 1275 1301 1402 1332; x_wconf 89' lang='lat' dir='ltr'>fuisset?</span> <span class='ocrx_word' id='word_1_332' title='bbox 1428 1302 1470 1331; x_wconf 88' lang='lat' dir='ltr'>Et</span> <span class='ocrx_word' id='word_1_333' title='bbox 1492 1301 1631 1340; x_wconf 86' lang='lat' dir='ltr'>profecto</span> 
     </span>
     <span class='ocr_line' id='line_1_61' title="bbox 904 1353 1630 1395; baseline -0.003 -10"><span class='ocrx_word' id='word_1_334' title='bbox 904 1355 989 1385; x_wconf 89' lang='lat' dir='ltr'>haud</span> <span class='ocrx_word' id='word_1_335' title='bbox 1004 1355 1137 1395; x_wconf 87' lang='lat' dir='ltr'>potuerit</span> <span class='ocrx_word' id='word_1_336' title='bbox 1159 1361 1263 1384; x_wconf 86' lang='lat' dir='ltr'>noster</span> <span class='ocrx_word' id='word_1_337' title='bbox 1287 1360 1426 1384; x_wconf 91' lang='lat' dir='ltr'>mentem</span> <span class='ocrx_word' id='word_1_338' title='bbox 1452 1363 1543 1383; x_wconf 88' lang='lat' dir='ltr'>suam</span> <span class='ocrx_word' id='word_1_339' title='bbox 1559 1353 1630 1392; x_wconf 90' lang='lat' dir='ltr'>pul-</span> 
     </span>
     <span class='ocr_line' id='line_1_62' title="bbox 904 1404 1630 1447; baseline -0.004 -10"><span class='ocrx_word' id='word_1_340' title='bbox 904 1407 1008 1437; x_wconf 85' lang='lat' dir='ltr'>chrius</span> <span class='ocrx_word' id='word_1_341' title='bbox 1034 1413 1126 1447; x_wconf 80' lang='lat' dir='ltr'>atque</span> <span class='ocrx_word' id='word_1_342' title='bbox 1148 1405 1325 1436; x_wconf 86' lang='lat' dir='ltr'>distinctius</span> <span class='ocrx_word' id='word_1_343' title='bbox 1350 1404 1524 1435; x_wconf 84' lang='lat' dir='ltr'>declarare:</span> <span class='ocrx_word' id='word_1_344' title='bbox 1554 1405 1630 1435; x_wconf 80' lang='lat' dir='ltr'>Pius</span> 
     </span>
     <span class='ocr_line' id='line_1_63' title="bbox 906 1457 1632 1491; baseline -0.004 -3"><span class='ocrx_word' id='word_1_345' title='bbox 906 1464 1010 1488; x_wconf 84' lang='lat' dir='ltr'>tamen</span> <span class='ocrx_word' id='word_1_346' title='bbox 1027 1459 1119 1488; x_wconf 85' lang='lat' dir='ltr'>habet</span> <span class='ocrx_word' id='word_1_347' title='bbox 1133 1468 1206 1488; x_wconf 88' lang='lat' dir='ltr'>cum</span> <span class='ocrx_word' id='word_1_348' title='bbox 1224 1457 1263 1487; x_wconf 92' lang='lat' dir='ltr'>O.</span> <span class='ocrx_word' id='word_1_349' title='bbox 1287 1458 1361 1487; x_wconf 81' lang='lat' dir='ltr'>N&#39;on</span> <span class='ocrx_word' id='word_1_350' title='bbox 1376 1458 1478 1486; x_wconf 76' lang='lat' dir='ltr'>minus</span> <span class='ocrx_word' id='word_1_351' title='bbox 1493 1457 1632 1491; x_wconf 82' lang='lat' dir='ltr'>incertis,-</span> 
     </span>
     <span class='ocr_line' id='line_1_64' title="bbox 905 1506 1632 1542; baseline -0.006 -2"><span class='ocrx_word' id='word_1_352' title='bbox 905 1509 1120 1540; x_wconf 85' lang='lat' dir='ltr'>insulsissime.</span> <span class='ocrx_word' id='word_1_353' title='bbox 1175 1510 1275 1539; x_wconf 84' lang='lat' dir='ltr'>Faber</span> <span class='ocrx_word' id='word_1_354' title='bbox 1311 1508 1509 1538; x_wconf 86' lang='lat' dir='ltr'>scribendum</span> <span class='ocrx_word' id='word_1_355' title='bbox 1546 1506 1632 1542; x_wconf 83' lang='lat' dir='ltr'>dicit,</span> 
     </span>
     <span class='ocr_line' id='line_1_65' title="bbox 907 1559 1632 1600; baseline -0.007 -8"><span class='ocrx_word' id='word_1_356' title='bbox 907 1563 982 1592; x_wconf 85' lang='lat' dir='ltr'>Non</span> <span class='ocrx_word' id='word_1_357' title='bbox 998 1565 1100 1592; x_wconf 79' lang='lat' dir='ltr'>minus</span> <span class='ocrx_word' id='word_1_358' title='bbox 1115 1564 1179 1592; x_wconf 76' lang='lat' dir='ltr'>lzaec</span> <span class='ocrx_word' id='word_1_359' title='bbox 1194 1563 1300 1596; x_wconf 54' lang='grc' dir='ltr'>εστ-[ἰὴ</span> <span class='ocrx_word' id='word_1_360' title='bbox 1324 1570 1412 1600; x_wconf 89' lang='lat' dir='ltr'>aeque</span> <span class='ocrx_word' id='word_1_361' title='bbox 1428 1559 1519 1595; x_wconf 85' lang='lat' dir='ltr'>male,</span> <span class='ocrx_word' id='word_1_362' title='bbox 1536 1565 1566 1588; x_wconf 90' lang='lat' dir='ltr'>et</span> <span class='ocrx_word' id='word_1_363' title='bbox 1582 1559 1632 1588; x_wconf 91' lang='lat' dir='ltr'>in-</span> 
     </span>
     <span class='ocr_line' id='line_1_66' title="bbox 907 1609 1633 1652; baseline -0.004 -10"><span class='ocrx_word' id='word_1_364' title='bbox 907 1613 987 1643; x_wconf 84' lang='lat' dir='ltr'>scite.</span> <span class='ocrx_word' id='word_1_365' title='bbox 1036 1612 1097 1642; x_wconf 90' lang='lat' dir='ltr'>Sed</span> <span class='ocrx_word' id='word_1_366' title='bbox 1113 1612 1206 1652; x_wconf 88' lang='lat' dir='ltr'>nugis</span> <span class='ocrx_word' id='word_1_367' title='bbox 1221 1611 1296 1652; x_wconf 91' lang='lat' dir='ltr'>quid</span> <span class='ocrx_word' id='word_1_368' title='bbox 1312 1611 1436 1650; x_wconf 86' lang='lat' dir='ltr'>prodest</span> <span class='ocrx_word' id='word_1_369' title='bbox 1457 1609 1633 1647; x_wconf 85' lang='lat' dir='ltr'>immorari,</span> 
     </span>
     <span class='ocr_line' id='line_1_67' title="bbox 906 1661 1636 1702; baseline -0.005 -8"><span class='ocrx_word' id='word_1_370' title='bbox 906 1663 1119 1694; x_wconf 87' lang='lat' dir='ltr'>obliteratione</span> <span class='ocrx_word' id='word_1_371' title='bbox 1135 1663 1199 1693; x_wconf 70' lang='lat' dir='ltr'>sola</span> <span class='ocrx_word' id='word_1_372' title='bbox 1213 1661 1337 1702; x_wconf 83' lang='lat' dir='ltr'>dignis?</span> <span class='ocrx_word' id='word_1_373' title='bbox 1356 1663 1493 1702; x_wconf 80' lang='lat' dir='ltr'>Magnas</span> <span class='ocrx_word' id='word_1_374' title='bbox 1508 1662 1636 1700; x_wconf 87' lang='lat' dir='ltr'>insuper</span> 
     </span>
     <span class='ocr_line' id='line_1_68' title="bbox 906 1713 1634 1752; baseline -0.005 -7"><span class='ocrx_word' id='word_1_375' title='bbox 906 1716 1013 1745; x_wconf 86' lang='lat' dir='ltr'>turbas</span> <span class='ocrx_word' id='word_1_376' title='bbox 1025 1715 1108 1744; x_wconf 90' lang='lat' dir='ltr'>cient</span> <span class='ocrx_word' id='word_1_377' title='bbox 1118 1714 1290 1744; x_wconf 89' lang='lat' dir='ltr'>Lambinus</span> <span class='ocrx_word' id='word_1_378' title='bbox 1302 1719 1332 1743; x_wconf 89' lang='lat' dir='ltr'>et</span> <span class='ocrx_word' id='word_1_379' title='bbox 1344 1713 1443 1743; x_wconf 85' lang='lat' dir='ltr'>Faber</span> <span class='ocrx_word' id='word_1_380' title='bbox 1452 1713 1491 1742; x_wconf 87' lang='lat' dir='ltr'>de</span> <span class='ocrx_word' id='word_1_381' title='bbox 1502 1721 1634 1752; x_wconf 88' lang='lat' dir='ltr'>sequen-</span> 
     </span>
     <span class='ocr_line' id='line_1_69' title="bbox 907 1763 1636 1801; baseline -0.004 -4"><span class='ocrx_word' id='word_1_382' title='bbox 907 1767 988 1797; x_wconf 79' lang='lat' dir='ltr'>tium</span> <span class='ocrx_word' id='word_1_383' title='bbox 1019 1766 1154 1796; x_wconf 88' lang='lat' dir='ltr'>duorum</span> <span class='ocrx_word' id='word_1_384' title='bbox 1183 1775 1329 1795; x_wconf 86' lang='lat' dir='ltr'>versuum</span> <span class='ocrx_word' id='word_1_385' title='bbox 1359 1765 1546 1801; x_wconf 87' lang='lat' dir='ltr'>sinceritate;</span> <span class='ocrx_word' id='word_1_386' title='bbox 1582 1763 1636 1794; x_wconf 91' lang='lat' dir='ltr'>sed</span> 
     </span>
     <span class='ocr_line' id='line_1_70' title="bbox 907 1814 1634 1857; baseline -0.003 -10"><span class='ocrx_word' id='word_1_387' title='bbox 907 1818 1114 1857; x_wconf 84' lang='lat' dir='ltr'>importunas,</span> <span class='ocrx_word' id='word_1_388' title='bbox 1161 1816 1404 1855; x_wconf 82' lang='lat' dir='ltr'>intempestivas,</span> <span class='ocrx_word' id='word_1_389' title='bbox 1447 1814 1634 1845; x_wconf 83' lang='lat' dir='ltr'>temerarias.</span> 
     </span>
     <span class='ocr_line' id='line_1_71' title="bbox 909 1869 1635 1907; baseline -0.007 -8"><span class='ocrx_word' id='word_1_390' title='bbox 909 1869 1075 1899; x_wconf 84' lang='lat' dir='ltr'>Distichon</span> <span class='ocrx_word' id='word_1_391' title='bbox 1091 1873 1136 1897; x_wconf 91' lang='lat' dir='ltr'>est</span> <span class='ocrx_word' id='word_1_392' title='bbox 1150 1872 1338 1907; x_wconf 83' lang='lat' dir='ltr'>argumento</span> <span class='ocrx_word' id='word_1_393' title='bbox 1352 1875 1550 1904; x_wconf 86' lang='lat' dir='ltr'>summopere</span> <span class='ocrx_word' id='word_1_394' title='bbox 1560 1874 1635 1894; x_wconf 89' lang='lat' dir='ltr'>con-</span> 
     </span>
     <span class='ocr_line' id='line_1_72' title="bbox 907 1917 1636 1959; baseline -0.007 -8"><span class='ocrx_word' id='word_1_395' title='bbox 907 1921 1023 1956; x_wconf 89' lang='lat' dir='ltr'>cinens,</span> <span class='ocrx_word' id='word_1_396' title='bbox 1036 1919 1176 1959; x_wconf 85' lang='lat' dir='ltr'>simplex,</span> <span class='ocrx_word' id='word_1_397' title='bbox 1186 1917 1374 1957; x_wconf 84' lang='lat' dir='ltr'>dilucidum,</span> <span class='ocrx_word' id='word_1_398' title='bbox 1386 1923 1416 1948; x_wconf 90' lang='lat' dir='ltr'>et</span> <span class='ocrx_word' id='word_1_399' title='bbox 1427 1917 1636 1957; x_wconf 83' lang='lat' dir='ltr'>undequaque</span> 
     </span>
     <span class='ocr_line' id='line_1_73' title="bbox 907 1973 1143 2004; baseline -0.008 0"><span class='ocrx_word' id='word_1_400' title='bbox 907 1973 1143 2004; x_wconf 83' lang='lat' dir='ltr'>Lucretianum.</span> 
     </span>
    </p>

    <p class='ocr_par' dir='ltr' id='par_1_27' title="bbox 899 2029 1636 2126">
     <span class='ocr_line' id='line_1_74' title="bbox 952 2029 1636 2073; baseline -0.004 -10"><span class='ocrx_word' id='word_1_401' title='bbox 952 2033 1025 2063; x_wconf 90' lang='lat' dir='ltr'>Ver.</span> <span class='ocrx_word' id='word_1_402' title='bbox 1042 2035 1114 2064; x_wconf 86' lang='grc'>676.</span> <span class='ocrx_word' id='word_1_403' title='bbox 1125 2031 1280 2073; x_wconf 76' lang='lat' dir='ltr'>fuerunt:</span> <span class='ocrx_word' id='word_1_404' title='bbox 1306 2031 1344 2062; x_wconf 88' lang='lat' dir='ltr'>P.</span> <span class='ocrx_word' id='word_1_405' title='bbox 1375 2030 1570 2072; x_wconf 79' lang='lat' dir='ltr'>1’1.szoerz&#39;nt;</span> <span class='ocrx_word' id='word_1_406' title='bbox 1597 2029 1636 2060; x_wconf 93' lang='lat' dir='ltr'>O.</span> 
     </span>
     <span class='ocr_line' id='line_1_75' title="bbox 899 2085 1042 2126; baseline 0 -10"><span class='ocrx_word' id='word_1_407' title='bbox 899 2085 1042 2126; x_wconf 82' lang='lat' dir='ltr'>fuerant.</span> 
     </span>
    </p>
   </div>
   <div class='ocr_carea' id='block_1_26' title="bbox 910 2140 1639 2894">
    <p class='ocr_par' dir='ltr' id='par_1_28' title="bbox 910 2140 1639 2235">
     <span class='ocr_line' id='line_1_76' title="bbox 953 2140 1639 2179; baseline -0.006 -4"><span class='ocrx_word' id='word_1_408' title='bbox 953 2146 1028 2175; x_wconf 89' lang='lat' dir='ltr'>Ver.</span> <span class='ocrx_word' id='word_1_409' title='bbox 1045 2147 1119 2176; x_wconf 85' lang='lat'>677.</span> <span class='ocrx_word' id='word_1_410' title='bbox 1144 2147 1201 2175; x_wconf 81' lang='lat' dir='ltr'>ita:</span> <span class='ocrx_word' id='word_1_411' title='bbox 1230 2151 1271 2175; x_wconf 86' lang='grc' dir='ltr'>Π.</span> <span class='ocrx_word' id='word_1_412' title='bbox 1288 2148 1323 2176; x_wconf 82' lang='grc' dir='ltr'>Σ.</span> <span class='ocrx_word' id='word_1_413' title='bbox 1347 2145 1410 2179; x_wconf 80' lang='lat' dir='ltr'>uti;</span> <span class='ocrx_word' id='word_1_414' title='bbox 1434 2149 1471 2173; x_wconf 84' lang='lat' dir='ltr'>ut</span> <span class='ocrx_word' id='word_1_415' title='bbox 1491 2140 1639 2172; x_wconf 89' lang='lat' dir='ltr'>hodierni</span> 
     </span>
     <span class='ocr_line' id='line_1_77' title="bbox 910 2195 1226 2235; baseline -0.006 -8"><span class='ocrx_word' id='word_1_416' title='bbox 910 2197 1058 2227; x_wconf 87' lang='lat' dir='ltr'>editores:</span> <span class='ocrx_word' id='word_1_417' title='bbox 1087 2195 1226 2235; x_wconf 84' lang='lat' dir='ltr'>pessime.</span> 
     </span>
    </p>

    <p class='ocr_par' dir='ltr' id='par_1_29' title="bbox 911 2252 1638 2400">
     <span class='ocr_line' id='line_1_78' title="bbox 954 2252 1637 2294; baseline -0.006 -8"><span class='ocrx_word' id='word_1_418' title='bbox 954 2256 1034 2286; x_wconf 83' lang='lat' dir='ltr'>Ibid.</span> <span class='ocrx_word' id='word_1_419' title='bbox 1058 2257 1169 2286; x_wconf 77' lang='lat' dir='ltr'>mundi</span> <span class='ocrx_word' id='word_1_420' title='bbox 1184 2256 1221 2285; x_wconf 84' lang='lat' dir='ltr'>ab</span> <span class='ocrx_word' id='word_1_421' title='bbox 1237 2256 1357 2294; x_wconf 76' lang='lat' dir='ltr'>origine</span> <span class='ocrx_word' id='word_1_422' title='bbox 1368 2252 1482 2294; x_wconf 70' lang='lat' dir='ltr'>primd.</span> <span class='ocrx_word' id='word_1_423' title='bbox 1519 2253 1637 2291; x_wconf 89' lang='lat' dir='ltr'>Epicu-</span> 
     </span>
     <span class='ocr_line' id='line_1_79' title="bbox 911 2308 1638 2349; baseline -0.007 -10"><span class='ocrx_word' id='word_1_424' title='bbox 911 2319 978 2339; x_wconf 63' lang='lat' dir='ltr'>rus:</span> <span class='ocrx_word' id='word_1_425' title='bbox 1000 2321 1083 2338; x_wconf 66' lang='lat' dir='ltr'>xoe‘roe</span> <span class='ocrx_word' id='word_1_426' title='bbox 1100 2321 1150 2341; x_wconf 69' lang='grc' dir='ltr'>Τῆν</span> <span class='ocrx_word' id='word_1_427' title='bbox 1162 2308 1189 2346; x_wconf 67' lang='grc' dir='ltr'>ἐξ</span> <span class='ocrx_word' id='word_1_428' title='bbox 1201 2320 1294 2349; x_wconf 65' lang='grc' dir='ltr'><em>αρχῆς</em></span> <span class='ocrx_word' id='word_1_429' title='bbox 1312 2319 1336 2336; x_wconf 75' lang='grc' dir='ltr'>ἰν</span> <span class='ocrx_word' id='word_1_430' title='bbox 1349 2319 1386 2348; x_wconf 62' lang='grc' dir='ltr'>Τῃ</span> <span class='ocrx_word' id='word_1_431' title='bbox 1399 2317 1501 2345; x_wconf 60' lang='lat' dir='ltr'>ymen!</span> <span class='ocrx_word' id='word_1_432' title='bbox 1517 2317 1555 2335; x_wconf 48' lang='lat'>&amp;8</span> <span class='ocrx_word' id='word_1_433' title='bbox 1571 2317 1638 2335; x_wconf 70' lang='lat' dir='ltr'><em>noo*-</em></span> 
     </span>
     <span class='ocr_line' id='line_1_80' title="bbox 911 2372 1111 2400; baseline -0.015 -9"><span class='ocrx_word' id='word_1_434' title='bbox 911 2372 954 2400; x_wconf 61' lang='grc' dir='ltr'>με</span> <span class='ocrx_word' id='word_1_435' title='bbox 969 2372 1111 2399; x_wconf 52' lang='lat' dir='ltr'>“722¹an-</span> 
     </span>
    </p>

    <p class='ocr_par' dir='ltr' id='par_1_30' title="bbox 911 2408 1639 2813">
     <span class='ocr_line' id='line_1_81' title="bbox 1411 2408 1637 2438; baseline 0 -1"><span class='ocrx_word' id='word_1_436' title='bbox 1411 2408 1637 2438; x_wconf 68' lang='grc' dir='ltr'>Βεκτιειυε.</span> 
     </span>
     <span class='ocr_line' id='line_1_82' title="bbox 913 2467 1638 2512; baseline -0.01 -9"><span class='ocrx_word' id='word_1_437' title='bbox 913 2472 1043 2512; x_wconf 87' lang='lat' dir='ltr'>Optime</span> <span class='ocrx_word' id='word_1_438' title='bbox 1057 2470 1210 2501; x_wconf 88' lang='lat' dir='ltr'>virorum!</span> <span class='ocrx_word' id='word_1_439' title='bbox 1236 2479 1299 2499; x_wconf 89' lang='lat' dir='ltr'>non</span> <span class='ocrx_word' id='word_1_440' title='bbox 1326 2468 1393 2498; x_wconf 80' lang='lat' dir='ltr'>leve</span> <span class='ocrx_word' id='word_1_441' title='bbox 1416 2467 1493 2497; x_wconf 89' lang='lat' dir='ltr'>mihi</span> <span class='ocrx_word' id='word_1_442' title='bbox 1516 2467 1638 2507; x_wconf 86' lang='lat' dir='ltr'>negoti-</span> 
     </span>
     <span class='ocr_line' id='line_1_83' title="bbox 911 2518 1639 2559; baseline -0.008 -6"><span class='ocrx_word' id='word_1_443' title='bbox 911 2533 967 2553; x_wconf 88' lang='lat' dir='ltr'>um</span> <span class='ocrx_word' id='word_1_444' title='bbox 983 2521 1145 2559; x_wconf 85' lang='lat' dir='ltr'>facessisti,</span> <span class='ocrx_word' id='word_1_445' title='bbox 1166 2521 1209 2551; x_wconf 86' lang='lat' dir='ltr'>sic</span> <span class='ocrx_word' id='word_1_446' title='bbox 1225 2519 1424 2559; x_wconf 86' lang='lat' dir='ltr'>scriptoribus</span> <span class='ocrx_word' id='word_1_447' title='bbox 1445 2518 1639 2558; x_wconf 85' lang='lat' dir='ltr'>apponendis</span> 
     </span>
     <span class='ocr_line' id='line_1_84' title="bbox 911 2571 1638 2614; baseline -0.007 -9"><span class='ocrx_word' id='word_1_448' title='bbox 911 2575 978 2605; x_wconf 87' lang='lat' dir='ltr'>sine</span> <span class='ocrx_word' id='word_1_449' title='bbox 999 2573 1124 2614; x_wconf 89' lang='lat' dir='ltr'>speciali</span> <span class='ocrx_word' id='word_1_450' title='bbox 1150 2572 1290 2602; x_wconf 77' lang='lat' dir='ltr'>locorum</span> <span class='ocrx_word' id='word_1_451' title='bbox 1319 2571 1487 2601; x_wconf 85' lang='lat' dir='ltr'>notatione.</span> <span class='ocrx_word' id='word_1_452' title='bbox 1532 2571 1638 2601; x_wconf 86' lang='lat' dir='ltr'>Verba</span> 
     </span>
     <span class='ocr_line' id='line_1_85' title="bbox 912 2623 1638 2664; baseline -0.007 -7"><span class='ocrx_word' id='word_1_453' title='bbox 912 2633 1018 2657; x_wconf 85' lang='lat' dir='ltr'>autern</span> <span class='ocrx_word' id='word_1_454' title='bbox 1033 2628 1126 2656; x_wconf 85' lang='lat' dir='ltr'>citata</span> <span class='ocrx_word' id='word_1_455' title='bbox 1142 2625 1272 2664; x_wconf 88' lang='lat' dir='ltr'>Epicuri</span> <span class='ocrx_word' id='word_1_456' title='bbox 1283 2624 1433 2664; x_wconf 86' lang='lat' dir='ltr'>leguntur</span> <span class='ocrx_word' id='word_1_457' title='bbox 1445 2623 1530 2662; x_wconf 89' lang='lat' dir='ltr'>apud</span> <span class='ocrx_word' id='word_1_458' title='bbox 1542 2623 1638 2663; x_wconf 85' lang='lat' dir='ltr'>Diog.</span> 
     </span>
     <span class='ocr_line' id='line_1_86' title="bbox 912 2675 1638 2716; baseline -0.007 -7"><span class='ocrx_word' id='word_1_459' title='bbox 912 2680 1014 2709; x_wconf 78' lang='lat' dir='ltr'>La&#39;ert.</span> <span class='ocrx_word' id='word_1_460' title='bbox 1029 2689 1058 2708; x_wconf 85' lang='lat' dir='ltr'>x.</span> <span class='ocrx_word' id='word_1_461' title='bbox 1077 2681 1124 2709; x_wconf 79' lang='lat'>92.</span> <span class='ocrx_word' id='word_1_462' title='bbox 1137 2677 1190 2707; x_wconf 87' lang='lat' dir='ltr'>fin.</span> <span class='ocrx_word' id='word_1_463' title='bbox 1237 2676 1363 2706; x_wconf 89' lang='lat' dir='ltr'>Addam</span> <span class='ocrx_word' id='word_1_464' title='bbox 1375 2675 1559 2716; x_wconf 87' lang='lat' dir='ltr'>Virgilium,</span> <span class='ocrx_word' id='word_1_465' title='bbox 1569 2684 1638 2714; x_wconf 87' lang='lat' dir='ltr'>geo.</span> 
     </span>
     <span class='ocr_line' id='line_1_87' title="bbox 913 2726 1638 2769; baseline -0.007 -8"><span class='ocrx_word' id='word_1_466' title='bbox 913 2731 944 2761; x_wconf 89' lang='lat' dir='ltr'>ii.</span> <span class='ocrx_word' id='word_1_467' title='bbox 960 2734 1011 2761; x_wconf 80' lang='lat'>55.</span> <span class='ocrx_word' id='word_1_468' title='bbox 1034 2740 1140 2760; x_wconf 85' lang='lat' dir='ltr'>versus</span> <span class='ocrx_word' id='word_1_469' title='bbox 1161 2728 1418 2769; x_wconf 83' lang='lat' dir='ltr'>exquisitissimos</span> <span class='ocrx_word' id='word_1_470' title='bbox 1444 2726 1638 2766; x_wconf 87' lang='lat' dir='ltr'>profunden-</span> 
     </span>
     <span class='ocr_line' id='line_1_88' title="bbox 914 2789 993 2813; baseline -0.013 0"><span class='ocrx_word' id='word_1_471' title='bbox 914 2789 993 2813; x_wconf 84' lang='lat' dir='ltr'>tem:</span> 
     </span>
    </p>

    <p class='ocr_par' dir='ltr' id='par_1_31' title="bbox 979 2860 1563 2894">
     <span class='ocr_line' id='line_1_89' title="bbox 979 2860 1563 2894; baseline -0.007 -6"><span class='ocrx_word' id='word_1_472' title='bbox 979 2865 1038 2888; x_wconf 86' lang='lat' dir='ltr'>Non</span> <span class='ocrx_word' id='word_1_473' title='bbox 1049 2862 1112 2887; x_wconf 83' lang='lat' dir='ltr'>alios</span> <span class='ocrx_word' id='word_1_474' title='bbox 1121 2862 1205 2894; x_wconf 66' lang='lat' dir='ltr'>prima</span> <span class='ocrx_word' id='word_1_475' title='bbox 1218 2862 1359 2888; x_wconf 71' lang='lat' dir='ltr'>crescentis</span> <span class='ocrx_word' id='word_1_476' title='bbox 1369 2861 1462 2893; x_wconf 83' lang='lat' dir='ltr'>origine</span> <span class='ocrx_word' id='word_1_477' title='bbox 1473 2860 1563 2885; x_wconf 81' lang='lat' dir='ltr'>mundi</span> 
     </span>
    </p>
   </div>
   <div class='ocr_carea' id='block_1_27' title="bbox 981 2901 1593 2967">
    <p class='ocr_par' dir='ltr' id='par_1_32' title="bbox 981 2901 1593 2967">
     <span class='ocr_line' id='line_1_90' title="bbox 981 2901 1593 2931; baseline -0.007 -4"><span class='ocrx_word' id='word_1_478' title='bbox 981 2903 1112 2927; x_wconf 83' lang='lat' dir='ltr'>Inluxisse</span> <span class='ocrx_word' id='word_1_479' title='bbox 1123 2901 1188 2931; x_wconf 76' lang='lat' dir='ltr'>dies,</span> <span class='ocrx_word' id='word_1_480' title='bbox 1198 2901 1317 2927; x_wconf 79' lang='lat' dir='ltr'>aliumve</span> <span class='ocrx_word' id='word_1_481' title='bbox 1327 2901 1448 2926; x_wconf 78' lang='lat' dir='ltr'>habuisse</span> <span class='ocrx_word' id='word_1_482' title='bbox 1459 2903 1593 2928; x_wconf 82' lang='lat' dir='ltr'>tenorem,</span> 
     </span>
     <span class='ocr_line' id='line_1_91' title="bbox 983 2941 1188 2967; baseline 0 -1"><span class='ocrx_word' id='word_1_483' title='bbox 983 2941 1188 2967; x_wconf 86' lang='lat' dir='ltr'>Crediderim—.</span> 
     </span>
    </p>
   </div>
  </div>
 </body>
</html>
