1926 3224
300 224 394 271 278

802 222 863 269 Τ.
914 219 1291 268 LUCRETII

327 355 410 392 330
440 351 529 394 Nec
547 350 661 393 facile
680 354 740 390 est
757 348 828 389 tali
846 355 1006 389 naturae
1026 348 1219 390 obsistere
1238 348 1476 404 quidquam:

439 426 553 467 Inter
573 425 681 465 enim
699 421 820 479 fugit,
849 436 898 463 ac
915 429 1117 477 penetrat,
1147 436 1221 477 per
1239 436 1333 464 rara
1352 422 1521 464 viarum.

438 498 536 539 Non
557 498 682 554 igitur
699 495 836 538 multis
855 495 1087 538 obfensibus
1105 496 1149 537 in
1168 496 1416 538 remorando

439 571 634 612 Haesitat:
666 571 773 613 hanc
792 571 847 612 ob
866 585 954 612 rem
973 570 1092 612 celeri
1111 570 1219 612 volat
1240 570 1378 626 inpete
1396 570 1547 612 labens.

495 645 675 696 Deinde,
707 645 820 701 quod
838 645 1009 686 omnino
1027 643 1174 686 nature
1193 643 1378 699 pondera
1396 643 1588 686 deorsum

326 723 405 759 335
438 718 592 760 Omnia
610 719 813 760 nituntur:
844 733 969 774 quom
988 718 1109 775 plaga
1128 718 1180 759 sit
1199 717 1338 758 addita
1357 733 1470 769 vero,

437 792 650 834 Mobilitas
669 792 913 847 duplicatur,
945 799 986 833 et
1004 792 1164 847 inpetus
1188 791 1254 832 ille
1273 791 1487 848 gravescit:

438 866 500 907 Ut
519 866 811 916 vehementius,
842 874 884 908 et
903 866 1035 917 citius,
1066 879 1365 922 quaequomque
1383 873 1613 917 morantur,

436 939 572 980 Obvia
591 939 779 983 discutiat
797 941 942 998 plagis,
973 941 1174 996 itinerque
1193 947 1397 995 sequatur.

490 1013 699 1070 Denique,
730 1015 842 1071 quod
861 1015 985 1071 longo
1004 1015 1115 1056 venit
1134 1015 1286 1068 inpete,
1317 1027 1475 1054 sumere
1493 1012 1616 1054 debet

321 1092 402 1128 340
434 1086 724 1140 Mobilitatem‚
755 1089 878 1130 etiam
897 1097 1018 1145 atque
1037 1088 1160 1129 etiam
1180 1100 1273 1142 quae
1293 1085 1436 1126 crescit
1455 1084 1609 1134 eundo,

287 1259 327 1289 sit
355 1259 546 1289 ate-celeri:
583 1258 623 1290 O.
651 1260 734 1295 coeli,·
763 1263 798 1290 Δ.
823 1260 897 1290 celi:
922 1258 1007 1289 deest

287 1318 394 1343 autem
409 1312 538 1343 omnino
553 1322 610 1342 vox
625 1311 659 1341 in
676 1311 715 1341 V.
729 1311 778 1341 ed.

330 1371 410 1402 Ibid.
431 1372 543 1406 labens,
565 1369 604 1400 de
614 1371 771 1411 fulmine:
796 1369 865 1400 vide
887 1379 944 1400 nos
965 1369 1005 1400 ad

287 1422 308 1453 ἰ.
326 1425 415 1454 1005.

327 1482 401 1512 Ver.
417 1484 488 1511 554.
511 1480 645 1512 naturci:
681 1481 720 1512 P.
747 1484 1007 1513 naturoe.—deor.

284 1544 368 1564 sum:
393 1532 488 1562 Vind.
505 1533 540 1562 L.
560 1533 606 1563 M.
619 1533 660 1562 V.
675 1532 722 1563 ed.
739 1539 773 1564 Σ.
789 1535 929 1569 deomm;
954 1533 1007 1564 sed

283 1584 446 1624 vulgatum
472 1583 565 1613 etiam
590 1593 646 1622 pro
670 1594 731 1614 var.
755 1584 823 1614 lect.
852 1585 1006 1614 exhibent.

285 1635 454 1670 Nimirum,
484 1635 633 1674 scriptum
662 1641 727 1665 erat
755 1638 889 1666 defisum:
932 1636 1006 1666 hinc

282 1685 538 1717 deorum.—Mox
556 1684 650 1716 Vind.
668 1690 703 1716 Δ.
718 1687 753 1721 si,
769 1695 825 1725 pro
839 1688 887 1717 sit.

326 1746 401 1776 Ver.
415 1749 488 1776 358.
509 1747 611 1776 itiner.
667 1744 804 1783 Nonius,
826 1746 867 1776 ad
889 1746 952 1777 viii.
976 1751 1004 1779 2.

285 1806 409 1827 versum
424 1797 513 1834 citat3
536 1796 650 1837 ibique,
674 1802 706 1827 et
722 1797 763 1827 ad
784 1800 834 1828 54.
857 1797 930 1828 ibid.
952 1808 1005 1828 ex·

283 1847 386 1886 empla
401 1847 545 1878 dictionis
559 1848 676 1886 profert
689 1858 727 1878 ex
740 1849 892 1887 Varrone,
908 1849 1004 1879 Plau-

282 1906 325 1938 to,
355 1900 464 1938 Accio,
490 1900 644 1939 Turpssio,
666 1900 782 1936 Ennio,
798 1911 834 1931 ac
850 1902 1000 1932 Pacuvio:

281 1951 335 1982 ubi
349 1951 498 1990 scriptum
519 1957 565 1981 est
587 1951 682 1981 etiam
707 1951 857 1982 mendose
877 1955 1003 1992 gladiis,

281 2012 338 2041 pro
361 2004 475 2042 plagis.
520 2002 662 2032 Vetustae
689 2002 812 2042 glossae:
855 2006 877 2021 “
895 2006 1003 2040 Ιιὶιιεν,

282 2057 306 2072 “
323 2052 465 2095 o'Botaeopm.
507 2055 620 2090 ltine-r,
646 2053 736 2088 6305.”
781 2054 920 2086 Accedat
934 2065 1004 2095 por·

282 2114 317 2134 ro
330 2104 353 2136 J
355 2114 502 2142 uvencus,
516 2104 586 2135 hist.
601 2114 708 2145 evang.
723 2105 762 2135 iv.
778 2108 826 2136 75.

282 2197 362 2226 Nam,
376 2196 449 2221 vobis
459 2195 535 2220 itiner
544 2195 663 2220 clausum
676 2195 737 2227 quia
750 2196 810 2227 jure
821 2199 945 2228 negatur,

281 2246 340 2270 Non
350 2245 433 2270 sinitis
444 2251 598 2277 quenquam
610 2248 749 2277 penetrare
763 2252 810 2277 per
820 2245 902 2270 ardua
914 2245 987 2270 lucis.

283 2325 449 2364 Manilius,
462 2325 482 2355 t
497 2328 547 2356 ss.
568 2324 722 2355 simfliter:

341 2406 416 2431 Fecit
426 2409 454 2431 et
465 2405 562 2438 ignotis
571 2405 646 2430 itiner
655 2404 819 2430 commercia
829 2404 914 2430 ten-is.

281 2477 377 2513 Quod
391 2477 487 2508 miror
502 2476 682 2508 Bentleium
697 2476 731 2507 in
751 2476 895 2507 animum
910 2475 1002 2506 indu-

279 2538 349 2558 cere
364 2528 499 2567 potuisse
514 2533 551 2558 ut
570 2528 717 2567 rejiceret.
764 2528 855 2558 Certe
870 2537 933 2557 non
948 2537 1001 2556 ex-

279 2579 484 2619 spectandum
514 2585 569 2616 est,
599 2585 635 2610 ut
660 2579 767 2609 omnia
792 2580 884 2609 verba
898 2578 1002 2609 Latini

279 2630 374 2668 patris
399 2630 481 2660 intra
505 2631 596 2660 breve
616 2640 727 2670 corpus
745 2630 1003 2671 Augustanorum

280 2681 463 2720 scriptorum
492 2682 697 2721 reperiantur:
735 2692 798 2712 non
821 2682 919 2723 igitur
946 2692 1004 2721 pro

280 2732 373 2762 caseis
387 2738 418 2762 et
433 2732 578 2763 obsoletis
597 2743 642 2763 eae
656 2733 828 2763 locutiones
849 2738 923 2763 sunt
943 2739 1002 2763 sta—

279 2781 338 2811 tim
353 2784 588 2823 proscribendae,
612 2795 688 2825 quas
711 2785 757 2815 illi
780 2795 839 2815 usu
861 2795 919 2815 suo
938 2794 1001 2814 non

280 2834 562 2872 comprobaverint3
586 2845 626 2865 ne
654 2835 757 2866 dicam
785 2835 833 2866 vel
859 2843 1003 2866 venustos

280 2882 422 2914 homines
435 2883 556 2917 diverso
569 2892 664 2927 gustu
679 2887 788 2925 vivere,
805 2892 837 2918 et
850 2886 911 2918 alia
925 2886 1004 2926 aliis,

1052 1256 1101 1287 vel
1123 1255 1219 1287 unius
1239 1254 1396 1286 varietatis
1417 1253 1529 1296 gratiss,
1555 1254 1667 1287 merito
1689 1258 1774 1288 eom.

1048 1307 1176 1347 placere.

1095 1365 1176 1397 Ibid.
1198 1367 1292 1397 itiner
1312 1371 1464 1407 sequatur.
1508 1365 1651 1406 Plautus,
1675 1366 1775 1400 Merc.

1051 1432 1078 1453 v.
1095 1426 1122 1453 2.
1138 1425 1190 1452 88.

1066 1515 1127 1524 --
1137 1503 1209 1535 Quin
1224 1505 1255 1527 tu
1266 1509 1330 1534 ergo
1341 1502 1416 1527 itiner
1424 1501 1527 1534 exsequi
1537 1508 1631 1528 meum
1641 1509 1688 1529 me
1696 1502 1775 1529 einis?

1051 1583 1195 1623 Hujusce
1209 1587 1315 1613 autem
1325 1581 1434 1612 formae
1445 1581 1529 1622 apud
1543 1581 1660 1622 priscos
1669 1591 1775 1624 gram.

1049 1635 1177 1664 mazicos
1192 1634 1338 1675 frequens
1352 1635 1483 1664 habetur
1497 1633 1624 1664 mentio.

1091 1694 1166 1723 Ver.
1180 1696 1252 1723 540.
1275 1694 1478 1724 Mobilicatem
1492 1704 1560 1732 quae
1577 1695 1685 1725 crescit
1696 1705 1772 1725 eun-

1048 1747 1094 1775 do.
1139 1745 1221 1774 Haec
1245 1744 1388 1783 sumpsit,
1413 1750 1444 1774 et
1466 1744 1510 1774 ita
1533 1744 1682 1782 exhibuit,
1700 1745 1772 1776 vir-

1049 1794 1155 1835 gilius,
1172 1795 1245 1825 AEn.
1264 1795 1302 1825 iv.
1319 1798 1389 1827 175.

1095 1876 1234 1901 Mobilitate
1246 1875 1330 1908 viget,
1346 1875 1473 1907 viresque
1482 1875 1595 1908 adquirit
1604 1877 1696 1903 eundo.

1050 1956 1219 1994 Caeterum‚
1238 1962 1283 1987 Ω..
1297 1958 1381 1996 quia,
1403 1966 1458 1995 pro
1472 1967 1558 1996 quae,·
1580 1966 1644 1987 non
1660 1957 1751 1990 male.

1092 2015 1168 2044 Ver.
1183 2018 1254 2045 545.
1278 2016 1311 2045 E
1332 2017 1469 2053 regione:
1502 2014 1521 2045 i.
1537 2025 1562 2045 e.
1587 2018 1610 2034 “
1624 2025 1662 2045 ex
1683 2017 1772 2047 omni

1049 2068 1072 2084 “
1087 2071 1173 2104 parte
1186 2065 1322 2101 fulmini,
1350 2076 1475 2096 cursum
1501 2076 1595 2096 suum
1618 2068 1771 2107 sequenti,

1050 2119 1073 2134 “
1087 2116 1295 2156 objacentia;”
1331 2127 1401 2156 quae
1429 2116 1455 2146 si
1484 2126 1555 2146 vera
1580 2117 1652 2153 sint,
1683 2127 1772 2149 vocae

1049 2172 1122 2196 sunt
1144 2167 1184 2197 ad
1207 2167 1430 2206 praecedentem
1449 2166 1620 2197 clausulam
1635 2168 1772 2199 referen-

1049 2217 1109 2248 dae:
1135 2218 1183 2247 sin
1198 2217 1287 2248 malis
1301 2217 1426 2256 phrasin
1449 2228 1465 2248 e
1488 2220 1610 2257 regione
1635 2228 1691 2258 per
1716 2221 1769 2250 iti-

1048 2279 1118 2299 nere
1140 2270 1253 2299 directo
1275 2268 1476 2307 interpretari,
1502 2269 1635 2308 pertinet
1660 2268 1700 2300 ad
1723 2280 1771 2301 se-

1046 2318 1185 2358 quentia:
1212 2318 1265 2359 qui
1293 2329 1367 2348 sane
1396 2329 1504 2349 sensus
1533 2325 1580 2350 est
1604 2321 1770 2352 vei-bonam

1049 2369 1192 2400 Ciceroni
1216 2374 1248 2399 et
1269 2369 1356 2407 aliis;
1378 2369 1517 2410 adeoque
1542 2370 1622 2401 nihil
1645 2371 1769 2403 novavi-

1046 2430 1126 2452 mus.
1171 2420 1335 2462 VirgiliuS‚
1352 2421 1426 2452 AEn.
1442 2421 1474 2452 ii.
1490 2424 1561 2453 757.

1300 2502 1364 2527 nota
1375 2502 1466 2527 excedo
1477 2502 1574 2535 regione
1584 2503 1699 2529 viarum.
1717 2531 1722 2537 .

1088 2581 1162 2612 Ver.
1178 2585 1250 2612 544.
1271 2584 1440 2613 coniciens:
1467 2583 1513 2613 sic
1529 2588 1574 2614 Ω..
1588 2581 1769 2623 purissime3

1045 2632 1130 2662 unde
1150 2633 1229 2662 hanc
1255 2633 1437 2671 scripturam
1463 2633 1514 2664 hic
1541 2633 1767 2664 admittendam

1045 2684 1152 2722 habui,
1167 2684 1355 2725 poenitetque
1370 2695 1421 2715 me
1432 2684 1678 2724 locupletissimis
1691 2695 1765 2716 auc-

1045 2735 1220 2766 toritatibus
1234 2736 1376 2767 codicum
1397 2735 1481 2767 haud
1495 2735 1652 2766 devictum
1673 2746 1766 2776 supe.

1045 2786 1110 2816 rius
1130 2786 1225 2816 fuisse
1247 2786 1287 2817 ad
1310 2787 1329 2817 i.
1345 2789 1415 2818 285.
1437 2786 1491 2816 sed
1507 2785 1619 2816 melior
1632 2792 1678 2817 est
1697 2797 1766 2818 sera

1045 2836 1223 2868 emendatio
1251 2847 1352 2868 errore
1381 2836 1451 2867 falsi
1474 2836 1601 2876 pudoris
1625 2838 1764 2877 repetito.

1045 2888 1166 2930 Vulgo,
1192 2889 1364 2931 conjiciens.
1411 2887 1510 2921 Vetus
1533 2889 1759 2924 onomasticom
