<?xml version="1.0" encoding="UTF-8"?>
<!DOCTYPE html PUBLIC "-//W3C//DTD XHTML 1.0 Transitional//EN"
    "http://www.w3.org/TR/xhtml1/DTD/xhtml1-transitional.dtd">
<html xmlns="http://www.w3.org/1999/xhtml" xml:lang="en" lang="en">
 <head>
  <title>
</title>
<meta http-equiv="Content-Type" content="text/html;charset=utf-8" />
  <meta name='ocr-system' content='tesseract 3.04.00' />
  <meta name='ocr-capabilities' content='ocr_page ocr_carea ocr_par ocr_line ocrx_word'/>
</head>
<body>
  <div class='ocr_page' id='page_1' title='image "./tlucretiicarider03lucruoft_0199.png"; bbox 0 0 1926 3224; ppageno 0'>
   <div class='ocr_carea' id='block_1_1' title="bbox 584 226 1211 286">
    <p class='ocr_par' dir='ltr' id='par_1_1' title="bbox 584 226 1211 286">
     <span class='ocr_line' id='line_1_1' title="bbox 584 226 1211 286; baseline -0.005 -8"><span class='ocrx_word' id='word_1_1' title='bbox 584 229 816 278; x_wconf 89' lang='lat' dir='ltr'><strong>LIBER</strong></span> <span class='ocrx_word' id='word_1_2' title='bbox 858 226 1211 286; x_wconf 85' lang='lat' dir='ltr'><strong>QUINTUS.</strong></span> 
     </span>
    </p>
   </div>
   <div class='ocr_carea' id='block_1_2' title="bbox 1550 228 1637 273">
    <p class='ocr_par' dir='ltr' id='par_1_2' title="bbox 1550 228 1637 273">
     <span class='ocr_line' id='line_1_2' title="bbox 1550 228 1637 273; baseline 0.046 -4"><span class='ocrx_word' id='word_1_3' title='bbox 1550 228 1637 273; x_wconf 74' lang='lat'>177</span> 
     </span>
    </p>
   </div>
   <div class='ocr_carea' id='block_1_3' title="bbox 307 360 1413 489">
    <p class='ocr_par' dir='ltr' id='par_1_3' title="bbox 307 360 1413 489">
     <span class='ocr_line' id='line_1_3' title="bbox 307 360 1413 416; baseline -0.004 -15"><span class='ocrx_word' id='word_1_4' title='bbox 307 361 393 402; x_wconf 90' lang='lat' dir='ltr'>Aut</span> <span class='ocrx_word' id='word_1_5' title='bbox 413 360 482 402; x_wconf 93' lang='lat' dir='ltr'>ubi</span> <span class='ocrx_word' id='word_1_6' title='bbox 501 375 570 401; x_wconf 90' lang='lat' dir='ltr'>eos</span> <span class='ocrx_word' id='word_1_7' title='bbox 590 361 741 402; x_wconf 86' lang='lat' dir='ltr'>lactant</span> <span class='ocrx_word' id='word_1_8' title='bbox 760 361 947 416; x_wconf 91' lang='lat' dir='ltr'>pedibus,</span> <span class='ocrx_word' id='word_1_9' title='bbox 977 372 1195 414; x_wconf 88' lang='lat' dir='ltr'>morsuque</span> <span class='ocrx_word' id='word_1_10' title='bbox 1213 362 1413 412; x_wconf 83' lang='lat' dir='ltr'>potentes,</span> 
     </span>
     <span class='ocr_line' id='line_1_4' title="bbox 307 431 1365 489; baseline -0.003 -14"><span class='ocrx_word' id='word_1_11' title='bbox 307 434 546 489; x_wconf 90' lang='lat' dir='ltr'>Subspensis</span> <span class='ocrx_word' id='word_1_12' title='bbox 566 443 725 475; x_wconf 86' lang='lat' dir='ltr'>teneros</span> <span class='ocrx_word' id='word_1_13' title='bbox 746 435 956 475; x_wconf 85' lang='lat' dir='ltr'>imitantur</span> <span class='ocrx_word' id='word_1_14' title='bbox 975 433 1164 473; x_wconf 89' lang='lat' dir='ltr'>dentibus</span> <span class='ocrx_word' id='word_1_15' title='bbox 1184 431 1365 480; x_wconf 84' lang='lat' dir='ltr'>haustus,</span> 
     </span>
    </p>
   </div>
   <div class='ocr_carea' id='block_1_4' title="bbox 304 504 1211 565">
    <p class='ocr_par' dir='ltr' id='par_1_4' title="bbox 304 504 1211 565">
     <span class='ocr_line' id='line_1_5' title="bbox 304 504 1211 565; baseline -0.006 -17"><span class='ocrx_word' id='word_1_16' title='bbox 304 507 451 565; x_wconf 86' lang='lat' dir='ltr'>Longe</span> <span class='ocrx_word' id='word_1_17' title='bbox 471 507 550 548; x_wconf 87' lang='lat' dir='ltr'>alio</span> <span class='ocrx_word' id='word_1_18' title='bbox 568 516 689 562; x_wconf 89' lang='lat' dir='ltr'>pacto</span> <span class='ocrx_word' id='word_1_19' title='bbox 707 508 880 563; x_wconf 85' lang='lat' dir='ltr'><strong>gannitu</strong></span> <span class='ocrx_word' id='word_1_20' title='bbox 900 506 1009 546; x_wconf 93' lang='lat' dir='ltr'>vocis</span> <span class='ocrx_word' id='word_1_21' title='bbox 1029 504 1211 553; x_wconf 84' lang='lat' dir='ltr'><strong>adulant,</strong></span> 
     </span>
    </p>
   </div>
   <div class='ocr_carea' id='block_1_5' title="bbox 163 658 882 752">
    <p class='ocr_par' dir='ltr' id='par_1_5' title="bbox 163 658 882 752">
     <span class='ocr_line' id='line_1_6' title="bbox 205 658 882 700; baseline -0.004 -9"><span class='ocrx_word' id='word_1_22' title='bbox 205 661 285 692; x_wconf 90' lang='lat' dir='ltr'>Ibid.</span> <span class='ocrx_word' id='word_1_23' title='bbox 307 663 423 693; x_wconf 84' lang='lat' dir='ltr'>vocibus</span> <span class='ocrx_word' id='word_1_24' title='bbox 437 663 538 692; x_wconf 80' lang='lat' dir='ltr'>omnia</span> <span class='ocrx_word' id='word_1_25' title='bbox 554 662 700 700; x_wconf 80' lang='lat' dir='ltr'><em>conplent.</em></span> <span class='ocrx_word' id='word_1_26' title='bbox 745 658 882 689; x_wconf 88' lang='lat' dir='ltr'>Dicendi</span> 
     </span>
     <span class='ocr_line' id='line_1_7' title="bbox 163 710 860 752; baseline -0.003 -11"><span class='ocrx_word' id='word_1_27' title='bbox 163 722 304 743; x_wconf 86' lang='lat' dir='ltr'>normam</span> <span class='ocrx_word' id='word_1_28' title='bbox 321 712 471 752; x_wconf 86' lang='lat' dir='ltr'>Virgilius</span> <span class='ocrx_word' id='word_1_29' title='bbox 484 710 622 748; x_wconf 85' lang='lat' dir='ltr'>variavit,</span> <span class='ocrx_word' id='word_1_30' title='bbox 642 710 716 740; x_wconf 86' lang='lat' dir='ltr'>AEn.</span> <span class='ocrx_word' id='word_1_31' title='bbox 732 710 773 740; x_wconf 71' lang='lat' dir='ltr'>iX.</span> <span class='ocrx_word' id='word_1_32' title='bbox 792 713 860 740; x_wconf 79' lang='lat'>112.</span> 
     </span>
    </p>
   </div>
   <div class='ocr_carea' id='block_1_6' title="bbox 191 795 879 908">
    <p class='ocr_par' dir='ltr' id='par_1_6' title="bbox 191 795 879 908">
     <span class='ocr_line' id='line_1_8' title="bbox 443 795 860 827; baseline 0.002 -8"><span class='ocrx_word' id='word_1_33' title='bbox 443 799 502 819; x_wconf 86' lang='lat' dir='ltr'>tum</span> <span class='ocrx_word' id='word_1_34' title='bbox 514 801 573 819; x_wconf 82' lang='lat' dir='ltr'>vox</span> <span class='ocrx_word' id='word_1_35' title='bbox 584 795 717 820; x_wconf 84' lang='lat' dir='ltr'>horrenda</span> <span class='ocrx_word' id='word_1_36' title='bbox 727 802 773 827; x_wconf 88' lang='lat' dir='ltr'>per</span> <span class='ocrx_word' id='word_1_37' title='bbox 784 801 860 820; x_wconf 86' lang='lat' dir='ltr'>auras</span> 
     </span>
     <span class='ocr_line' id='line_1_9' title="bbox 191 835 879 868; baseline -0.003 -6"><span class='ocrx_word' id='word_1_38' title='bbox 191 837 308 867; x_wconf 80' lang='lat' dir='ltr'>Excidit,</span> <span class='ocrx_word' id='word_1_39' title='bbox 322 840 349 861; x_wconf 86' lang='lat' dir='ltr'>et</span> <span class='ocrx_word' id='word_1_40' title='bbox 359 837 465 860; x_wconf 81' lang='lat' dir='ltr'>Troum</span> <span class='ocrx_word' id='word_1_41' title='bbox 477 835 692 867; x_wconf 82' lang='lat' dir='ltr'>Rutulorumque</span> <span class='ocrx_word' id='word_1_42' title='bbox 702 835 805 868; x_wconf 78' lang='lat' dir='ltr'><em>agmina</em></span> <span class='ocrx_word' id='word_1_43' title='bbox 823 842 879 860; x_wconf 83' lang='lat' dir='ltr'>con-</span> 
     </span>
     <span class='ocr_line' id='line_1_10' title="bbox 265 875 325 908; baseline 0 -8"><span class='ocrx_word' id='word_1_44' title='bbox 265 875 325 908; x_wconf 70' lang='lat' dir='ltr'>pler.</span> 
     </span>
    </p>
   </div>
   <div class='ocr_carea' id='block_1_7' title="bbox 161 945 881 1037">
    <p class='ocr_par' dir='ltr' id='par_1_7' title="bbox 161 945 881 1037">
     <span class='ocr_line' id='line_1_11' title="bbox 201 945 881 987; baseline 0 -11"><span class='ocrx_word' id='word_1_45' title='bbox 201 946 275 977; x_wconf 89' lang='lat' dir='ltr'>Ver.</span> <span class='ocrx_word' id='word_1_46' title='bbox 294 950 383 978; x_wconf 90' lang='lat'>1066.</span> <span class='ocrx_word' id='word_1_47' title='bbox 403 945 512 987; x_wconf 76' lang='lat' dir='ltr'>linguei</span> <span class='ocrx_word' id='word_1_48' title='bbox 533 947 671 977; x_wconf 82' lang='lat' dir='ltr'><em>lambere.</em></span> <span class='ocrx_word' id='word_1_49' title='bbox 716 945 807 976; x_wconf 87' lang='lat' dir='ltr'>Idem</span> <span class='ocrx_word' id='word_1_50' title='bbox 828 945 881 976; x_wconf 89' lang='lat' dir='ltr'>ille</span> 
     </span>
     <span class='ocr_line' id='line_1_12' title="bbox 161 995 552 1037; baseline 0.003 -11"><span class='ocrx_word' id='word_1_51' title='bbox 161 995 326 1037; x_wconf 81' lang='lat' dir='ltr'>Virgilius,</span> <span class='ocrx_word' id='word_1_52' title='bbox 343 998 417 1027; x_wconf 85' lang='lat' dir='ltr'>AEn.</span> <span class='ocrx_word' id='word_1_53' title='bbox 434 997 465 1027; x_wconf 89' lang='lat' dir='ltr'>ii.</span> <span class='ocrx_word' id='word_1_54' title='bbox 482 1000 552 1027; x_wconf 76' lang='lat'>211.</span> 
     </span>
    </p>
   </div>
   <div class='ocr_carea' id='block_1_8' title="bbox 223 1078 794 1111">
    <p class='ocr_par' dir='ltr' id='par_1_8' title="bbox 223 1078 794 1111">
     <span class='ocr_line' id='line_1_13' title="bbox 223 1078 794 1111; baseline 0.002 -7"><span class='ocrx_word' id='word_1_55' title='bbox 223 1078 301 1104; x_wconf 85' lang='lat' dir='ltr'>Sibila</span> <span class='ocrx_word' id='word_1_56' title='bbox 313 1078 453 1104; x_wconf 74' lang='lat' dir='ltr'><em>lambebant</em></span> <span class='ocrx_word' id='word_1_57' title='bbox 462 1079 555 1111; x_wconf 64' lang='lat' dir='ltr'>liugan</span> <span class='ocrx_word' id='word_1_58' title='bbox 565 1079 728 1105; x_wconf 83' lang='lat' dir='ltr'>vibrantibus</span> <span class='ocrx_word' id='word_1_59' title='bbox 738 1086 794 1105; x_wconf 84' lang='lat' dir='ltr'>ora.</span> 
     </span>
    </p>
   </div>
   <div class='ocr_carea' id='block_1_9' title="bbox 160 1152 884 1448">
    <p class='ocr_par' dir='ltr' id='par_1_9' title="bbox 160 1152 884 1448">
     <span class='ocr_line' id='line_1_14' title="bbox 204 1152 882 1194; baseline 0.001 -11"><span class='ocrx_word' id='word_1_60' title='bbox 204 1152 285 1183; x_wconf 90' lang='lat' dir='ltr'>Ibid.</span> <span class='ocrx_word' id='word_1_61' title='bbox 308 1155 436 1184; x_wconf 85' lang='lat' dir='ltr'><strong><em>lambere</em></strong></span> <span class='ocrx_word' id='word_1_62' title='bbox 459 1160 596 1184; x_wconf 83' lang='lat' dir='ltr'>tentant.-</span> <span class='ocrx_word' id='word_1_63' title='bbox 623 1154 708 1194; x_wconf 59' lang='lat' dir='ltr'>qumi</span> <span class='ocrx_word' id='word_1_64' title='bbox 725 1154 774 1184; x_wconf 83' lang='lat' dir='ltr'>vix</span> <span class='ocrx_word' id='word_1_65' title='bbox 793 1154 882 1193; x_wconf 88' lang='lat' dir='ltr'>perfi-</span> 
     </span>
     <span class='ocr_line' id='line_1_15' title="bbox 162 1204 884 1245; baseline 0 -11"><span class='ocrx_word' id='word_1_66' title='bbox 162 1209 274 1234; x_wconf 87' lang='lat' dir='ltr'>cerent.</span> <span class='ocrx_word' id='word_1_67' title='bbox 320 1204 487 1241; x_wconf 88' lang='lat' dir='ltr'>Nimirum,</span> <span class='ocrx_word' id='word_1_68' title='bbox 515 1206 572 1235; x_wconf 88' lang='lat' dir='ltr'>hac.</span> <span class='ocrx_word' id='word_1_69' title='bbox 596 1205 730 1235; x_wconf 84' lang='lat' dir='ltr'>ostendit</span> <span class='ocrx_word' id='word_1_70' title='bbox 744 1205 884 1245; x_wconf 84' lang='lat' dir='ltr'>elegante</span> 
     </span>
     <span class='ocr_line' id='line_1_16' title="bbox 162 1255 883 1295; baseline 0 -10"><span class='ocrx_word' id='word_1_71' title='bbox 162 1255 275 1294; x_wconf 85' lang='lat' dir='ltr'>phrasi,</span> <span class='ocrx_word' id='word_1_72' title='bbox 291 1265 386 1295; x_wconf 86' lang='lat' dir='ltr'>quam</span> <span class='ocrx_word' id='word_1_73' title='bbox 407 1255 591 1291; x_wconf 83' lang='lat' dir='ltr'>felicissime,</span> <span class='ocrx_word' id='word_1_74' title='bbox 611 1262 759 1285; x_wconf 85' lang='lat' dir='ltr'>maternae</span> <span class='ocrx_word' id='word_1_75' title='bbox 774 1262 883 1286; x_wconf 82' lang='lat' dir='ltr'>tracta-</span> 
     </span>
     <span class='ocr_line' id='line_1_17' title="bbox 162 1306 884 1338; baseline 0.001 -2"><span class='ocrx_word' id='word_1_76' title='bbox 162 1306 257 1337; x_wconf 80' lang='lat' dir='ltr'>tionis</span> <span class='ocrx_word' id='word_1_77' title='bbox 278 1307 518 1337; x_wconf 87' lang='lat' dir='ltr'>mollitudinem.</span> <span class='ocrx_word' id='word_1_78' title='bbox 562 1308 727 1338; x_wconf 86' lang='lat' dir='ltr'>Parcentes</span> <span class='ocrx_word' id='word_1_79' title='bbox 755 1313 884 1338; x_wconf 82' lang='lat' dir='ltr'>conatus</span> 
     </span>
     <span class='ocr_line' id='line_1_18' title="bbox 161 1358 882 1399; baseline 0.003 -11"><span class='ocrx_word' id='word_1_80' title='bbox 161 1358 261 1388; x_wconf 86' lang='lat' dir='ltr'>verbis</span> <span class='ocrx_word' id='word_1_81' title='bbox 296 1358 511 1389; x_wconf 83' lang='lat' dir='ltr'>consimilibus</span> <span class='ocrx_word' id='word_1_82' title='bbox 545 1358 703 1399; x_wconf 64' lang='lat' dir='ltr'>descripsit</span> <span class='ocrx_word' id='word_1_83' title='bbox 733 1360 882 1390; x_wconf 83' lang='lat' dir='ltr'>Mantua-</span> 
     </span>
     <span class='ocr_line' id='line_1_19' title="bbox 160 1409 490 1448; baseline 0.003 -8"><span class='ocrx_word' id='word_1_84' title='bbox 160 1419 234 1448; x_wconf 88' lang='lat' dir='ltr'>nus,</span> <span class='ocrx_word' id='word_1_85' title='bbox 259 1409 334 1440; x_wconf 85' lang='lat' dir='ltr'>AEn.</span> <span class='ocrx_word' id='word_1_86' title='bbox 349 1410 403 1442; x_wconf 79' lang='lat' dir='ltr'>xii.</span> <span class='ocrx_word' id='word_1_87' title='bbox 420 1414 490 1441; x_wconf 84' lang='lat'>104.</span> 
     </span>
    </p>
   </div>
   <div class='ocr_carea' id='block_1_10' title="bbox 208 1495 393 1504">
    <p class='ocr_par' dir='ltr' id='par_1_10' title="bbox 208 1495 393 1504">
     <span class='ocr_line' id='line_1_20' title="bbox 208 1495 393 1504; baseline 0 0"><span class='ocrx_word' id='word_1_88' title='bbox 208 1495 393 1504; x_wconf 95' lang='lat' dir='ltr'> </span> 
     </span>
    </p>
   </div>
   <div class='ocr_carea' id='block_1_11' title="bbox 402 1483 822 1514">
    <p class='ocr_par' dir='ltr' id='par_1_11' title="bbox 402 1483 822 1514">
     <span class='ocr_line' id='line_1_21' title="bbox 402 1483 822 1514; baseline 0.002 -6"><span class='ocrx_word' id='word_1_89' title='bbox 402 1485 484 1514; x_wconf 84' lang='lat' dir='ltr'>atque</span> <span class='ocrx_word' id='word_1_90' title='bbox 494 1483 569 1508; x_wconf 68' lang='lat' dir='ltr'>imm*</span> <span class='ocrx_word' id='word_1_91' title='bbox 579 1484 606 1508; x_wconf 86' lang='lat' dir='ltr'>in</span> <span class='ocrx_word' id='word_1_92' title='bbox 617 1491 718 1510; x_wconf 85' lang='lat' dir='ltr'>cornua</span> <span class='ocrx_word' id='word_1_93' title='bbox 729 1487 822 1510; x_wconf 78' lang='lat' dir='ltr'>tentat.-</span> 
     </span>
    </p>
   </div>
   <div class='ocr_carea' id='block_1_12' title="bbox 161 1554 886 1746">
    <p class='ocr_par' dir='ltr' id='par_1_12' title="bbox 161 1554 886 1746">
     <span class='ocr_line' id='line_1_22' title="bbox 162 1554 883 1596; baseline 0.001 -10"><span class='ocrx_word' id='word_1_94' title='bbox 162 1554 362 1594; x_wconf 74' lang='grc' dir='ltr'>πεφιδημενως,</span> <span class='ocrx_word' id='word_1_95' title='bbox 388 1560 423 1585; x_wconf 89' lang='lat' dir='ltr'>ut</span> <span class='ocrx_word' id='word_1_96' title='bbox 439 1565 565 1596; x_wconf 87' lang='lat' dir='ltr'>aequum</span> <span class='ocrx_word' id='word_1_97' title='bbox 588 1561 644 1594; x_wconf 87' lang='lat' dir='ltr'>est,</span> <span class='ocrx_word' id='word_1_98' title='bbox 658 1556 692 1586; x_wconf 90' lang='lat' dir='ltr'>in</span> <span class='ocrx_word' id='word_1_99' title='bbox 717 1563 815 1587; x_wconf 86' lang='lat' dir='ltr'>semet</span> <span class='ocrx_word' id='word_1_100' title='bbox 828 1566 883 1586; x_wconf 90' lang='lat' dir='ltr'>sae-</span> 
     </span>
     <span class='ocr_line' id='line_1_23' title="bbox 162 1605 886 1637; baseline 0.003 -2"><span class='ocrx_word' id='word_1_101' title='bbox 162 1605 257 1636; x_wconf 86' lang='lat' dir='ltr'>viens.</span> <span class='ocrx_word' id='word_1_102' title='bbox 301 1605 478 1636; x_wconf 85' lang='lat' dir='ltr'>Gemellam</span> <span class='ocrx_word' id='word_1_103' title='bbox 492 1606 653 1636; x_wconf 89' lang='lat' dir='ltr'>notionem</span> <span class='ocrx_word' id='word_1_104' title='bbox 667 1613 770 1637; x_wconf 86' lang='lat' dir='ltr'>noster</span> <span class='ocrx_word' id='word_1_105' title='bbox 788 1607 886 1637; x_wconf 87' lang='lat' dir='ltr'>Carus</span> 
     </span>
     <span class='ocr_line' id='line_1_24' title="bbox 161 1657 886 1695; baseline 0.003 -9"><span class='ocrx_word' id='word_1_106' title='bbox 161 1657 266 1686; x_wconf 84' lang='lat' dir='ltr'>statim</span> <span class='ocrx_word' id='word_1_107' title='bbox 281 1657 406 1687; x_wconf 84' lang='lat' dir='ltr'>exhibet</span> <span class='ocrx_word' id='word_1_108' title='bbox 424 1657 560 1695; x_wconf 83' lang='lat' dir='ltr'>uberius,</span> <span class='ocrx_word' id='word_1_109' title='bbox 583 1667 623 1686; x_wconf 92' lang='lat' dir='ltr'>ne</span> <span class='ocrx_word' id='word_1_110' title='bbox 645 1657 766 1688; x_wconf 86' lang='lat' dir='ltr'>minore</span> <span class='ocrx_word' id='word_1_111' title='bbox 780 1664 886 1688; x_wconf 86' lang='lat' dir='ltr'>tamen</span> 
     </span>
     <span class='ocr_line' id='line_1_25' title="bbox 162 1707 851 1746; baseline 0.003 -8"><span class='ocrx_word' id='word_1_112' title='bbox 162 1717 235 1738; x_wconf 87' lang='lat' dir='ltr'>cum</span> <span class='ocrx_word' id='word_1_113' title='bbox 250 1707 379 1738; x_wconf 84' lang='lat' dir='ltr'>artificio</span> <span class='ocrx_word' id='word_1_114' title='bbox 394 1717 430 1738; x_wconf 89' lang='lat' dir='ltr'>ac</span> <span class='ocrx_word' id='word_1_115' title='bbox 443 1714 617 1746; x_wconf 83' lang='lat' dir='ltr'>venustate,</span> <span class='ocrx_word' id='word_1_116' title='bbox 633 1708 667 1738; x_wconf 92' lang='lat' dir='ltr'>in</span> <span class='ocrx_word' id='word_1_117' title='bbox 681 1718 742 1739; x_wconf 88' lang='lat' dir='ltr'>ver.</span> <span class='ocrx_word' id='word_1_118' title='bbox 759 1712 851 1740; x_wconf 88' lang='lat'>1068.</span> 
     </span>
    </p>
   </div>
   <div class='ocr_carea' id='block_1_13' title="bbox 163 1767 895 2580">
    <p class='ocr_par' dir='ltr' id='par_1_13' title="bbox 163 1767 895 2580">
     <span class='ocr_line' id='line_1_26' title="bbox 204 1767 887 1805; baseline 0.001 -7"><span class='ocrx_word' id='word_1_119' title='bbox 204 1768 280 1798; x_wconf 88' lang='lat' dir='ltr'>Ver.</span> <span class='ocrx_word' id='word_1_120' title='bbox 298 1771 390 1799; x_wconf 87' lang='lat'>1067.</span> <span class='ocrx_word' id='word_1_121' title='bbox 425 1769 508 1799; x_wconf 82' lang='lat' dir='ltr'>Aut:</span> <span class='ocrx_word' id='word_1_122' title='bbox 534 1768 576 1798; x_wconf 90' lang='lat' dir='ltr'>V.</span> <span class='ocrx_word' id='word_1_123' title='bbox 606 1767 655 1799; x_wconf 87' lang='lat' dir='ltr'>ed.</span> <span class='ocrx_word' id='word_1_124' title='bbox 685 1772 721 1799; x_wconf 78' lang='grc' dir='ltr'><strong>Σ.</strong></span> <span class='ocrx_word' id='word_1_125' title='bbox 751 1770 810 1805; x_wconf 83' lang='grc' dir='ltr'><em>Αι,-</em></span> <span class='ocrx_word' id='word_1_126' title='bbox 847 1768 887 1799; x_wconf 94' lang='grc' dir='ltr'><strong>Ο.</strong></span> 
     </span>
     <span class='ocr_line' id='line_1_27' title="bbox 163 1819 889 1860; baseline -0.001 -10"><span class='ocrx_word' id='word_1_127' title='bbox 163 1819 454 1859; x_wconf 79' lang='lat' dir='ltr'>Atque.——lactant.·</span> <span class='ocrx_word' id='word_1_128' title='bbox 481 1819 524 1848; x_wconf 88' lang='lat' dir='ltr'>sic</span> <span class='ocrx_word' id='word_1_129' title='bbox 546 1829 656 1849; x_wconf 89' lang='lat' dir='ltr'>omnes</span> <span class='ocrx_word' id='word_1_130' title='bbox 676 1829 770 1849; x_wconf 88' lang='lat' dir='ltr'>omne</span> <span class='ocrx_word' id='word_1_131' title='bbox 787 1829 889 1860; x_wconf 84' lang='lat' dir='ltr'>genus</span> 
     </span>
     <span class='ocr_line' id='line_1_28' title="bbox 163 1869 889 1908; baseline 0.001 -8"><span class='ocrx_word' id='word_1_132' title='bbox 163 1869 236 1901; x_wconf 90' lang='lat' dir='ltr'>libri</span> <span class='ocrx_word' id='word_1_133' title='bbox 267 1877 399 1908; x_wconf 79' lang='lat' dir='ltr'>veteres3</span> <span class='ocrx_word' id='word_1_134' title='bbox 435 1870 568 1901; x_wconf 85' lang='lat' dir='ltr'>editores</span> <span class='ocrx_word' id='word_1_135' title='bbox 597 1870 740 1901; x_wconf 87' lang='lat' dir='ltr'>hodierni</span> <span class='ocrx_word' id='word_1_136' title='bbox 765 1871 804 1901; x_wconf 90' lang='lat' dir='ltr'>de</span> <span class='ocrx_word' id='word_1_137' title='bbox 832 1881 889 1901; x_wconf 92' lang='lat' dir='ltr'>suo</span> 
     </span>
     <span class='ocr_line' id='line_1_29' title="bbox 163 1921 891 1963; baseline 0.001 -12"><span class='ocrx_word' id='word_1_138' title='bbox 163 1921 436 1962; x_wconf 85' lang='lat' dir='ltr'>impudentissime</span> <span class='ocrx_word' id='word_1_139' title='bbox 451 1921 640 1952; x_wconf 83' lang='lat' dir='ltr'>inferserunt</span> <span class='ocrx_word' id='word_1_140' title='bbox 648 1922 788 1962; x_wconf 77' lang='lat' dir='ltr'>jactant,</span> <span class='ocrx_word' id='word_1_141' title='bbox 803 1922 891 1963; x_wconf 89' lang='lat' dir='ltr'>quasi</span> 
     </span>
     <span class='ocr_line' id='line_1_30' title="bbox 164 1972 891 2013; baseline 0.003 -11"><span class='ocrx_word' id='word_1_142' title='bbox 164 1973 235 2013; x_wconf 87' lang='lat' dir='ltr'>quis</span> <span class='ocrx_word' id='word_1_143' title='bbox 253 1972 386 2013; x_wconf 88' lang='lat' dir='ltr'>Anglice</span> <span class='ocrx_word' id='word_1_144' title='bbox 407 1982 556 2012; x_wconf 85' lang='lat' dir='ltr'>reponere</span> <span class='ocrx_word' id='word_1_145' title='bbox 577 1973 669 2003; x_wconf 84' lang='lat' dir='ltr'>vellet</span> <span class='ocrx_word' id='word_1_146' title='bbox 689 1975 812 2012; x_wconf 81' lang='lat' dir='ltr'>handle,</span> <span class='ocrx_word' id='word_1_147' title='bbox 834 1984 891 2013; x_wconf 89' lang='lat' dir='ltr'>pro</span> 
     </span>
     <span class='ocr_line' id='line_1_31' title="bbox 164 2024 890 2064; baseline 0.001 -10"><span class='ocrx_word' id='word_1_148' title='bbox 164 2025 285 2054; x_wconf 81' lang='lat' dir='ltr'>dandle.</span> <span class='ocrx_word' id='word_1_149' title='bbox 330 2024 394 2054; x_wconf 87' lang='lat' dir='ltr'>Hae</span> <span class='ocrx_word' id='word_1_150' title='bbox 409 2034 482 2054; x_wconf 87' lang='lat' dir='ltr'>vero</span> <span class='ocrx_word' id='word_1_151' title='bbox 502 2024 714 2064; x_wconf 86' lang='lat' dir='ltr'>corruptiones</span> <span class='ocrx_word' id='word_1_152' title='bbox 735 2025 890 2056; x_wconf 90' lang='lat' dir='ltr'>nobilissi-</span> 
     </span>
     <span class='ocr_line' id='line_1_32' title="bbox 164 2075 891 2117; baseline 0.003 -12"><span class='ocrx_word' id='word_1_153' title='bbox 164 2085 290 2106; x_wconf 91' lang='lat' dir='ltr'>morum</span> <span class='ocrx_word' id='word_1_154' title='bbox 305 2075 491 2115; x_wconf 78' lang='lat' dir='ltr'>scriptorum</span> <span class='ocrx_word' id='word_1_155' title='bbox 506 2076 639 2107; x_wconf 87' lang='lat' dir='ltr'>minime</span> <span class='ocrx_word' id='word_1_156' title='bbox 654 2082 728 2107; x_wconf 86' lang='lat' dir='ltr'>sunt</span> <span class='ocrx_word' id='word_1_157' title='bbox 741 2077 891 2117; x_wconf 85' lang='lat' dir='ltr'>ferendae,</span> 
     </span>
     <span class='ocr_line' id='line_1_33' title="bbox 164 2127 893 2168; baseline 0.005 -12"><span class='ocrx_word' id='word_1_158' title='bbox 164 2136 224 2157; x_wconf 84' lang='lat' dir='ltr'>nec</span> <span class='ocrx_word' id='word_1_159' title='bbox 246 2127 313 2158; x_wconf 89' lang='lat' dir='ltr'>sine</span> <span class='ocrx_word' id='word_1_160' title='bbox 335 2127 540 2158; x_wconf 83' lang='lat' dir='ltr'>acerbissimis</span> <span class='ocrx_word' id='word_1_161' title='bbox 561 2127 828 2168; x_wconf 85' lang='lat' dir='ltr'>objurgationibus</span> <span class='ocrx_word' id='word_1_162' title='bbox 846 2129 893 2160; x_wconf 81' lang='lat' dir='ltr'>di-</span> 
     </span>
     <span class='ocr_line' id='line_1_34' title="bbox 167 2177 891 2212; baseline 0.006 -5"><span class='ocrx_word' id='word_1_163' title='bbox 167 2177 337 2208; x_wconf 74' lang='lat' dir='ltr'>mittendae.</span> <span class='ocrx_word' id='word_1_164' title='bbox 382 2177 506 2209; x_wconf 86' lang='lat' dir='ltr'>Redeas</span> <span class='ocrx_word' id='word_1_165' title='bbox 531 2185 678 2209; x_wconf 80' lang='lat' dir='ltr'>annotata</span> <span class='ocrx_word' id='word_1_166' title='bbox 702 2179 742 2210; x_wconf 87' lang='lat' dir='ltr'>ad</span> <span class='ocrx_word' id='word_1_167' title='bbox 764 2180 803 2210; x_wconf 86' lang='lat' dir='ltr'>iv.</span> <span class='ocrx_word' id='word_1_168' title='bbox 821 2184 891 2212; x_wconf 89' lang='grc'><strong>989.</strong></span> 
     </span>
     <span class='ocr_line' id='line_1_35' title="bbox 169 2231 893 2273; baseline 0.004 -13"><span class='ocrx_word' id='word_1_169' title='bbox 169 2236 358 2269; x_wconf 77' lang='lat' dir='ltr'>—potentes.·</span> <span class='ocrx_word' id='word_1_170' title='bbox 400 2231 444 2262; x_wconf 89' lang='lat' dir='ltr'>sic</span> <span class='ocrx_word' id='word_1_171' title='bbox 472 2231 597 2271; x_wconf 85' lang='lat' dir='ltr'>optime,</span> <span class='ocrx_word' id='word_1_172' title='bbox 634 2232 727 2273; x_wconf 86' lang='lat' dir='ltr'>longe</span> <span class='ocrx_word' id='word_1_173' title='bbox 763 2233 893 2272; x_wconf 80' lang='lat' dir='ltr'>optime,</span> 
     </span>
     <span class='ocr_line' id='line_1_36' title="bbox 167 2281 892 2322; baseline 0.006 -11"><span class='ocrx_word' id='word_1_174' title='bbox 167 2281 319 2320; x_wconf 88' lang='lat' dir='ltr'>scriptum</span> <span class='ocrx_word' id='word_1_175' title='bbox 334 2289 491 2322; x_wconf 89' lang='lat' dir='ltr'>comparet</span> <span class='ocrx_word' id='word_1_176' title='bbox 512 2283 545 2313; x_wconf 89' lang='lat' dir='ltr'>in</span> <span class='ocrx_word' id='word_1_177' title='bbox 561 2283 657 2313; x_wconf 91' lang='lat' dir='ltr'>Vind.</span> <span class='ocrx_word' id='word_1_178' title='bbox 674 2284 709 2313; x_wconf 94' lang='lat' dir='ltr'>L.</span> <span class='ocrx_word' id='word_1_179' title='bbox 727 2284 775 2314; x_wconf 88' lang='lat' dir='ltr'>M.</span> <span class='ocrx_word' id='word_1_180' title='bbox 791 2289 828 2315; x_wconf 78' lang='grc' dir='ltr'><strong>Σ.</strong></span> <span class='ocrx_word' id='word_1_181' title='bbox 847 2291 892 2315; x_wconf 84' lang='grc' dir='ltr'><strong>Ω.</strong></span> 
     </span>
     <span class='ocr_line' id='line_1_37' title="bbox 169 2332 892 2372; baseline 0.004 -11"><span class='ocrx_word' id='word_1_182' title='bbox 169 2332 284 2370; x_wconf 84' lang='lat' dir='ltr'>caeteri,</span> <span class='ocrx_word' id='word_1_183' title='bbox 295 2339 435 2372; x_wconf 79' lang='lat' dir='ltr'>petentes.</span> <span class='ocrx_word' id='word_1_184' title='bbox 469 2333 584 2364; x_wconf 65' lang='lat' dir='ltr'>Nostra</span> <span class='ocrx_word' id='word_1_185' title='bbox 599 2333 732 2364; x_wconf 89' lang='lat' dir='ltr'>lectione</span> <span class='ocrx_word' id='word_1_186' title='bbox 745 2334 825 2364; x_wconf 90' lang='lat' dir='ltr'>nihil</span> <span class='ocrx_word' id='word_1_187' title='bbox 839 2345 892 2365; x_wconf 86' lang='lat' dir='ltr'>ex-</span> 
     </span>
     <span class='ocr_line' id='line_1_38' title="bbox 168 2383 891 2426; baseline 0.006 -13"><span class='ocrx_word' id='word_1_188' title='bbox 168 2383 320 2424; x_wconf 87' lang='lat' dir='ltr'>quisitius.</span> <span class='ocrx_word' id='word_1_189' title='bbox 358 2387 381 2402; x_wconf 93' lang='lat'><strong>“</strong></span> <span class='ocrx_word' id='word_1_190' title='bbox 399 2384 550 2420; x_wconf 85' lang='lat' dir='ltr'>Quamvis</span> <span class='ocrx_word' id='word_1_191' title='bbox 564 2385 625 2415; x_wconf 88' lang='lat' dir='ltr'>sint</span> <span class='ocrx_word' id='word_1_192' title='bbox 636 2396 735 2416; x_wconf 85' lang='lat' dir='ltr'>morsu</span> <span class='ocrx_word' id='word_1_193' title='bbox 746 2392 891 2426; x_wconf 79' lang='lat' dir='ltr'>potentes,</span> 
     </span>
     <span class='ocr_line' id='line_1_39' title="bbox 170 2435 892 2474; baseline 0.004 -9"><span class='ocrx_word' id='word_1_194' title='bbox 170 2439 193 2454; x_wconf 89' lang='lat'><strong>“</strong></span> <span class='ocrx_word' id='word_1_195' title='bbox 209 2441 240 2465; x_wconf 92' lang='lat' dir='ltr'>et</span> <span class='ocrx_word' id='word_1_196' title='bbox 263 2445 316 2466; x_wconf 90' lang='lat' dir='ltr'>ore</span> <span class='ocrx_word' id='word_1_197' title='bbox 341 2435 519 2474; x_wconf 87' lang='lat' dir='ltr'>fortissimo,</span> <span class='ocrx_word' id='word_1_198' title='bbox 545 2437 734 2468; x_wconf 86' lang='lat' dir='ltr'>mollissimis</span> <span class='ocrx_word' id='word_1_199' title='bbox 755 2444 892 2468; x_wconf 86' lang='lat' dir='ltr'>tantum-</span> 
     </span>
     <span class='ocr_line' id='line_1_40' title="bbox 170 2487 895 2521; baseline 0.006 -4"><span class='ocrx_word' id='word_1_200' title='bbox 170 2490 193 2506; x_wconf 87' lang='lat'><strong><em>“</em></strong></span> <span class='ocrx_word' id='word_1_201' title='bbox 209 2487 303 2518; x_wconf 90' lang='lat' dir='ltr'>modo</span> <span class='ocrx_word' id='word_1_202' title='bbox 319 2493 498 2518; x_wconf 85' lang='lat' dir='ltr'>tenerorum</span> <span class='ocrx_word' id='word_1_203' title='bbox 512 2488 656 2519; x_wconf 86' lang='lat' dir='ltr'>dentium</span> <span class='ocrx_word' id='word_1_204' title='bbox 677 2490 895 2521; x_wconf 86' lang='lat' dir='ltr'>morsiunculis</span> 
     </span>
     <span class='ocr_line' id='line_1_41' title="bbox 170 2538 724 2580; baseline 0.007 -12"><span class='ocrx_word' id='word_1_205' title='bbox 170 2541 193 2557; x_wconf 87' lang='lat'>“</span> <span class='ocrx_word' id='word_1_206' title='bbox 208 2538 500 2569; x_wconf 82' lang='lat' dir='ltr'>utuntur.‘’—Mox</span> <span class='ocrx_word' id='word_1_207' title='bbox 517 2546 557 2570; x_wconf 91' lang='lat'>11.</span> <span class='ocrx_word' id='word_1_208' title='bbox 572 2543 724 2580; x_wconf 77' lang='lat' dir='ltr'>Suspensi.</span> 
     </span>
    </p>
   </div>
   <div class='ocr_carea' id='block_1_14' title="bbox 168 2597 897 2950">
    <p class='ocr_par' dir='ltr' id='par_1_14' title="bbox 168 2597 897 2950">
     <span class='ocr_line' id='line_1_42' title="bbox 211 2597 896 2638; baseline 0.009 -12"><span class='ocrx_word' id='word_1_209' title='bbox 211 2597 287 2627; x_wconf 86' lang='lat' dir='ltr'>Ver.</span> <span class='ocrx_word' id='word_1_210' title='bbox 305 2601 395 2629; x_wconf 89' lang='grc'><strong>1068.</strong></span> <span class='ocrx_word' id='word_1_211' title='bbox 434 2599 609 2638; x_wconf 74' lang='lat' dir='ltr'>Subspensis</span> <span class='ocrx_word' id='word_1_212' title='bbox 637 2602 796 2632; x_wconf 76' lang='lat' dir='ltr'>dentibus:</span> <span class='ocrx_word' id='word_1_213' title='bbox 827 2601 848 2632; x_wconf 88' lang='lat' dir='ltr'>i.</span> <span class='ocrx_word' id='word_1_214' title='bbox 869 2612 896 2633; x_wconf 89' lang='lat' dir='ltr'>e.</span> 
     </span>
     <span class='ocr_line' id='line_1_43' title="bbox 171 2648 897 2687; baseline 0.008 -9"><span class='ocrx_word' id='word_1_215' title='bbox 171 2648 388 2687; x_wconf 87' lang='lat' dir='ltr'>pendentibus,</span> <span class='ocrx_word' id='word_1_216' title='bbox 419 2655 450 2680; x_wconf 94' lang='lat' dir='ltr'>et</span> <span class='ocrx_word' id='word_1_217' title='bbox 480 2660 545 2681; x_wconf 90' lang='lat' dir='ltr'>non</span> <span class='ocrx_word' id='word_1_218' title='bbox 573 2651 694 2682; x_wconf 87' lang='lat' dir='ltr'>collisis.</span> <span class='ocrx_word' id='word_1_219' title='bbox 739 2653 897 2684; x_wconf 84' lang='lat' dir='ltr'>AEstivum</span> 
     </span>
     <span class='ocr_line' id='line_1_44' title="bbox 169 2699 892 2744; baseline 0.01 -15"><span class='ocrx_word' id='word_1_220' title='bbox 169 2699 268 2730; x_wconf 79' lang='lat' dir='ltr'>solem</span> <span class='ocrx_word' id='word_1_221' title='bbox 283 2700 368 2740; x_wconf 91' lang='lat' dir='ltr'>prius</span> <span class='ocrx_word' id='word_1_222' title='bbox 389 2701 567 2741; x_wconf 91' lang='lat' dir='ltr'>conderem,</span> <span class='ocrx_word' id='word_1_223' title='bbox 592 2714 686 2744; x_wconf 88' lang='lat' dir='ltr'>quam</span> <span class='ocrx_word' id='word_1_224' title='bbox 711 2703 796 2735; x_wconf 82' lang='lat' dir='ltr'>locos</span> <span class='ocrx_word' id='word_1_225' title='bbox 811 2712 892 2736; x_wconf 83' lang='lat' dir='ltr'>vete-</span> 
     </span>
     <span class='ocr_line' id='line_1_45' title="bbox 168 2752 894 2794; baseline 0.008 -13"><span class='ocrx_word' id='word_1_226' title='bbox 168 2760 253 2789; x_wconf 77' lang='lat' dir='ltr'>rum,</span> <span class='ocrx_word' id='word_1_227' title='bbox 276 2753 357 2782; x_wconf 82' lang='lat' dir='ltr'>hanc</span> <span class='ocrx_word' id='word_1_228' title='bbox 380 2752 644 2793; x_wconf 86' lang='lat' dir='ltr'>elegantissimam</span> <span class='ocrx_word' id='word_1_229' title='bbox 659 2755 784 2794; x_wconf 84' lang='lat' dir='ltr'>phrasin</span> <span class='ocrx_word' id='word_1_230' title='bbox 808 2756 894 2787; x_wconf 91' lang='lat' dir='ltr'>illus-</span> 
     </span>
     <span class='ocr_line' id='line_1_46' title="bbox 170 2804 896 2848; baseline 0.011 -17"><span class='ocrx_word' id='word_1_231' title='bbox 170 2807 298 2842; x_wconf 79' lang='lat' dir='ltr'>trantes,</span> <span class='ocrx_word' id='word_1_232' title='bbox 334 2804 468 2835; x_wconf 84' lang='lat' dir='ltr'>valerem</span> <span class='ocrx_word' id='word_1_233' title='bbox 499 2806 679 2843; x_wconf 86' lang='lat' dir='ltr'>adscribere,</span> <span class='ocrx_word' id='word_1_234' title='bbox 717 2807 743 2837; x_wconf 86' lang='lat' dir='ltr'>si</span> <span class='ocrx_word' id='word_1_235' title='bbox 773 2808 896 2848; x_wconf 89' lang='lat' dir='ltr'>singula</span> 
     </span>
     <span class='ocr_line' id='line_1_47' title="bbox 173 2853 896 2900; baseline 0.01 -17"><span class='ocrx_word' id='word_1_236' title='bbox 173 2853 401 2887; x_wconf 84' lang='lat' dir='ltr'>circumvectari</span> <span class='ocrx_word' id='word_1_237' title='bbox 446 2857 565 2889; x_wconf 81' lang='lat' dir='ltr'>vellem.</span> <span class='ocrx_word' id='word_1_238' title='bbox 626 2859 765 2889; x_wconf 85' lang='lat' dir='ltr'>Sufficiat</span> <span class='ocrx_word' id='word_1_239' title='bbox 800 2860 896 2900; x_wconf 83' lang='lat' dir='ltr'>igitur</span> 
     </span>
     <span class='ocr_line' id='line_1_48' title="bbox 179 2906 895 2950; baseline 0.01 -15"><span class='ocrx_word' id='word_1_240' title='bbox 179 2906 311 2944; x_wconf 81' lang='lat' dir='ltr'>paucula</span> <span class='ocrx_word' id='word_1_241' title='bbox 345 2907 545 2940; x_wconf 83' lang='lat' dir='ltr'>defloravisse.</span> <span class='ocrx_word' id='word_1_242' title='bbox 592 2909 738 2941; x_wconf 90' lang='lat' dir='ltr'>Sidonius</span> <span class='ocrx_word' id='word_1_243' title='bbox 775 2911 895 2950; x_wconf 80' lang='lat' dir='ltr'>Apolli.</span> 
     </span>
    </p>
   </div>
   <div class='ocr_carea' id='block_1_15' title="bbox 925 655 1650 792">
    <p class='ocr_par' dir='ltr' id='par_1_15' title="bbox 925 655 1650 792">
     <span class='ocr_line' id='line_1_49' title="bbox 925 655 1647 692; baseline -0.001 -5"><span class='ocrx_word' id='word_1_244' title='bbox 925 657 1008 687; x_wconf 85' lang='lat' dir='ltr'>naris</span> <span class='ocrx_word' id='word_1_245' title='bbox 1032 656 1170 687; x_wconf 84' lang='lat' dir='ltr'>imitatus</span> <span class='ocrx_word' id='word_1_246' title='bbox 1196 662 1243 686; x_wconf 87' lang='lat' dir='ltr'>est</span> <span class='ocrx_word' id='word_1_247' title='bbox 1270 661 1421 692; x_wconf 88' lang='lat' dir='ltr'>nostrum,</span> <span class='ocrx_word' id='word_1_248' title='bbox 1452 655 1511 686; x_wconf 87' lang='lat' dir='ltr'>xvi.</span> <span class='ocrx_word' id='word_1_249' title='bbox 1535 659 1586 687; x_wconf 88' lang='grc'>50.</span> <span class='ocrx_word' id='word_1_250' title='bbox 1608 655 1647 686; x_wconf 86' lang='lat' dir='ltr'>de</span> 
     </span>
     <span class='ocr_line' id='line_1_50' title="bbox 925 708 1650 749; baseline -0.001 -9"><span class='ocrx_word' id='word_1_251' title='bbox 925 710 1047 740; x_wconf 89' lang='lat' dir='ltr'>marino</span> <span class='ocrx_word' id='word_1_252' title='bbox 1081 719 1160 749; x_wconf 86' lang='lat' dir='ltr'>pecu</span> <span class='ocrx_word' id='word_1_253' title='bbox 1193 709 1376 748; x_wconf 78' lang='lat' dir='ltr'>prophetam</span> <span class='ocrx_word' id='word_1_254' title='bbox 1411 715 1568 739; x_wconf 76' lang='lat' dir='ltr'>eructante</span> <span class='ocrx_word' id='word_1_255' title='bbox 1603 708 1650 739; x_wconf 84' lang='lat' dir='ltr'>sic</span> 
     </span>
     <span class='ocr_line' id='line_1_51' title="bbox 925 772 1052 792; baseline -0.008 0"><span class='ocrx_word' id='word_1_256' title='bbox 925 772 1052 792; x_wconf 82' lang='lat' dir='ltr'>canens:</span> 
     </span>
    </p>
   </div>
   <div class='ocr_carea' id='block_1_16' title="bbox 983 856 1135 863">
    <p class='ocr_par' dir='ltr' id='par_1_16' title="bbox 983 856 1135 863">
     <span class='ocr_line' id='line_1_52' title="bbox 983 856 1135 863; baseline 0 0"><span class='ocrx_word' id='word_1_257' title='bbox 983 856 1135 863; x_wconf 95' lang='lat' dir='ltr'> </span> 
     </span>
    </p>
   </div>
   <div class='ocr_carea' id='block_1_17' title="bbox 983 842 1554 913">
    <p class='ocr_par' dir='ltr' id='par_1_17' title="bbox 983 842 1554 913">
     <span class='ocr_line' id='line_1_53' title="bbox 1145 842 1529 874; baseline 0 -8"><span class='ocrx_word' id='word_1_258' title='bbox 1145 849 1226 873; x_wconf 86' lang='lat' dir='ltr'>quem</span> <span class='ocrx_word' id='word_1_259' title='bbox 1235 842 1441 874; x_wconf 82' lang='lat' dir='ltr'>singultantibus</span> <span class='ocrx_word' id='word_1_260' title='bbox 1456 842 1529 868; x_wconf 78' lang='lat' dir='ltr'>extis</span> 
     </span>
     <span class='ocr_line' id='line_1_54' title="bbox 983 881 1554 913; baseline 0 -7"><span class='ocrx_word' id='word_1_261' title='bbox 983 882 1103 907; x_wconf 82' lang='lat' dir='ltr'>Esuriens</span> <span class='ocrx_word' id='word_1_262' title='bbox 1116 881 1221 906; x_wconf 87' lang='lat' dir='ltr'>vomuit</span> <span class='ocrx_word' id='word_1_263' title='bbox 1233 885 1348 913; x_wconf 81' lang='lat' dir='ltr'>suspenso</span> <span class='ocrx_word' id='word_1_264' title='bbox 1359 882 1437 907; x_wconf 89' lang='lat' dir='ltr'>belua</span> <span class='ocrx_word' id='word_1_265' title='bbox 1449 889 1554 907; x_wconf 87' lang='lat' dir='ltr'>morsu:</span> 
     </span>
    </p>
   </div>
   <div class='ocr_carea' id='block_1_18' title="bbox 924 956 1650 1089">
    <p class='ocr_par' dir='ltr' id='par_1_18' title="bbox 924 956 1650 1089">
     <span class='ocr_line' id='line_1_55' title="bbox 924 956 1648 997; baseline -0.003 -10"><span class='ocrx_word' id='word_1_266' title='bbox 924 956 943 987; x_wconf 80' lang='lat' dir='ltr'>i.</span> <span class='ocrx_word' id='word_1_267' title='bbox 957 966 983 987; x_wconf 78' lang='lat' dir='ltr'>e.</span> <span class='ocrx_word' id='word_1_268' title='bbox 1007 956 1140 996; x_wconf 64' lang='lat' dir='ltr'>Bnypczen</span> <span class='ocrx_word' id='word_1_269' title='bbox 1156 956 1310 996; x_wconf 71' lang='grc' dir='ltr'><em>φειδομενῳ,</em></span> <span class='ocrx_word' id='word_1_270' title='bbox 1326 957 1373 986; x_wconf 87' lang='lat' dir='ltr'>uti</span> <span class='ocrx_word' id='word_1_271' title='bbox 1388 956 1542 997; x_wconf 79' lang='lat' dir='ltr'>sequiores</span> <span class='ocrx_word' id='word_1_272' title='bbox 1559 956 1648 987; x_wconf 83' lang='lat' dir='ltr'>Grae.</span> 
     </span>
     <span class='ocr_line' id='line_1_56' title="bbox 925 1007 1650 1048; baseline 0 -10"><span class='ocrx_word' id='word_1_273' title='bbox 925 1008 953 1038; x_wconf 91' lang='lat' dir='ltr'>ci</span> <span class='ocrx_word' id='word_1_274' title='bbox 982 1007 1161 1048; x_wconf 81' lang='lat' dir='ltr'>loquuntur.</span> <span class='ocrx_word' id='word_1_275' title='bbox 1206 1008 1293 1038; x_wconf 88' lang='lat' dir='ltr'>Testi</span> <span class='ocrx_word' id='word_1_276' title='bbox 1325 1008 1365 1037; x_wconf 88' lang='lat' dir='ltr'>sit</span> <span class='ocrx_word' id='word_1_277' title='bbox 1395 1007 1560 1046; x_wconf 86' lang='lat' dir='ltr'>Coluthus,</span> <span class='ocrx_word' id='word_1_278' title='bbox 1589 1018 1650 1039; x_wconf 89' lang='lat' dir='ltr'>ver.</span> 
     </span>
     <span class='ocr_line' id='line_1_57' title="bbox 927 1062 998 1089; baseline 0 0"><span class='ocrx_word' id='word_1_279' title='bbox 927 1062 998 1089; x_wconf 79' lang='lat'>227.</span> 
     </span>
    </p>
   </div>
   <div class='ocr_carea' id='block_1_19' title="bbox 967 1142 1652 1185">
    <p class='ocr_par' dir='ltr' id='par_1_19' title="bbox 967 1142 1652 1185">
     <span class='ocr_line' id='line_1_58' title="bbox 967 1142 1652 1185; baseline 0.001 -16"><span class='ocrx_word' id='word_1_280' title='bbox 967 1145 1055 1185; x_wconf 68' lang='grc' dir='ltr'><strong><em>ῼχετο</em></strong></span> <span class='ocrx_word' id='word_1_281' title='bbox 1075 1142 1358 1169; x_wconf 74' lang='grc' dir='ltr'><strong>ΦΕΙΔΟΜΕΝΟΙΣΙΝ</strong></span> <span class='ocrx_word' id='word_1_282' title='bbox 1377 1142 1412 1168; x_wconf 67' lang='lat' dir='ltr'>err*</span> <span class='ocrx_word' id='word_1_283' title='bbox 1426 1143 1572 1170; x_wconf 69' lang='lat' dir='ltr'>1XN1321N</span> <span class='ocrx_word' id='word_1_284' title='bbox 1585 1153 1652 1178; x_wconf 68' lang='grc' dir='ltr'><strong><em>[χνος</em></strong></span> 
     </span>
    </p>
   </div>
   <div class='ocr_carea' id='block_1_20' title="bbox 1081 1204 1178 1230">
    <p class='ocr_par' dir='ltr' id='par_1_20' title="bbox 1081 1204 1178 1230">
     <span class='ocr_line' id='line_1_59' title="bbox 1081 1204 1178 1230; baseline 0.01 -9"><span class='ocrx_word' id='word_1_285' title='bbox 1081 1204 1178 1230; x_wconf 63' lang='grc' dir='ltr'>ερεισας.</span> 
     </span>
    </p>
   </div>
   <div class='ocr_carea' id='block_1_21' title="bbox 929 1268 1654 1412">
    <p class='ocr_par' dir='ltr' id='par_1_21' title="bbox 929 1268 1654 1412">
     <span class='ocr_line' id='line_1_60' title="bbox 929 1268 1654 1310; baseline -0.003 -10"><span class='ocrx_word' id='word_1_286' title='bbox 929 1270 1028 1300; x_wconf 80' lang='lat' dir='ltr'>Multi</span> <span class='ocrx_word' id='word_1_287' title='bbox 1058 1270 1255 1306; x_wconf 87' lang='lat' dir='ltr'>Latinorum,</span> <span class='ocrx_word' id='word_1_288' title='bbox 1293 1279 1371 1310; x_wconf 92' lang='lat' dir='ltr'>quos</span> <span class='ocrx_word' id='word_1_289' title='bbox 1405 1268 1539 1310; x_wconf 87' lang='lat' dir='ltr'>longum</span> <span class='ocrx_word' id='word_1_290' title='bbox 1573 1274 1654 1299; x_wconf 88' lang='lat' dir='ltr'>esset</span> 
     </span>
     <span class='ocr_line' id='line_1_61' title="bbox 929 1320 1653 1361; baseline -0.001 -9"><span class='ocrx_word' id='word_1_291' title='bbox 929 1332 1122 1360; x_wconf 88' lang='lat' dir='ltr'>enumerare,</span> <span class='ocrx_word' id='word_1_292' title='bbox 1166 1322 1311 1352; x_wconf 82' lang='lat' dir='ltr'>dixerunt</span> <span class='ocrx_word' id='word_1_293' title='bbox 1359 1332 1498 1361; x_wconf 77' lang='lat' dir='ltr'>suspenso</span> <span class='ocrx_word' id='word_1_294' title='bbox 1542 1320 1653 1361; x_wconf 86' lang='lat' dir='ltr'>gradu,</span> 
     </span>
     <span class='ocr_line' id='line_1_62' title="bbox 929 1372 1654 1412; baseline -0.001 -9"><span class='ocrx_word' id='word_1_295' title='bbox 929 1373 1016 1412; x_wconf 87' lang='lat' dir='ltr'>pede,</span> <span class='ocrx_word' id='word_1_296' title='bbox 1040 1383 1076 1403; x_wconf 91' lang='lat' dir='ltr'>ac</span> <span class='ocrx_word' id='word_1_297' title='bbox 1097 1373 1226 1411; x_wconf 81' lang='lat' dir='ltr'>similia3</span> <span class='ocrx_word' id='word_1_298' title='bbox 1249 1373 1303 1403; x_wconf 91' lang='lat' dir='ltr'>sed</span> <span class='ocrx_word' id='word_1_299' title='bbox 1328 1373 1442 1403; x_wconf 83' lang='lat' dir='ltr'>Statius</span> <span class='ocrx_word' id='word_1_300' title='bbox 1465 1373 1504 1403; x_wconf 86' lang='lat' dir='ltr'>ad</span> <span class='ocrx_word' id='word_1_301' title='bbox 1527 1372 1654 1403; x_wconf 87' lang='lat' dir='ltr'>Coluthi</span> 
     </span>
    </p>
   </div>
   <div class='ocr_carea' id='block_1_22' title="bbox 930 1425 1654 1509">
    <p class='ocr_par' dir='ltr' id='par_1_22' title="bbox 930 1425 1654 1509">
     <span class='ocr_line' id='line_1_63' title="bbox 930 1425 1654 1465; baseline 0 -10"><span class='ocrx_word' id='word_1_302' title='bbox 930 1436 1051 1456; x_wconf 91' lang='lat' dir='ltr'>morem</span> <span class='ocrx_word' id='word_1_303' title='bbox 1072 1426 1206 1465; x_wconf 86' lang='lat' dir='ltr'>pressius</span> <span class='ocrx_word' id='word_1_304' title='bbox 1230 1425 1352 1456; x_wconf 84' lang='lat' dir='ltr'>locutus</span> <span class='ocrx_word' id='word_1_305' title='bbox 1376 1432 1422 1456; x_wconf 87' lang='lat' dir='ltr'>est</span> <span class='ocrx_word' id='word_1_306' title='bbox 1446 1426 1479 1456; x_wconf 91' lang='lat' dir='ltr'>in</span> <span class='ocrx_word' id='word_1_307' title='bbox 1502 1425 1617 1456; x_wconf 88' lang='lat' dir='ltr'>Achill.</span> <span class='ocrx_word' id='word_1_308' title='bbox 1633 1425 1654 1455; x_wconf 90' lang='lat' dir='ltr'>i.</span> 
     </span>
     <span class='ocr_line' id='line_1_64' title="bbox 933 1480 1005 1509; baseline 0 -1"><span class='ocrx_word' id='word_1_309' title='bbox 933 1480 1005 1509; x_wconf 79' lang='lat'>572.</span> 
     </span>
    </p>
   </div>
   <div class='ocr_carea' id='block_1_23' title="bbox 990 1559 1428 1592">
    <p class='ocr_par' dir='ltr' id='par_1_23' title="bbox 990 1559 1428 1592">
     <span class='ocr_line' id='line_1_65' title="bbox 990 1559 1428 1592; baseline 0 -8"><span class='ocrx_word' id='word_1_310' title='bbox 990 1560 1066 1584; x_wconf 80' lang='lat' dir='ltr'>Nunc</span> <span class='ocrx_word' id='word_1_311' title='bbox 1077 1560 1157 1592; x_wconf 79' lang='lat' dir='ltr'>thyrso</span> <span class='ocrx_word' id='word_1_312' title='bbox 1166 1562 1282 1592; x_wconf 78' lang='lat' dir='ltr'>parcente</span> <span class='ocrx_word' id='word_1_313' title='bbox 1293 1559 1428 1585; x_wconf 77' lang='lat' dir='ltr'>ferit—.</span> 
     </span>
    </p>
   </div>
   <div class='ocr_carea' id='block_1_24' title="bbox 930 1630 1655 1764">
    <p class='ocr_par' dir='ltr' id='par_1_24' title="bbox 930 1630 1655 1764">
     <span class='ocr_line' id='line_1_66' title="bbox 930 1630 1655 1672; baseline -0.001 -10"><span class='ocrx_word' id='word_1_314' title='bbox 930 1632 972 1662; x_wconf 90' lang='lat' dir='ltr'>In</span> <span class='ocrx_word' id='word_1_315' title='bbox 995 1641 1057 1672; x_wconf 90' lang='lat' dir='ltr'>quo</span> <span class='ocrx_word' id='word_1_316' title='bbox 1079 1631 1205 1662; x_wconf 87' lang='lat' dir='ltr'>dicendi</span> <span class='ocrx_word' id='word_1_317' title='bbox 1233 1641 1348 1672; x_wconf 86' lang='lat' dir='ltr'>genere</span> <span class='ocrx_word' id='word_1_318' title='bbox 1377 1630 1513 1661; x_wconf 88' lang='lat' dir='ltr'>Nonnus</span> <span class='ocrx_word' id='word_1_319' title='bbox 1540 1631 1655 1670; x_wconf 88' lang='lat' dir='ltr'>passim</span> 
     </span>
     <span class='ocr_line' id='line_1_67' title="bbox 930 1682 1652 1718; baseline -0.001 -6"><span class='ocrx_word' id='word_1_320' title='bbox 930 1682 1081 1712; x_wconf 80' lang='lat' dir='ltr'>luxuriat:</span> <span class='ocrx_word' id='word_1_321' title='bbox 1119 1682 1225 1712; x_wconf 85' lang='lat' dir='ltr'>confer</span> <span class='ocrx_word' id='word_1_322' title='bbox 1254 1688 1406 1718; x_wconf 89' lang='lat' dir='ltr'>nostrum,</span> <span class='ocrx_word' id='word_1_323' title='bbox 1443 1682 1483 1712; x_wconf 88' lang='lat' dir='ltr'>ad</span> <span class='ocrx_word' id='word_1_324' title='bbox 1511 1682 1556 1712; x_wconf 81' lang='lat' dir='ltr'>iii.</span> <span class='ocrx_word' id='word_1_325' title='bbox 1585 1685 1652 1713; x_wconf 83' lang='lat'>197.</span> 
     </span>
     <span class='ocr_line' id='line_1_68' title="bbox 933 1732 1586 1764; baseline 0.002 -2"><span class='ocrx_word' id='word_1_326' title='bbox 933 1732 1061 1763; x_wconf 89' lang='lat' dir='ltr'>Addam</span> <span class='ocrx_word' id='word_1_327' title='bbox 1078 1733 1208 1763; x_wconf 84' lang='lat' dir='ltr'>Anthol.</span> <span class='ocrx_word' id='word_1_328' title='bbox 1224 1733 1292 1763; x_wconf 79' lang='lat' dir='ltr'>Lat.</span> <span class='ocrx_word' id='word_1_329' title='bbox 1309 1734 1417 1763; x_wconf 83' lang='lat' dir='ltr'>Burm.</span> <span class='ocrx_word' id='word_1_330' title='bbox 1433 1733 1453 1763; x_wconf 88' lang='lat' dir='ltr'>i.</span> <span class='ocrx_word' id='word_1_331' title='bbox 1470 1737 1519 1764; x_wconf 80' lang='lat'>72.</span> <span class='ocrx_word' id='word_1_332' title='bbox 1536 1736 1586 1763; x_wconf 87' lang='grc'>84.</span> 
     </span>
    </p>
   </div>
   <div class='ocr_carea' id='block_1_25' title="bbox 946 1816 1627 1891">
    <p class='ocr_par' dir='ltr' id='par_1_25' title="bbox 946 1816 1627 1891">
     <span class='ocr_line' id='line_1_69' title="bbox 946 1816 1627 1848; baseline 0 -6"><span class='ocrx_word' id='word_1_333' title='bbox 946 1817 1014 1846; x_wconf 79' lang='lat' dir='ltr'>Aut,</span> <span class='ocrx_word' id='word_1_334' title='bbox 1023 1819 1053 1841; x_wconf 92' lang='lat' dir='ltr'>ut</span> <span class='ocrx_word' id='word_1_335' title='bbox 1064 1816 1136 1841; x_wconf 82' lang='lat' dir='ltr'>forte</span> <span class='ocrx_word' id='word_1_336' title='bbox 1147 1816 1243 1848; x_wconf 78' lang='lat' dir='ltr'>magis,</span> <span class='ocrx_word' id='word_1_337' title='bbox 1252 1823 1380 1841; x_wconf 86' lang='lat' dir='ltr'>succenso</span> <span class='ocrx_word' id='word_1_338' title='bbox 1390 1817 1486 1846; x_wconf 83' lang='lat' dir='ltr'>Marte,</span> <span class='ocrx_word' id='word_1_339' title='bbox 1495 1816 1627 1848; x_wconf 81' lang='lat' dir='ltr'>placeret,</span> 
     </span>
     <span class='ocr_line' id='line_1_70' title="bbox 948 1858 1532 1891; baseline -0.003 -6"><span class='ocrx_word' id='word_1_340' title='bbox 948 1860 1078 1886; x_wconf 82' lang='lat' dir='ltr'>Admovit</span> <span class='ocrx_word' id='word_1_341' title='bbox 1088 1859 1180 1884; x_wconf 79' lang='lat' dir='ltr'>teneris</span> <span class='ocrx_word' id='word_1_342' title='bbox 1189 1859 1340 1891; x_wconf 80' lang='lat' dir='ltr'>suspendens</span> <span class='ocrx_word' id='word_1_343' title='bbox 1352 1859 1435 1883; x_wconf 82' lang='lat' dir='ltr'>oscula</span> <span class='ocrx_word' id='word_1_344' title='bbox 1445 1858 1532 1883; x_wconf 81' lang='lat' dir='ltr'>labris.</span> 
     </span>
    </p>
   </div>
   <div class='ocr_carea' id='block_1_26' title="bbox 933 1934 1660 2180">
    <p class='ocr_par' dir='ltr' id='par_1_26' title="bbox 933 1934 1660 2180">
     <span class='ocr_line' id='line_1_71' title="bbox 933 1934 1655 1976; baseline 0 -10"><span class='ocrx_word' id='word_1_345' title='bbox 933 1935 1107 1976; x_wconf 80' lang='lat' dir='ltr'>Exquisite,</span> <span class='ocrx_word' id='word_1_346' title='bbox 1130 1945 1189 1964; x_wconf 90' lang='lat' dir='ltr'>nec</span> <span class='ocrx_word' id='word_1_347' title='bbox 1203 1934 1270 1964; x_wconf 90' lang='lat' dir='ltr'>sine</span> <span class='ocrx_word' id='word_1_348' title='bbox 1283 1934 1429 1964; x_wconf 84' lang='lat' dir='ltr'>Lucretio</span> <span class='ocrx_word' id='word_1_349' title='bbox 1444 1944 1515 1964; x_wconf 91' lang='lat' dir='ltr'>meo</span> <span class='ocrx_word' id='word_1_350' title='bbox 1529 1934 1655 1966; x_wconf 83' lang='lat' dir='ltr'>seilicet.</span> 
     </span>
     <span class='ocr_line' id='line_1_72' title="bbox 935 1984 1659 2024; baseline 0 -8"><span class='ocrx_word' id='word_1_351' title='bbox 935 1986 1050 2024; x_wconf 86' lang='lat' dir='ltr'>Aliter,</span> <span class='ocrx_word' id='word_1_352' title='bbox 1073 1995 1130 2016; x_wconf 90' lang='lat' dir='ltr'>nec</span> <span class='ocrx_word' id='word_1_353' title='bbox 1145 1985 1252 2015; x_wconf 86' lang='lat' dir='ltr'>minus</span> <span class='ocrx_word' id='word_1_354' title='bbox 1266 1984 1393 2024; x_wconf 89' lang='lat' dir='ltr'>pulchre</span> <span class='ocrx_word' id='word_1_355' title='bbox 1414 1991 1531 2024; x_wconf 86' lang='lat' dir='ltr'>tamen,</span> <span class='ocrx_word' id='word_1_356' title='bbox 1551 1996 1659 2016; x_wconf 85' lang='lat' dir='ltr'>sensus</span> 
     </span>
     <span class='ocr_line' id='line_1_73' title="bbox 935 2036 1659 2076; baseline -0.001 -9"><span class='ocrx_word' id='word_1_357' title='bbox 935 2037 1019 2067; x_wconf 88' lang='lat' dir='ltr'>idem</span> <span class='ocrx_word' id='word_1_358' title='bbox 1050 2036 1234 2076; x_wconf 82' lang='lat' dir='ltr'>exprimitur</span> <span class='ocrx_word' id='word_1_359' title='bbox 1261 2036 1337 2066; x_wconf 84' lang='lat' dir='ltr'>ibid.</span> <span class='ocrx_word' id='word_1_360' title='bbox 1364 2036 1397 2066; x_wconf 89' lang='lat' dir='ltr'>ii.</span> <span class='ocrx_word' id='word_1_361' title='bbox 1429 2039 1498 2068; x_wconf 90' lang='grc'>119.</span> <span class='ocrx_word' id='word_1_362' title='bbox 1524 2041 1572 2068; x_wconf 77' lang='grc'><strong>92.</strong></span> <span class='ocrx_word' id='word_1_363' title='bbox 1605 2037 1659 2067; x_wconf 87' lang='lat' dir='ltr'>ubi</span> 
     </span>
     <span class='ocr_line' id='line_1_74' title="bbox 936 2087 1660 2123; baseline -0.003 -3"><span class='ocrx_word' id='word_1_364' title='bbox 936 2089 1159 2120; x_wconf 82' lang='lat' dir='ltr'>Burmannum</span> <span class='ocrx_word' id='word_1_365' title='bbox 1195 2087 1382 2117; x_wconf 75' lang='lat' dir='ltr'>haesimvisse</span> <span class='ocrx_word' id='word_1_366' title='bbox 1416 2087 1524 2123; x_wconf 84' lang='lat' dir='ltr'>miror,</span> <span class='ocrx_word' id='word_1_367' title='bbox 1560 2088 1660 2118; x_wconf 84' lang='lat' dir='ltr'>sobrie</span> 
     </span>
     <span class='ocr_line' id='line_1_75' title="bbox 937 2140 1353 2180; baseline -0.005 -9"><span class='ocrx_word' id='word_1_368' title='bbox 937 2140 1070 2180; x_wconf 89' lang='lat' dir='ltr'>denique</span> <span class='ocrx_word' id='word_1_369' title='bbox 1085 2140 1353 2180; x_wconf 83' lang='lat' dir='ltr'>interpretantem:</span> 
     </span>
    </p>
   </div>
   <div class='ocr_carea' id='block_1_27' title="bbox 996 2222 1604 2296">
    <p class='ocr_par' dir='ltr' id='par_1_27' title="bbox 996 2222 1604 2296">
     <span class='ocr_line' id='line_1_76' title="bbox 996 2222 1604 2255; baseline 0.002 -6"><span class='ocrx_word' id='word_1_370' title='bbox 996 2224 1071 2249; x_wconf 86' lang='lat' dir='ltr'>Valle</span> <span class='ocrx_word' id='word_1_371' title='bbox 1081 2224 1128 2248; x_wconf 86' lang='lat' dir='ltr'>sub</span> <span class='ocrx_word' id='word_1_372' title='bbox 1141 2223 1225 2254; x_wconf 65' lang='lat' dir='ltr'>Idaea,</span> <span class='ocrx_word' id='word_1_373' title='bbox 1237 2224 1303 2247; x_wconf 87' lang='lat' dir='ltr'>dum</span> <span class='ocrx_word' id='word_1_374' title='bbox 1314 2226 1353 2253; x_wconf 84' lang='lat' dir='ltr'>te,</span> <span class='ocrx_word' id='word_1_375' title='bbox 1364 2222 1481 2249; x_wconf 83' lang='lat' dir='ltr'>formose</span> <span class='ocrx_word' id='word_1_376' title='bbox 1490 2224 1604 2255; x_wconf 75' lang='lat' dir='ltr'>lacertos,</span> 
     </span>
     <span class='ocr_line' id='line_1_77' title="bbox 1029 2263 1597 2296; baseline 0.004 -8"><span class='ocrx_word' id='word_1_377' title='bbox 1029 2264 1146 2294; x_wconf 80' lang='lat' dir='ltr'>Invenit,</span> <span class='ocrx_word' id='word_1_378' title='bbox 1160 2267 1187 2289; x_wconf 87' lang='lat' dir='ltr'>et</span> <span class='ocrx_word' id='word_1_379' title='bbox 1195 2267 1280 2296; x_wconf 79' lang='lat' dir='ltr'>presso</span> <span class='ocrx_word' id='word_1_380' title='bbox 1291 2263 1409 2288; x_wconf 90' lang='lat' dir='ltr'>molliter</span> <span class='ocrx_word' id='word_1_381' title='bbox 1420 2271 1503 2296; x_wconf 83' lang='lat' dir='ltr'>ungue</span> <span class='ocrx_word' id='word_1_382' title='bbox 1512 2265 1597 2296; x_wconf 83' lang='lat' dir='ltr'>rapit:</span> 
     </span>
    </p>
   </div>
   <div class='ocr_carea' id='block_1_28' title="bbox 935 2338 1662 2586">
    <p class='ocr_par' dir='ltr' id='par_1_28' title="bbox 935 2338 1662 2586">
     <span class='ocr_line' id='line_1_78' title="bbox 935 2338 1661 2379; baseline 0.001 -9"><span class='ocrx_word' id='word_1_383' title='bbox 935 2339 955 2370; x_wconf 93' lang='lat' dir='ltr'>i.</span> <span class='ocrx_word' id='word_1_384' title='bbox 971 2350 997 2369; x_wconf 89' lang='lat' dir='ltr'>e.</span> <span class='ocrx_word' id='word_1_385' title='bbox 1026 2349 1172 2378; x_wconf 84' lang='lat' dir='ltr'>represso.</span> <span class='ocrx_word' id='word_1_386' title='bbox 1220 2338 1271 2369; x_wconf 91' lang='lat' dir='ltr'>Sic</span> <span class='ocrx_word' id='word_1_387' title='bbox 1300 2344 1406 2369; x_wconf 80' lang='lat' dir='ltr'>autem</span> <span class='ocrx_word' id='word_1_388' title='bbox 1435 2339 1606 2379; x_wconf 86' lang='lat' dir='ltr'>legendum</span> <span class='ocrx_word' id='word_1_389' title='bbox 1626 2340 1661 2372; x_wconf 76' lang='lat' dir='ltr'>in</span> 
     </span>
     <span class='ocr_line' id='line_1_79' title="bbox 935 2390 1661 2432; baseline 0.001 -10"><span class='ocrx_word' id='word_1_390' title='bbox 935 2392 1037 2432; x_wconf 87' lang='lat' dir='ltr'>priore</span> <span class='ocrx_word' id='word_1_391' title='bbox 1052 2401 1148 2427; x_wconf 87' lang='lat' dir='ltr'>versu,</span> <span class='ocrx_word' id='word_1_392' title='bbox 1175 2401 1232 2430; x_wconf 90' lang='lat' dir='ltr'>pro</span> <span class='ocrx_word' id='word_1_393' title='bbox 1256 2390 1449 2430; x_wconf 70' lang='lat' dir='ltr'>ineptissima</span> <span class='ocrx_word' id='word_1_394' title='bbox 1463 2402 1537 2422; x_wconf 91' lang='lat' dir='ltr'>voce</span> <span class='ocrx_word' id='word_1_395' title='bbox 1561 2403 1661 2423; x_wconf 79' lang='lat' dir='ltr'>sacer-</span> 
     </span>
     <span class='ocr_line' id='line_1_80' title="bbox 937 2444 1661 2485; baseline -0.001 -10"><span class='ocrx_word' id='word_1_396' title='bbox 937 2447 1006 2475; x_wconf 85' lang='lat' dir='ltr'>dos:</span> <span class='ocrx_word' id='word_1_397' title='bbox 1039 2444 1060 2474; x_wconf 82' lang='lat' dir='ltr'>i.</span> <span class='ocrx_word' id='word_1_398' title='bbox 1080 2454 1106 2474; x_wconf 82' lang='lat' dir='ltr'>e.</span> <span class='ocrx_word' id='word_1_399' title='bbox 1141 2456 1285 2483; x_wconf 66' lang='grc' dir='ltr'><em>εμπ-ηχος,</em></span> <span class='ocrx_word' id='word_1_400' title='bbox 1320 2450 1544 2485; x_wconf 69' lang='grc' dir='ltr'>αγλαακαρτος·</span> <span class='ocrx_word' id='word_1_401' title='bbox 1577 2444 1661 2484; x_wconf 79' lang='lat' dir='ltr'>quod</span> 
     </span>
     <span class='ocr_line' id='line_1_81' title="bbox 937 2495 1661 2536; baseline -0.001 -9"><span class='ocrx_word' id='word_1_402' title='bbox 937 2495 1148 2535; x_wconf 83' lang='lat' dir='ltr'>pocillatorem</span> <span class='ocrx_word' id='word_1_403' title='bbox 1177 2495 1288 2525; x_wconf 81' lang='lat' dir='ltr'>decuit.</span> <span class='ocrx_word' id='word_1_404' title='bbox 1337 2495 1382 2525; x_wconf 82' lang='lat' dir='ltr'>Et</span> <span class='ocrx_word' id='word_1_405' title='bbox 1413 2495 1548 2536; x_wconf 88' lang='lat' dir='ltr'>Scaliger</span> <span class='ocrx_word' id='word_1_406' title='bbox 1576 2506 1661 2526; x_wconf 90' lang='lat' dir='ltr'>com-</span> 
     </span>
     <span class='ocr_line' id='line_1_82' title="bbox 938 2546 1662 2586; baseline 0 -8"><span class='ocrx_word' id='word_1_407' title='bbox 938 2548 1118 2578; x_wconf 86' lang='lat' dir='ltr'>modissime</span> <span class='ocrx_word' id='word_1_408' title='bbox 1132 2547 1275 2586; x_wconf 83' lang='lat' dir='ltr'>apposuit</span> <span class='ocrx_word' id='word_1_409' title='bbox 1291 2546 1429 2578; x_wconf 85' lang='lat' dir='ltr'>Martial.</span> <span class='ocrx_word' id='word_1_410' title='bbox 1445 2547 1465 2577; x_wconf 85' lang='lat' dir='ltr'>i.</span> <span class='ocrx_word' id='word_1_411' title='bbox 1483 2550 1510 2578; x_wconf 91' lang='grc'>7.</span> <span class='ocrx_word' id='word_1_412' title='bbox 1536 2551 1565 2578; x_wconf 77' lang='lat'>2.</span> <span class='ocrx_word' id='word_1_413' title='bbox 1611 2548 1662 2578; x_wconf 92' lang='lat' dir='ltr'>Sic</span> 
     </span>
    </p>
   </div>
   <div class='ocr_carea' id='block_1_29' title="bbox 939 2601 1662 2683">
    <p class='ocr_par' dir='ltr' id='par_1_29' title="bbox 939 2601 1662 2683">
     <span class='ocr_line' id='line_1_83' title="bbox 939 2601 1662 2642; baseline 0.001 -10"><span class='ocrx_word' id='word_1_414' title='bbox 939 2601 1086 2639; x_wconf 66' lang='lat' dir='ltr'>Nonum,</span> <span class='ocrx_word' id='word_1_415' title='bbox 1116 2601 1246 2642; x_wconf 89' lang='lat' dir='ltr'>Dionys.</span> <span class='ocrx_word' id='word_1_416' title='bbox 1272 2601 1312 2632; x_wconf 86' lang='lat' dir='ltr'>xi.</span> <span class='ocrx_word' id='word_1_417' title='bbox 1336 2613 1365 2641; x_wconf 89' lang='lat' dir='ltr'>p.</span> <span class='ocrx_word' id='word_1_418' title='bbox 1391 2605 1464 2632; x_wconf 81' lang='lat'>312.</span> <span class='ocrx_word' id='word_1_419' title='bbox 1489 2602 1528 2632; x_wconf 92' lang='lat' dir='ltr'>de</span> <span class='ocrx_word' id='word_1_420' title='bbox 1551 2601 1662 2633; x_wconf 67' lang='lat' dir='ltr'>eadem</span> 
     </span>
     <span class='ocr_line' id='line_1_84' title="bbox 939 2664 986 2683; baseline 0.021 -1"><span class='ocrx_word' id='word_1_421' title='bbox 939 2664 986 2683; x_wconf 86' lang='lat' dir='ltr'>re:</span> 
     </span>
    </p>
   </div>
   <div class='ocr_carea' id='block_1_30' title="bbox 977 2738 1665 2772">
    <p class='ocr_par' dir='ltr' id='par_1_30' title="bbox 977 2738 1665 2772">
     <span class='ocr_line' id='line_1_85' title="bbox 977 2738 1665 2772; baseline 0 -8"><span class='ocrx_word' id='word_1_422' title='bbox 977 2738 1222 2765; x_wconf 71' lang='grc' dir='ltr'>ΦΕΙΔοΜΕΝοιΣ</span> <span class='ocrx_word' id='word_1_423' title='bbox 1244 2739 1453 2766; x_wconf 70' lang='grc' dir='ltr'>οΝΥΧΕΣΣιΝ</span> <span class='ocrx_word' id='word_1_424' title='bbox 1473 2746 1582 2772; x_wconf 55' lang='lat' dir='ltr'>mmm</span> <span class='ocrx_word' id='word_1_425' title='bbox 1602 2738 1665 2772; x_wconf 65' lang='grc' dir='ltr'>ὑφ.-</span> 
     </span>
    </p>
   </div>
   <div class='ocr_carea' id='block_1_31' title="bbox 1053 2790 1206 2818">
    <p class='ocr_par' dir='ltr' id='par_1_31' title="bbox 1053 2790 1206 2818">
     <span class='ocr_line' id='line_1_86' title="bbox 1053 2790 1206 2818; baseline 0.007 -4"><span class='ocrx_word' id='word_1_426' title='bbox 1053 2798 1126 2818; x_wconf 60' lang='lat' dir='ltr'>trev-ra</span> <span class='ocrx_word' id='word_1_427' title='bbox 1140 2790 1206 2817; x_wconf 75' lang='grc' dir='ltr'><strong>Ζευς.</strong></span> 
     </span>
    </p>
   </div>
   <div class='ocr_carea' id='block_1_32' title="bbox 939 2862 1663 2944">
    <p class='ocr_par' dir='ltr' id='par_1_32' title="bbox 939 2862 1663 2944">
     <span class='ocr_line' id='line_1_87' title="bbox 939 2862 1663 2904; baseline 0.001 -12"><span class='ocrx_word' id='word_1_428' title='bbox 939 2862 1106 2902; x_wconf 86' lang='lat' dir='ltr'>Apuleius,</span> <span class='ocrx_word' id='word_1_429' title='bbox 1136 2863 1208 2894; x_wconf 90' lang='lat' dir='ltr'>ibid.</span> <span class='ocrx_word' id='word_1_430' title='bbox 1235 2863 1278 2895; x_wconf 89' lang='lat' dir='ltr'>iii.</span> <span class='ocrx_word' id='word_1_431' title='bbox 1305 2868 1376 2896; x_wconf 75' lang='lat'>251.</span> <span class='ocrx_word' id='word_1_432' title='bbox 1406 2868 1435 2896; x_wconf 89' lang='lat'>7.</span> <span class='ocrx_word' id='word_1_433' title='bbox 1465 2863 1663 2904; x_wconf 84' lang='lat' dir='ltr'>tempestivus</span> 
     </span>
     <span class='ocr_line' id='line_1_88' title="bbox 939 2919 1001 2944; baseline 0 -1"><span class='ocrx_word' id='word_1_434' title='bbox 939 2919 1001 2944; x_wconf 87' lang='lat' dir='ltr'>est:</span> 
     </span>
    </p>
   </div>
  </div>
 </body>
</html>
