1926 3224
300 263 362 305 42

801 259 861 306 Τ.
902 258 1276 308 LUCRETII

446 389 616 443 Semper
633 385 758 435 enim,
780 386 1097 442 quodquomque
1114 387 1204 428 fluit
1219 386 1273 427 de
1290 386 1426 434 rebus,
1446 386 1490 426 id
1508 390 1628 429 chine

445 462 563 503 A‘eris
582 461 626 501 in
645 472 843 516 magnum
861 459 989 502 fertur
1008 475 1120 502 mare
1126 478 1139 510 3
1171 460 1241 516 qui
1261 459 1339 500 nisi
1357 465 1502 500 contra

303 615 445 647 consulas
473 615 745 656 Snakenburgum.
799 614 916 646 Culicis
945 625 1019 646 con-

303 668 406 703 fector,
421 677 481 699 ver.
498 670 547 699 17.
569 667 752 699 Lucretium
764 666 901 708 vestigiis
911 668 1022 708 pressis

303 720 453 761 sequitur:

332 792 522 823 Castaliaeque,
538 798 633 817 sonans
642 791 736 825 liquido
749 792 820 824 pede,
831 791 928 817 labitur
939 791 1018 817 unda.

301 857 397 888 Lauti
411 859 540 889 lectores
559 858 700 899 jucunde
722 858 822 889 visent
839 858 1019 889 delicatissi-

301 918 371 938 mos
384 918 488 938 versus
510 908 702 945 Nemesiani,
728 907 784 939 ecl.
799 907 831 938 ii.
847 911 897 939 21.
912 908 955 939 sic
970 908 1018 939 in-

302 958 466 998 tegerrime
480 957 520 988 ad
534 957 685 989 librorum
699 957 794 989 fidem
808 958 949 999 scriptos:

331 1041 400 1073 Quae
421 1042 507 1067 colitis
526 1042 623 1074 sylvas,
647 1043 781 1075 Dryades!
801 1049 918 1076 quaeque
933 1047 1020 1075 antra,

423 1081 462 1105 Na
482 1083 549 1105 aeae!

331 1119 375 1148 Et,
385 1125 450 1149 quae
463 1087 600 1144 gramana
608 1119 680 1152 pede,
692 1119 802 1146 Naides!
820 1121 873 1146 uda
882 1125 991 1147 secantes

330 1159 432 1189 Litora,
443 1165 589 1191 purpureos
600 1160 668 1184 alitis
679 1167 726 1192 per
737 1161 858 1193 gramina
868 1162 958 1193 floren

329 1198 500 1262 Dicitessrcguo
511 1203 590 1231 prato
604 1200 743 1231 Donacen,
759 1200 812 1232 qua
823 1201 894 1227 forte
904 1203 952 1227 sub
962 1209 1021 1228 um-

470 1255 479 1268 ²

328 1276 478 1307 Inveniam,
488 1277 568 1303 roseis
579 1277 758 1310 stringentem
768 1279 820 1304 lilia
831 1280 940 1312 palmis?

300 1351 381 1387 Quae
395 1352 531 1391 profecto
545 1353 691 1383 carminis
713 1354 845 1384 bucolici
872 1354 921 1384 vel
943 1355 1014 1385 sim-

298 1402 501 1442 plicissimam
510 1402 743 1434 mollitudinem
757 1405 917 1443 resipiunt.
943 1404 1019 1435 Pul-

298 1454 371 1486 chre
387 1453 482 1486 Silius
494 1454 601 1492 etiam,
618 1454 701 1485 Pun.
716 1454 755 1484 vi.
772 1458 844 1484 140.

342 1534 480 1559 Turbidus
491 1537 596 1559 arentes
606 1533 680 1559 lento
690 1533 750 1565 pede
760 1533 846 1558 sulcat
856 1540 947 1559 arenas

341 1573 501 1606 Bagrada—.

296 1643 387 1675 Hinc
401 1651 507 1676 autem
523 1644 620 1683 fluvii,
645 1650 682 1675 ut
702 1645 756 1686 qui
777 1647 826 1677 dii
839 1646 901 1676 sint
920 1649 1017 1687 ampu-

298 1704 434 1739 aeopaeopom
449 1697 568 1737 utique,
593 1697 742 1728 dicuntur
767 1698 929 1728 nonnullis
952 1710 1017 1728 am-

296 1749 411 1779 bulare.
471 1748 522 1778 Sic
552 1747 686 1784 Plinius,
715 1753 779 1778 nat.
805 1748 874 1778 hist.
906 1758 932 1778 v.
969 1752 1018 1779 10.

296 1801 321 1817 “
337 1799 643 1834 Mlus‚——immenso
679 1798 884 1839 longitudinis
920 1800 1020 1839 spatio

296 1851 321 1868 “
335 1849 574 1880 ambulans—W
597 1859 667 1890 quae
690 1850 844 1889 po'e'ticarn
874 1850 1017 1881 videntur

296 1900 461 1931 audaciam
489 1901 611 1940 spirare.
660 1901 749 1932 Hinc
779 1902 875 1932 etiam
902 1902 1018 1941 passim

294 1958 424 1983 currunt
440 1952 473 1982 in
488 1953 633 1983 omnibus
648 1953 858 1993 scriptoribus,
883 1954 962 1984 adeo
984 1959 1020 1984 ut

294 2003 386 2033 futile
401 2003 440 2033 sit
455 2013 622 2043 congerere
633 2004 788 2044 exempla:
807 2004 961 2035 adducam
973 2011 1018 2034 ta-

295 2064 370 2085 men
387 2055 540 2085 catonem
559 2055 593 2085 in
610 2055 704 2092 Diris,
721 2066 782 2087 ver.
798 2059 848 2088 67.
871 2063 906 2086 ut
920 2057 1016 2097 expli-

297 2115 378 2143 cem,
394 2112 425 2135 et
439 2105 619 2137 emendem:

324 2186 447 2215 Flectite,
463 2190 589 2211 currentes
599 2187 714 2220 lymphae!
734 2195 801 2220 vaga
812 2188 924 2214 flumina
934 2191 1016 2219 τρίπος

323 2225 448 2255 Flectite,
459 2230 486 2251 et
497 2226 611 2252 adversis
623 2234 727 2252 rursum
739 2227 880 2254 diffundite
891 2228 1000 2260 campis.

295 2295 347 2326 Sic
382 2296 572 2338 legendum;
614 2299 664 2329 vel
703 2301 877 2341 Nymplzae:
922 2300 1017 2341 mlgo

293 2350 433 2389 lymphas
440 2365 451 2385 ,-
477 2350 566 2390 cujus
581 2361 646 2382 non
663 2352 854 2392 expedienda
875 2359 921 2384 est
942 2362 1016 2384 con-

295 2401 433 2431 structio.
478 2403 622 2434 Adversis
649 2409 766 2442 autem,
782 2404 835 2445 qui
850 2411 933 2435 recto
948 2415 1018 2435 cur.

294 2451 343 2481 sui
365 2454 583 2490 adversantur;
607 2464 707 2495 quum
731 2465 786 2495 per
805 2467 905 2495 prona
931 2455 1017 2487 fluvii

293 2501 470 2535 decurrant2
490 2505 545 2545 qui
557 2515 664 2536 sensus
675 2506 842 2537 facillimus
857 2514 912 2544 est,
924 2514 1016 2549 atque

292 2553 521 2594 integerrimus.
567 2556 643 2587 Non
657 2556 838 2598 indigemus
860 2559 957 2600 igitur
979 2574 1017 2592 τε

293 2615 410 2645 sursus,
433 2607 517 2647 quod
532 2608 685 2639 nobismet
701 2609 797 2641 etiam
817 2610 851 2641 in
876 2617 1016 2642 mentem

293 2662 426 2694 venerat,
452 2658 591 2690 virorum
615 2659 789 2698 doctorum,
816 2661 924 2693 multis
940 2673 1014 2694 con-

289 2706 428 2746 jecturis,
445 2709 499 2739 sed
514 2711 601 2741 vanis
615 2711 676 2741 illis
691 2712 820 2753 quidem
835 2719 866 2744 et
879 2714 1016 2746 ineffica-

293 2756 390 2794 cibus,
412 2759 517 2790 locum
532 2761 754 2796 divexantium.
798 2763 934 2805 Nempe,
948 2775 1016 2805 pre-

293 2813 383 2838 catur
405 2810 506 2850 poeta,
537 2818 572 2842 ut
593 2813 625 2844 id
647 2825 756 2846 amnes
777 2816 903 2855 faciant,
932 2817 1017 2858 quod

294 2859 451 2900 Virgilius
465 2862 509 2892 sic
523 2863 621 2901 aliter,
637 2867 774 2905 phrasim
795 2868 1017 2900 Lucretianam

293 2916 470 2952 mutuatus,
485 2913 663 2956 declaravit,
679 2917 720 2949 ad
736 2919 811 2951 AEn.
826 2918 868 2951 ix.
885 2922 957 2952 125.

1404 615 1548 637 cunctatur
1557 614 1586 637 et
1595 611 1691 642 amnis,

1064 655 1153 678 Rauca
1161 659 1265 683 sonans,
1273 655 1432 682 revocatque
1437 651 1524 683 pedem
1531 650 1672 675 Tiberinus
1679 649 1711 674 ab
1717 650 1781 676 aleo.-

1065 724 1085 756 i.
1100 734 1125 755 e.
1147 726 1187 756 ab
1201 724 1287 755 omni
1310 733 1438 753 suarum
1461 721 1619 752 undarum
1644 720 1783 761 longitu-

1063 775 1151 814 dine;
1172 779 1279 807 ανωθεν·
1295 786 1333 806 ex
1348 784 1464 805 oceano
1478 783 1577 814 usque
1591 773 1632 803 ad
1646 772 1783 803 fontium

1062 827 1261 858 incunabula.
1306 828 1357 857 Ita
1387 825 1448 856 loci
1477 835 1583 856 sensus
1614 823 1784 863 capiendus

1063 883 1116 909 est.
1161 879 1334 915 Nimirum,
1346 878 1379 908 in
1390 878 1449 907 hoc
1464 876 1613 906 sermonis
1627 874 1782 916 gratiosis-

1063 928 1142 960 simo
1170 929 1350 969 specimine,
1380 928 1470 958 utin
1500 927 1568 957 aliis
1596 927 1654 956 hoc
1683 935 1783 966 genus

1063 980 1219 1016 omnibus,
1240 979 1342 1010 Graeci
1357 980 1521 1009 Venerum
1537 984 1705 1017 repertores
1720 977 1782 1006 La-

1062 1032 1135 1062 tinis
1162 1033 1380 1071 praeluxerunt.
1427 1031 1476 1061 Sic
1506 1030 1726 1064 Callimachus,
1748 1028 1783 1058 in

1061 1085 1292 1126 elegantissimo
1306 1095 1379 1115 sane
1390 1094 1486 1118 versu,
1499 1093 1593 1123 quem
1605 1082 1734 1113 Tzetzes
1742 1081 1782 1112 ad

1064 1137 1200 1177 Lycoph.
1218 1140 1288 1168 409.
1311 1136 1400 1166 nobis
1415 1134 1616 1165 conservavit:

1061 1216 1104 1242 ‘Aa
1119 1217 1143 1243 δε
1154 1218 1298 1251 βοῃκρωνοιο
1307 1215 1366 1251 παρ’
1377 1220 1491 1246 αγκυλον
1502 1215 1612 1240 ΙΧΝΟΣ
1627 1212 1731 1249 Αρωθν.

1062 1286 1230 1321 Bentleius,
1244 1290 1415 1327 βοοκρανοιω
1433 1285 1486 1316 sed
1502 1295 1566 1315 non
1581 1290 1646 1315 erat
1660 1293 1784 1314 necesse

1061 1343 1126 1367 tam
1154 1337 1215 1366 late
1237 1336 1394 1366 discedere
1419 1346 1439 1365 a
1460 1335 1597 1376 vestigiis
1618 1335 1781 1372 librorum,

1061 1391 1252 1429 βοηκρημνοιο.
1299 1386 1385 1416 Testi
1401 1386 1440 1416 sit
1455 1386 1650 1422 Theocritus,
1666 1395 1716 1416 xx.
1730 1389 1782 1415 41.

1573 1471 1618 1495 ⁸76¹
1630 1462 1654 1487 δε
1664 1471 1711 1487 και
1724 1471 1763 1491 τυ,

1103 1512 1127 1535 Ω
1141 1510 1253 1546 Κρονιδα,
1265 1510 1309 1536 δια
1320 1510 1402 1536 παιδω
1412 1512 1603 1537 BOHNOMON
1617 1520 1675 1547 ορης
1686 1515 1783 1542 επὶ-ιγ·

1216 1556 1292 1590 χθκςς

1106 1624 1178 1654 Ver.
1195 1626 1266 1654 274.
1288 1626 1379 1663 quid:
1405 1624 1424 1653 i.
1441 1634 1467 1654 e.
1489 1624 1523 1653 in
1539 1629 1704 1663 quantum,
1720 1623 1786 1655 καθ’

1061 1675 1130 1712 ὅσον,
1145 1675 1285 1715 qualiter.
1332 1675 1383 1705 Sic
1400 1680 1507 1705 autem
1521 1674 1641 1715 legunt,
1667 1675 1700 1705 ni
1722 1675 1782 1706 fal-

1061 1726 1118 1764 lor,
1134 1737 1245 1756 omnes
1260 1725 1333 1756 editi
1356 1728 1619 1767 membranaeque,
1641 1727 1784 1768 quamvis

1061 1778 1100 1808 de
1117 1779 1164 1808 M.
1187 1778 1266 1808 libro
1287 1784 1387 1809 taceat
1404 1779 1654 1818 Havercampus:
1680 1788 1783 1819 neque

1060 1840 1138 1869 opus
1153 1835 1219 1860 erat
1243 1829 1369 1860 licentia
1395 1830 1569 1868 doctorum,
1596 1831 1635 1861 de
1656 1840 1713 1860 suo
1726 1832 1783 1870 qui

1061 1881 1340 1921 suppeditandum
1358 1882 1453 1912 nimis
1461 1881 1627 1913 liberaliter
1634 1883 1694 1912 hoc
1703 1887 1782 1912 tem-

1061 1942 1148 1971 pore:
1174 1939 1205 1963 et
1219 1932 1294 1962 alias
1309 1939 1414 1962 tamen
1429 1940 1606 1963 commenta
1623 1942 1680 1963 sua
1702 1942 1781 1963 neu·

1062 1985 1181 2026 tiquam
1197 1986 1344 2016 Lucretio
1369 1985 1587 2023 invidentium,
1610 1991 1703 2024 prout
1724 1995 1782 2015 no-

1060 2037 1115 2073 bis,
1142 2037 1318 2068 dolentibus
1333 2043 1364 2067 et
1382 2037 1653 2073 stomachantibus,
1668 2035 1784 2067 millies

1059 2088 1191 2128 contigit
1205 2099 1265 2118 usu
1280 2098 1470 2128 pernoscere.

1102 2148 1178 2178 Ver.
1190 2150 1261 2178 275.
1272 2151 1394 2187 privas:
1413 2153 1447 2179 Σ.
1455 2149 1666 2188 primas.——in
1677 2149 1779 2178 horas.-

1060 2198 1103 2228 V.
1116 2198 1163 2228 ed.
1186 2209 1304 2229 moras:
1330 2198 1348 2228 i.
1365 2209 1391 2229 e.
1415 2200 1448 2229 in
1471 2209 1556 2234 oras;
1584 2198 1645 2240 (uti
1669 2197 1782 2238 legitur

1059 2250 1093 2280 in
1110 2250 1148 2280 P.
1169 2250 1265 2281 Vind.
1295 2251 1334 2281 Ο.
1363 2257 1408 2281 Ω.
1435 2250 1616 2280 consociatis
1640 2249 1781 2290 vocibus)

1059 2311 1129 2341 quae
1145 2300 1287 2331 solennes
1302 2307 1376 2331 sunt
1390 2301 1520 2331 librariis
1528 2300 1782 2340 permutationes.

1061 2352 1157 2383 Hanc
1183 2359 1289 2383 autem
1315 2352 1419 2383 versus
1448 2352 1623 2383 clausulam
1652 2351 1784 2383 Flaccus

1060 2409 1223 2435 mutuatus
1237 2411 1291 2441 est,
1307 2405 1341 2434 in
1355 2411 1410 2435 art.
1427 2405 1506 2444 po‘et.
1530 2409 1600 2436 160.

1313 2486 1392 2518 gestit
1404 2486 1509 2518 paribus
1519 2485 1664 2515 colludere,
1673 2487 1703 2510 et
1711 2484 1778 2509 iram

1090 2524 1209 2557 Colligit,
1219 2531 1250 2549 ac
1261 2525 1348 2556 ponit,
1360 2528 1479 2556 temere;
1496 2528 1524 2550 et
1535 2528 1650 2549 mutatur
1659 2523 1686 2548 in
1697 2523 1779 2548 horas.

1103 2604 1176 2635 Ver.
1193 2607 1264 2636 277.
1288 2607 1378 2636 Aeris
1394 2606 1427 2636 in
1452 2616 1553 2636 mare.-
1578 2609 1615 2634 ut
1640 2604 1783 2646 aaeopp‘otm

1058 2654 1120 2686 illae
1136 2656 1200 2686 veri
1213 2656 1316 2692 maris,
1340 2656 1441 2687 fontes
1454 2655 1580 2691 scilicet,
1594 2654 1628 2684 in
1643 2655 1782 2695 genitale

1059 2708 1214 2748 gremium
1232 2708 1424 2745 referuntur3
1447 2707 1492 2737 sic
1506 2707 1586 2737 a‘e'ris
1599 2707 1694 2737 etiam
1708 2716 1779 2746 par-

1059 2758 1163 2788 ticulae
1173 2759 1207 2788 in
1219 2759 1379 2799 proprium
1389 2767 1500 2798 corpus
1508 2757 1660 2789 recidunt.
1683 2757 1780 2788 Hanc

1060 2815 1165 2839 autem
1180 2810 1424 2847 translationem,
1448 2809 1474 2838 si
1488 2809 1523 2840 in
1530 2810 1638 2850 fluido
1653 2808 1781 2850 quidem

1060 2860 1130 2891 a'ete
1145 2860 1206 2892 dici
1228 2861 1337 2892 debeat
1357 2860 1529 2899 translatio,
1551 2861 1635 2900 prior
1656 2859 1780 2892 Ennius

1059 2912 1228 2953 usurpavit,
1244 2911 1327 2952 apud
1338 2912 1494 2952 Nonium,
1508 2911 1552 2944 iii.
1567 2915 1620 2944 92.
