1926 3224
595 244 828 295 LIBER
865 243 1225 303 QUINTUS.

1563 255 1652 301 107

304 379 557 421 Evanescere
577 380 687 420 enim
708 379 870 434 rapidas
890 379 1009 429 illius,
1041 386 1082 420 et
1102 379 1228 420 aereis

188 456 270 494 625
304 453 486 494 Inminui
507 453 660 503 subter,
692 454 830 502 vireis3
864 453 1036 507 ideoque
1057 452 1231 508 relinqui

302 526 518 568 Paullatim
538 527 662 567 solem
683 540 777 567 cum
801 525 1095 579 posterioribus
1116 526 1256 581 signis,

303 600 476 641 Inferior
495 599 669 640 multum
689 598 801 653 quod
821 598 887 647 sit,
910 611 1034 652 quam
1054 596 1210 638 fervida
1230 599 1361 655 signa:

155 774 206 802 15.
231 780 302 800 cum
318 770 336 799 i.
354 772 424 800 751.
451 772 541 800 1014.
585 769 694 805 Porro,
711 779 816 799 versus
830 769 881 799 hic

149 822 216 862 jam
233 821 315 851 venit
330 820 418 851 nobis
436 830 539 860 supra,
554 820 594 850 ad
609 820 652 850 iii.
667 823 740 852 372.

196 881 270 910 Ver.
287 884 358 911 622.
380 882 460 910 sinc:
487 880 527 910 V.
543 880 591 910 ed.
613 880 648 911 L.
668 880 707 910 O.
732 886 766 911 A.
785 887 825 911 Π.
843 886 877 912 Σ.

153 937 197 962 Ω..
214 933 245 961 in
252 946 262 967 ;
287 930 362 960 elisa
384 930 499 961 scilicet
521 932 684 971 utrobique
706 931 795 962 litera
814 932 877 971 pri·

150 983 290 1013 moribus
304 982 511 1012 ambientium
527 982 755 1012 vocabulorum.

195 1041 268 1071 Ver.
292 1045 363 1072 623.
386 1052 454 1072 cum
484 1043 552 1071 coeli
581 1043 719 1072 turbine:
755 1044 777 1060 “
792 1041 878 1082 quod

151 1096 174 1111 “
191 1092 310 1130 impetu
333 1092 450 1122 scilicet
471 1091 664 1122 velocissimo
685 1093 805 1123 circum
827 1103 876 1123 ro-

151 1147 173 1162 “
190 1149 284 1182 tatur,
311 1144 351 1174 ad
376 1143 614 1174 similitudinem
636 1144 793 1175 volitantis
812 1150 877 1175 tur-

151 1192 308 1224 “binis:’'
338 1195 479 1225 conferas
504 1195 592 1235 Virg.
620 1196 693 1225 AEn.
726 1196 775 1225 vii.
804 1199 878 1227 378.

151 1245 316 1284 BIanilius,
330 1246 373 1277 iii.
389 1249 461 1276 588.
488 1245 528 1276 de
539 1253 671 1287 gyrante
687 1248 776 1277 coelo:

465 1326 634 1358 laterumque
644 1331 760 1358 meatus,

179 1365 296 1390 Turbim's
308 1365 334 1389 in
345 1373 462 1396 rnorem,
474 1366 547 1390 recta
559 1367 688 1399 vertigiue
698 1368 792 1393 currit.

149 1437 222 1467 Hac
237 1436 492 1475 philosophorum
514 1438 666 1468 sententia
684 1438 779 1469 Silius
800 1448 876 1469 usus

149 1495 195 1519 est
210 1499 274 1519 non
289 1488 424 1528 illepide,
440 1488 479 1518 ad
496 1488 579 1520 Pun.
594 1500 621 1520 v.
639 1493 710 1520 652.

495 1582 558 1600 nam
570 1575 669 1600 turbine
680 1578 766 1600 motae

206 1614 306 1639 Ablatis
316 1617 390 1638 terre
400 1615 602 1639 inciderat—.

145 1685 199 1716 Ab
214 1685 272 1715 hac
286 1685 416 1725 insuper
430 1687 521 1716 celeri
542 1686 695 1716 rotatione
713 1685 781 1716 coeli
799 1686 873 1716 Vir-

144 1736 240 1778 gilius
255 1737 379 1776 pendet,
395 1737 436 1768 ad
453 1738 528 1768 AEn.
548 1737 580 1768 ii.
598 1741 626 1768 8.

447 1825 474 1847 et
482 1823 538 1853 jam
550 1829 601 1847 nox
613 1822 725 1847 humida
735 1823 794 1847 coelo

159 1861 315 1893 Praecipitat‚
326 1862 493 1892 suadentque
503 1862 626 1887 cadentia
636 1862 720 1887 sidera
731 1868 854 1887 somnos:

143 1935 162 1965 i.
181 1946 207 1966 e.
232 1939 254 1954 “
270 1936 309 1967 de
335 1936 412 1966 coelo
435 1947 570 1976 praeceps
595 1937 692 1967 fertur
717 1937 752 1967 in
781 1948 870 1969 ocea-

145 1990 168 2005 “
183 1988 293 2018 num.'’
341 1989 381 2018 In
398 1989 518 2028 Heynii
541 1989 747 2027 enarratione,
771 1990 796 2019 si
818 1999 871 2020 vo.

142 2049 193 2070 ces
208 2041 406 2079 converteris,
428 2048 459 2072 et
473 2045 587 2073 oriente
602 2053 698 2082 ponas
713 2054 769 2082 pro
790 2046 869 2074 occi-

142 2093 242 2129 dente,
267 2092 462 2133 vicissimque
486 2095 668 2125 occidentem
692 2105 748 2134 pro
769 2096 869 2125 orien-

142 2149 213 2181 tem,
236 2144 344 2173 omnia
367 2154 399 2174 se
422 2144 591 2175 rectissime
607 2146 774 2176 habebunt.
821 2145 869 2176 Si-

144 2193 218 2224 dera
243 2195 306 2224 suis
328 2196 413 2225 horis
439 2196 576 2226 eundem
605 2207 733 2227 cursum
763 2204 871 2228 tenent

142 2245 260 2284 utique,
283 2256 377 2286 quem
398 2247 461 2277 suis
476 2247 534 2277 sol:
560 2249 597 2278 ab
620 2250 733 2279 oriente
755 2249 871 2279 scilicet

144 2298 177 2326 in
207 2299 397 2329 occidentem.
449 2299 542 2330 Idem
570 2306 666 2339 vateS‚
704 2300 777 2331 ibid.
808 2311 868 2331 ver.

145 2350 216 2378 5350.

174 2422 295 2448 Vertitur
304 2422 406 2449 interea
417 2424 531 2456 coelum,
541 2429 569 2450 et
579 2425 633 2450 ruit
643 2432 745 2451 oceano
756 2433 828 2452 nox:

141 2494 161 2524 i.
188 2505 213 2525 e.
245 2496 403 2534 “impetu
432 2507 549 2537 magno
573 2499 721 2537 provolat,
754 2509 870 2530 oceano

144 2548 166 2563 “
183 2551 295 2585 spreto,
319 2557 396 2585 nox3
420 2548 607 2579 circumacta
628 2550 783 2581 mundani
805 2558 869 2582 tur-

142 2599 164 2614 “
181 2597 262 2627 binis
276 2597 458 2638 vertigine.’‘

183 2657 259 2688 Ver.
274 2661 344 2689 624.
360 2662 468 2696 aereis,
485 2659 533 2690 vel
548 2663 648 2692 acris.-
675 2666 710 2692 Δ.
728 2669 767 2693 Π.
783 2665 868 2694 atris.

182 2715 265 2747 Ibid.
289 2719 495 2750 Evanescere:
524 2720 543 2749 i.
567 2730 592 2750 e.
615 2723 736 2760 sensim,
769 2722 870 2763 magis

140 2778 177 2799 ac
200 2771 312 2811 magis,
342 2783 508 2803 vanescere.
565 2773 733 2814 Signatum
759 2780 815 2812 est,
838 2780 870 2805 et

140 2820 261 2861 efficax,
286 2829 318 2853 et
340 2824 524 2864 speciosum,
549 2826 736 2856 vocabulum
757 2827 791 2857 in
805 2827 867 2866 pri-

142 2875 210 2906 mis.
266 2879 350 2909 Cum
380 2880 504 2917 solertia
533 2882 619 2913 haud
650 2883 755 2914 minus
784 2883 868 2914 felici

143 2926 334 2970 Venusinus,
349 2931 398 2963 od.
414 2933 433 2963 i.
451 2937 478 2963 l.
496 2937 525 2964 5.

1243 769 1373 798 metaque
1381 766 1492 793 fervidis

1017 806 1129 831 Evilata
1143 807 1278 831 rotis—-

924 870 1005 906 Quae
1020 877 1094 901 sunt
1113 872 1359 912 exquisitissima.
1406 873 1541 913 Nempe,
1565 877 1588 894 “
1604 875 1650 906 vi-

923 924 945 939 “
961 927 1035 960 tata,
1063 922 1116 952 sed
1141 923 1192 952 vix
1216 923 1309 954 vitata
1331 930 1448 962 tamen,
1473 932 1504 955 et
1525 932 1651 958 tantum

922 974 944 990 ‘⁴
961 981 1024 1001 non
1047 973 1231 1011 praestricta;
1252 975 1295 1004 sic
1317 975 1450 1013 spatium
1473 976 1532 1006 sibi
1556 976 1650 1007 lucri·

922 1026 944 1041 “
958 1022 1076 1054 faciens
1092 1035 1147 1063 per
1161 1025 1392 1056 callidissimam
1408 1027 1550 1066 peritiam
1566 1028 1650 1059 auri-

922 1077 944 1092 “
960 1075 1125 1114 gationis.'‘
1160 1076 1242 1106 Rem
1258 1077 1316 1106 rite
1330 1085 1487 1108 assecutus
1502 1085 1549 1109 est
1563 1090 1650 1110 com-

921 1133 1076 1157 mentator
1100 1128 1308 1168 Cruquianus.
1356 1129 1470 1160 Nescio
1500 1133 1592 1171 cujus
1617 1142 1650 1162 e-

921 1178 1081 1208 mendatio
1095 1180 1312 1220 conjecturalis
1332 1180 1566 1212 intolerabiliter
1581 1182 1649 1212 odi-

920 1239 974 1260 osa
988 1235 1043 1266 est,
1061 1231 1103 1260 ita
1118 1230 1317 1261 scribendum
1332 1232 1546 1271 proponentis:

1103 1303 1129 1328 Si
1140 1303 1230 1328 vitata
1240 1304 1375 1329 rotis—.

918 1366 1140 1396 Lucretianam
1155 1377 1271 1403 vocem,
1289 1378 1352 1408 quo
1366 1368 1480 1398 melius
1495 1369 1651 1408 effectum,

913 1419 1098 1456 pedetentim
1121 1424 1388 1456 consummatum,
1411 1419 1515 1460 dignis
1537 1421 1649 1451 colori-

919 1469 977 1498 bus
992 1468 1184 1509 depingeret,
1205 1469 1356 1510 Virgilius
1371 1471 1502 1510 excepit,
1517 1471 1558 1502 ad
1573 1472 1648 1503 AEn.

919 1519 959 1549 iv.
977 1523 1049 1551 278.

934 1599 966 1623 Et
978 1599 1071 1630 procul
1082 1599 1109 1624 in
1121 1604 1233 1625 tenuem
1245 1607 1283 1625 ex
1295 1600 1381 1625 oculis
1389 1602 1502 1626 evanuit
1512 1609 1616 1628 auram.

918 1669 1015 1699 Hanc
1030 1680 1096 1700 esse
1111 1671 1303 1701 verissimam
1319 1677 1504 1710 potestatem
1519 1674 1650 1714 hujusce

918 1721 1012 1758 vocis,
1045 1727 1076 1751 et
1104 1722 1301 1761 quarundam
1332 1724 1556 1763 consimilium,
1589 1737 1650 1756 usu

916 1771 1140 1811 deprehendes;
1167 1779 1197 1803 et
1219 1774 1296 1804 hinc
1320 1774 1435 1804 valebis
1456 1786 1520 1805 non
1543 1778 1651 1815 paucis

914 1821 990 1852 locis
1009 1829 1148 1853 veterum
1164 1830 1195 1853 et
1217 1824 1373 1854 efficacem
1390 1832 1422 1855 et
1440 1826 1650 1858 indubitatam

914 1874 1105 1905 medicinam
1120 1875 1293 1906 admovere.
1337 1876 1396 1906 Sed
1412 1876 1508 1914 enim,
1524 1878 1601 1908 dum
1614 1880 1649 1910 in

914 1926 974 1956 hoc
996 1937 1078 1964 sum,
1101 1937 1202 1958 unum
1225 1934 1319 1968 atque
1341 1929 1476 1959 alterum
1491 1930 1650 1969 specimen

914 1977 1025 2008 talium
1043 1979 1301 2011 emendationum
1317 1981 1477 2012 exhibebo.
1500 1983 1650 2014 Lucanus

913 2029 1035 2068 primus
1049 2029 1141 2068 adsit,
1159 2031 1267 2062 Phars.
1283 2031 1327 2062 iii.
1344 2035 1372 2062 7.

1017 2109 1082 2133 dum
1093 2110 1192 2140 patrios
1203 2113 1307 2141 portus,
1317 2111 1384 2135 dum
1394 2111 1483 2141 litora,
1495 2117 1647 2144 numquam

913 2148 956 2173 Ad
967 2148 1036 2172 visus
1049 2149 1167 2173 reditura
1176 2156 1246 2179 suos,
1264 2153 1427 2182 tectumque
1437 2158 1569 2176 cacumen

914 2187 1044 2217 Nubibus,
1055 2191 1083 2212 et
1094 2188 1187 2212 dubios
1203 2188 1289 2213 cernit
1300 2196 1439 2213 vanescere
1449 2193 1566 2214 montes.

914 2262 1175 2301 Exspectaveram
1205 2263 1238 2292 in
1268 2263 1327 2293 hoc
1349 2263 1418 2294 loco
1445 2271 1646 2304 φυσικωτατσν

913 2314 1037 2352 poetam
1063 2324 1173 2343 omnes
1199 2314 1319 2354 ingenii
1347 2315 1428 2344 vires
1453 2315 1645 2346 contenden-

912 2370 986 2400 tem,
1010 2365 1180 2395 certissime
1196 2366 1385 2404 scripturum
1405 2377 1481 2404 esse,
1507 2367 1547 2397 ad
1565 2367 1646 2398 veri-

911 2422 1009 2447 tatem
1032 2417 1088 2455 rei,
1111 2429 1302 2448 evanescere,-
1328 2429 1431 2458 neque
1446 2418 1535 2448 aliter
1559 2429 1645 2450 com-

912 2475 1000 2507 paret
1029 2469 1145 2499 scilicet
1169 2469 1203 2498 in
1232 2479 1298 2499 uno
1323 2469 1430 2500 codice
1455 2475 1486 2500 et
1509 2470 1646 2502 editione

912 2519 994 2557 una;
1028 2521 1132 2551 Musis
1156 2527 1263 2552 tamen
1290 2521 1535 2562 indignantibus.
1583 2523 1642 2553 Ni-

913 2572 1040 2608 mirum,
1066 2573 1144 2602 mihi
1166 2579 1212 2602 est
1233 2573 1266 2602 in
1281 2573 1451 2604 clarissime
1466 2574 1644 2614 compertis,

916 2625 1077 2656 Annaeum
1093 2625 1214 2656 dedisse
1228 2627 1387 2665 primitus:

1077 2711 1105 2733 et
1116 2708 1212 2733 dubios
1221 2708 1298 2733 videt
1307 2715 1459 2734 evanescere
1469 2711 1587 2734 montes.

913 2778 1016 2809 Haud
1037 2778 1126 2809 aliter
1149 2779 1301 2816 Rutilius,
1325 2779 1392 2811 itin.
1414 2780 1435 2811 i.
1457 2783 1530 2811 455.
1557 2785 1642 2812 certo

912 2830 1036 2867 certius,
1053 2830 1251 2871 castigandus
1266 2837 1324 2862 est:

942 2909 982 2933 Sic
992 2909 1138 2934 dubitanda
1148 2910 1216 2935 solet
1227 2909 1318 2942 gracili
1328 2917 1480 2935 evanescere
1490 2917 1576 2936 cornu

973 2949 1139 2982 Defessisque
1150 2950 1233 2977 oculis
1242 2953 1316 2977 Luna
1328 2954 1433 2983 reperta
1444 2950 1520 2976 latet.

872 2997 945 3028 ΗΞ
