1926 3224
262 252 329 296 66

761 254 821 302 Τ.
873 253 1249 304 LUCRETII

461 382 630 423 Humor
648 380 746 422 item
767 381 978 436 quondam
1001 382 1128 437 coepit
1148 397 1338 438 superare
1357 395 1537 438 coortus,

404 454 465 496 Ut
483 454 590 495 fama
609 461 683 504 est,
704 452 921 495 hominum
940 454 1089 496 multos
1109 456 1276 512 quando
1296 457 1433 500 obruit
1450 459 1584 501 undis.

260 616 377 637 versam
392 617 446 646 per
459 607 627 639 dictionem
642 618 765 648 prorsus
779 609 864 640 idem
878 609 976 640 voluit

257 657 372 693 efferre,
395 658 436 688 ad
450 659 524 690 AEn.
538 659 577 690 vi.
593 662 668 691 550.

288 739 359 770 Quae
370 740 481 771 rapidus
481 739 595 770 flammis
606 740 692 765 ambit
701 741 851 765 torrentibus
862 741 935 766 amni
944 749 966 772 s,

287 778 433 804 Tartareus
443 779 677 812 Phlegethon—.

259 851 442 883 Venusinus
455 862 529 883 cum
550 852 697 883 Lucrefio
712 851 834 884 locutus
848 859 904 891 est,
926 854 975 887 od.

257 902 300 933 iil.
319 907 366 934 13.
384 908 411 936 9.

333 1000 376 1023 Te
379 998 516 1030 flagrantis
526 1001 607 1024 atrox
615 1005 682 1024 aura
692 1000 824 1027 caniculae

333 1039 423 1064 Nescit
433 1042 614 1071 tangere—2

255 1129 330 1150 nam
354 1118 397 1148 sic
420 1118 637 1159 castigandum
660 1129 725 1150 esse
749 1130 806 1150 nos
829 1121 977 1153 evicimus

254 1169 295 1200 ad
313 1169 473 1209 Sophoclis
487 1170 632 1201 Trachin.
646 1174 719 1203 685.
735 1172 898 1203 Distichon
914 1174 974 1205 ele-

254 1221 429 1262 gantissimi
457 1221 689 1261 epigrammatis
720 1223 804 1262 apud
833 1224 975 1256 Vitruvi-

254 1283 323 1311 um,
339 1273 400 1303 viii.
415 1276 445 1303 3.
468 1272 713 1313 admovebimus,
735 1280 772 1305 ut
783 1285 820 1305 ex
836 1286 872 1306 eo
887 1287 975 1307 men·

255 1325 328 1356 dam
351 1324 543 1355 fedissimam
568 1325 724 1361 tollamus,
755 1337 825 1367 quae
848 1335 975 1359 cuncto-

254 1388 327 1409 rum
341 1377 536 1408 eruditorum
551 1378 657 1408 oculos
670 1378 797 1418 effugit:

294 1474 374 1499 Δλλοι
386 1481 417 1498 συ
431 1474 484 1498 ΜΗ
497 1475 537 1497 TI
549 1471 596 1497 '111
611 1477 695 1507 λετρω
708 1475 792 1508 βοιλῃς
803 1484 878 1508 xpm,
899 1484 938 1507 μη
951 1483 977 1501 σε

390 1530 435 1546 και
451 1521 544 1545 ΑΥΡΗ

330 1568 439 1602 rimam&
454 1567 600 1591 ΘΕΡΜΗΣ
616 1575 678 1594 emor
692 1576 761 1593 εοντοι
772 1567 854 1601 μεθἠς.

255 1661 277 1678 “
294 1656 392 1689 Nulla
407 1656 446 1687 de
461 1656 567 1687 caussa
582 1667 692 1697 corpus
711 1658 861 1690 immittas
875 1660 908 1690 in
930 1661 976 1690 la-

254 1713 277 1729 “
294 1707 451 1739 vacrum.‘’
476 1708 584 1748 Vulgo
598 1708 752 1747 scribitur,
767 1712 838 1749 pan-:³
853 1723 910 1741 sm·
922 1721 977 1750 per

253 1762 417 1792 barbaram
431 1758 637 1799 stribliginem
653 1760 809 1791 sermonis.
840 1761 976 1792 Pulchre

254 1821 319 1842 non
333 1810 439 1841 minus
455 1809 585 1840 Anthoi.
601 1810 669 1840 Lat.
685 1811 795 1841 Burm.
811 1812 850 1842 vi.
866 1816 916 1843 62.
934 1816 961 1843 7.

317 1902 371 1926 Nec
383 1905 514 1931 gemmas,
525 1899 608 1923 modo
619 1900 739 1931 germine
749 1904 891 1931 exeuntes,

317 1939 372 1965 Seri
373 1939 481 1971 frigoris
493 1939 619 1964 ustulavit
630 1947 696 1963 aura
706 1949 715 1965 .-

255 2023 291 2048 ut
307 2017 440 2048 Serenus
455 2016 550 2046 etiam
567 2016 760 2055 Samonicus,
783 2027 843 2048 ver.
861 2022 909 2050 95.

317 2089 377 2114 Sive
388 2089 455 2114 meri
467 2092 568 2121 gustus,
578 2096 623 2114 seu
627 2089 733 2122 frigoris
745 2090 826 2115 efficit
840 2097 915 2115 aura.

297 2168 370 2198 Ver.
387 2171 461 2198 412.
483 2169 569 2208 coz-pic
584 2179 739 2208 superare,
762 2170 871 2208 po'etis,
886 2176 977 2210 atque

255 2219 348 2250 etiam
363 2219 472 2249 solutis
495 2224 594 2249 metro
615 2219 824 2258 scriptoribus,
846 2220 977 2251 usitatus

255 2277 302 2301 est
319 2271 527 2310 pleonasmus,
550 2281 606 2309 pro
627 2274 795 2311 superavie;
823 2271 892 2302 vide
916 2283 976 2302 ver.

253 2325 326 2353 597.
352 2322 401 2352 Sic
418 2321 579 2362 Virgilius,
605 2331 672 2362 geo·
691 2323 710 2352 i.
727 2326 755 2354 5.
771 2333 878 2354 canere
893 2325 972 2354 inci-

248 2375 337 2413 piam
348 2387 357 2403 .·
382 2384 422 2403 ne
437 2373 527 2412 plura
541 2373 695 2403 suscitem.
741 2366 745 2369 ⁵

298 2424 371 2454 Ver.
399 2427 469 2454 415.
500 2426 674 2455 hominum:
711 2430 752 2454 Π.
775 2426 976 2456 hominem.—

255 2477 377 2506 multos:
404 2475 503 2506 Vind.
527 2476 562 2506 L.
584 2476 632 2506 M.
649 2475 688 2506 O.
704 2481 739 2506 Δ.
757 2482 798 2506 Π.
812 2478 976 2507 multas.—

255 2528 367 2557 undis:
404 2526 499 2557 Vind.
523 2529 639 2562 umlas;
667 2531 702 2557 Δ.
728 2533 769 2557 Π.
793 2529 894 2562 urbis;
930 2529 978 2558 uti

255 2577 334 2607 solet
347 2576 406 2613 edi,
423 2577 524 2608 multo
538 2577 644 2608 minus
657 2577 825 2618 eleganter,
841 2578 880 2609 ad
891 2579 976 2610 hunc

255 2627 402 2658 modum:

287 2709 326 2733 Ut
341 2708 415 2733 fama
433 2712 474 2734 est
490 2709 642 2741 hominum,
655 2710 748 2735 multa:
765 2710 874 2742 quando
890 2711 978 2737 obruit

365 2747 453 2772 urbeis.

300 2816 382 2847 Ibid.
397 2819 552 2848 hominum
567 2822 690 2851 multos:
716 2821 736 2851 i.
751 2832 780 2853 e.
795 2834 846 2857 ¹785
863 2829 976 2856 πολλυς

258 2870 414 2910 culpamur,
436 2869 484 2899 vel
509 2870 690 2902 universum
715 2873 779 2903 fere
800 2875 977 2906 humanum

260 2929 378 2959 genus;
398 2920 445 2951 uti
461 2921 668 2962 Mantuanus,
691 2933 758 2964 geo.
773 2925 804 2956 ii.
823 2929 872 2956 10.

1149 610 1220 641 aliae,
1231 611 1308 636 nullis
1318 611 1446 638 hominum
1461 612 1628 646 cogentibus,
1644 612 1711 646 ipsa

1050 649 1150 680 Sponte
1160 650 1207 674 sua
1218 650 1408 676 veniunt—:

1019 742 1089 775 post
1116 737 1242 768 Graecos
1267 737 1391 770 scilicet.
1429 740 1598 777 Homerus,
1625 740 1685 772 Od.
1701 744 1739 772 Δ.

1021 792 1092 821 158.

1057 893 1129 927 ιδμε»
1143 894 1180 924 δη.
1202 897 1311 921 Memmi
1323 895 1447 931 διηρεᾳες,
1467 895 1488 922 01
1501 897 1611 923 ‘rmez
1626 890 1685 923 ,πεί

1059 941 1204 966 ΑΝΔΡΩΝ
1217 951 1375 975 §ozenam-ou
1389 942 1503 976 ἱκανεμεν
1514 944 1626 979 ἦμετερον
1637 944 1682 974 &m

1022 1017 1083 1049 Sed
1105 1019 1139 1049 in
1165 1019 1300 1050 formula
1324 1019 1483 1051 tritissima
1507 1031 1610 1052 moras
1633 1022 1742 1053 inanes

1020 1076 1118 1101 necto.
1142 1071 1315 1110 Bentleius‚
1331 1073 1509 1102 testimonia
1517 1073 1661 1103 codicum
1676 1084 1742 1104 non

1019 1122 1134 1152 habens
1163 1123 1298 1163 cognita,
1335 1123 1446 1153 maluit
1481 1126 1593 1155 multas
1624 1126 1740 1162 urbeis,-

1019 1173 1186 1205 immerito:
1217 1174 1271 1205 sed
1293 1175 1403 1205 merito
1418 1175 1621 1206 vanissimum
1637 1176 1743 1208 vossii

1018 1230 1178 1255 tentamen
1200 1225 1290 1264 ridet,
1313 1227 1495 1265 exponentis
1516 1229 1628 1259 multas
1646 1230 1743 1259 homi-

1018 1288 1091 1307 num
1113 1287 1168 1316 per
1190 1279 1321 1309 crimina
1347 1280 1510 1314 hominum,
1537 1279 1571 1308 in
1596 1279 1678 1309 notis
1700 1279 1741 1310 ad

1022 1329 1194 1367 Catullum,
1217 1339 1248 1368 p.
1273 1332 1344 1360 215.
1387 1330 1440 1366 Et,
1467 1329 1552 1370 quod
1578 1330 1741 1361 Bentleius

1019 1391 1076 1410 nos
1090 1381 1225 1411 remittat
1239 1380 1279 1411 ad
1293 1391 1354 1411 ver.
1369 1384 1439 1412 543.
1457 1391 1556 1420 supra,
1574 1382 1633 1412 hoc
1647 1381 1740 1421 plane

1020 1431 1099 1460 nihil
1114 1436 1171 1460 est:
1192 1441 1276 1466 nam,
1292 1431 1318 1460 si
1329 1431 1397 1468 rivi,
1412 1431 1461 1461 vel
1471 1437 1633 1470 torrentes,
1645 1433 1741 1471 probe

1020 1480 1164 1510 dicautur
1177 1483 1360 1520 cooperuisse
1375 1483 1495 1520 oppida,
1524 1482 1583 1512 hoc
1597 1481 1681 1512 idem
1691 1492 1741 1513 sa-

1021 1531 1060 1560 tis
1074 1537 1193 1562 constat
1215 1531 1308 1561 nimis
1328 1531 1449 1561 humile
1465 1532 1607 1563 futurum
1623 1543 1688 1564 esse
1702 1534 1742 1565 de

1020 1581 1148 1618 diluvio,
1175 1588 1271 1612 terras
1285 1589 1316 1612 et
1330 1583 1506 1613 humanum
1528 1593 1628 1624 genus
1649 1586 1742 1616 obru-

1020 1639 1110 1670 ente;
1132 1643 1233 1673 neque
1247 1633 1500 1674 magnitudinem
1514 1634 1558 1664 rei
1574 1635 1673 1666 verbis
1687 1646 1741 1667 ex·

1019 1683 1111 1714 ilibus
1126 1694 1189 1714 non
1204 1684 1431 1723 depressumm.

1064 1734 1144 1765 Ibid.
1159 1736 1258 1765 obruit
1274 1736 1372 1765 undis.
1401 1734 1490 1765 Hinc
1505 1735 1571 1766 sola
1585 1742 1667 1767 recta
1682 1737 1742 1768 loci

1020 1785 1260 1826 interpungendi
1275 1785 1335 1823 via,
1361 1785 1414 1825 qui
1438 1785 1552 1826 legitur
1566 1787 1600 1816 in
1615 1787 1742 1828 Virgilii

1022 1839 1097 1869 AEn.
1111 1838 1130 1868 i.
1154 1842 1205 1870 69.
1228 1848 1260 1868 se
1284 1838 1373 1868 nobis
1393 1838 1514 1876 obtulit,
1538 1838 1620 1869 male
1644 1840 1743 1871 habiti

1017 1891 1051 1920 in
1067 1890 1218 1920 universis
1232 1889 1335 1920 editis:

1049 1991 1143 2014 Incute
1154 1990 1209 2013 vim
1222 1990 1324 2019 venti53
1342 1990 1480 2014 submersas
1491 1990 1565 2015 obrue
1576 1998 1687 2022 puppes,

1049 2031 1104 2054 Aut
1115 2036 1164 2061 age
1176 2030 1301 2060 diversaS,
1312 2034 1338 2055 et
1351 2030 1426 2054 disice
1437 2037 1560 2062 corpora,
1576 2035 1670 2062 ponto:

1019 2110 1054 2134 ut
1074 2110 1168 2144 ponto
1196 2114 1258 2134 non
1284 2104 1391 2134 minus
1415 2105 1567 2134 referatur
1591 2104 1631 2135 ad
1652 2107 1741 2137 obrue

1020 2156 1194 2190 submersas,
1211 2160 1243 2185 et
1255 2166 1312 2194 age
1326 2158 1470 2191 diversas,
1486 2165 1580 2195 quam
1590 2155 1629 2185 ad
1637 2158 1742 2188 disice.

1023 2210 1128 2249 Atque
1142 2208 1241 2239 oratio
1255 2215 1300 2239 est
1314 2209 1532 2250 indignantem
1548 2215 1641 2249 atque
1655 2209 1743 2239 festi-

1020 2266 1148 2290 nantem
1171 2260 1358 2291 vividissime
1389 2261 1569 2302 depingens.
1617 2261 1743 2292 Certam

1021 2319 1096 2351 puto
1111 2313 1192 2342 hanc
1206 2312 1359 2343 rationem
1373 2313 1590 2343 distinctionis.
1635 2312 1744 2344 Adeas

1020 2369 1138 2401 autem,
1160 2373 1195 2393 ac
1211 2363 1376 2404 diligenter
1390 2363 1574 2402 perpendas,
1589 2363 1744 2394 variantes

1017 2415 1164 2445 lectiones
1179 2415 1220 2445 ad
1234 2415 1350 2453 locum,
1374 2422 1405 2445 et
1419 2415 1492 2445 ibid.
1508 2425 1568 2445 ver.
1586 2418 1636 2446 40.

1021 2466 1188 2505 Caeterum,
1212 2477 1284 2497 cum
1299 2467 1348 2497 his
1362 2467 1497 2497 versibus
1512 2466 1651 2497 Lucretii
1668 2467 1740 2497 Μο-

1021 2518 1115 2548 nilius
1129 2528 1193 2548 non
1208 2518 1378 2559 injucunde
1393 2518 1617 2556 committetur,
1634 2523 1743 2548 evenho

1021 2568 1131 2599 eadem
1145 2569 1374 2610 praestringens,
1391 2569 1430 2599 ad
1445 2569 1483 2599 iv.
1501 2572 1571 2599 828.

1034 2655 1066 2678 Et
1077 2653 1163 2678 vomit
1174 2660 1289 2679 oceanus
1299 2657 1426 2686 pontum,
1437 2652 1580 2683 sitiensque
1588 2650 1717 2681 resorbet,

1036 2694 1091 2717 Nec
1102 2700 1156 2718 sese
1167 2694 1220 2725 ipse
1229 2694 1315 2726 capit:
1329 2694 1365 2718 sic
1374 2693 1509 2724 quondam
1517 2693 1644 2716 merserat
1654 2690 1742 2722 urbes,

1037 2734 1153 2757 Humani
1164 2734 1267 2765 generis
1278 2741 1340 2758 cum
1353 2733 1420 2758 solus
1431 2731 1550 2757 constitit
1564 2731 1649 2755 haeres

1041 2772 1198 2803 Deucalion,
1209 2773 1371 2805 scopuloque
1381 2772 1473 2797 orbem
1485 2771 1599 2803 possedit
1610 2770 1638 2794 in
1646 2777 1710 2796 uno.

1036 2813 1090 2836 Nec
1100 2819 1164 2842 non,
1171 2819 1234 2837 cum
1244 2812 1340 2844 patrias
1347 2811 1483 2836 Pha'e'thon
1492 2809 1609 2835 tentavit
1617 2809 1743 2841 habenas,

1037 2852 1165 2877 Arserunt
1178 2855 1340 2884 gentes—.

1023 2926 1172 2958 Merserat
1188 2931 1293 2957 autem
1310 2926 1395 2956 urbes
1416 2924 1482 2963 ille,
1506 2930 1542 2955 ut
1563 2930 1668 2956 noster
1688 2935 1739 2954 su·
