1926 3224
622 233 855 284 LIBER
905 233 1208 284 SEXTUS.

1540 245 1637 285 403

301 366 486 424 Quisque
503 381 621 409 suum
640 381 718 422 pro
737 381 782 408 re
801 374 1031 408 consortem
1049 373 1217 407 moestus
1235 363 1443 407 humabat.

160 445 267 482 1280

356 441 571 499 Multaque
590 441 631 482 vi
649 440 780 482 subita
799 448 1016 496 paupertas
1035 439 1204 481 horrida
1222 439 1360 481 suasit:

299 515 490 572 Namque
511 530 604 558 suos
624 515 946 572 consanguineos
965 513 1097 556 aliena
1115 527 1311 570 rogorum

154 694 210 725 pro
224 684 373 716 librorum
388 684 537 725 scriptura
555 686 740 726 repetebant;
763 694 873 726 quam·

154 737 200 768 vis
224 737 420 768 inscitissime
444 738 549 768 sannis
573 737 705 777 excipiat
725 736 873 768 emenda-

154 789 273 820 tionem
290 789 444 829 Heynius,
454 789 518 828 ipse
532 789 664 819 vicissim
675 788 873 827 deridendus,

154 841 214 871 nisi
236 841 276 871 sit
297 840 385 871 nulla
411 851 498 881 seges
522 840 740 871 Nonianarum
765 840 874 871 dictio·

154 900 233 921 num
254 891 288 920 in
314 891 458 931 Virgilio.
504 891 560 921 Me
585 892 722 930 profecto
747 901 873 930 persua-

151 941 312 972 sissimum
333 942 443 980 habeo,
469 941 596 982 vulgare
618 943 804 973 vocabulum
825 954 873 973 re·

148 999 219 1033 peto
235 1003 272 1022 ex
287 998 427 1023 veterum
448 993 569 1032 scriptis
584 992 662 1023 illud
680 993 873 1034 exquisitius,

153 1050 186 1074 et
199 1044 379 1084 graphicam
393 1044 547 1083 primaevae
559 1045 716 1075 vetustatis
730 1044 874 1080 formam,

154 1095 262 1125 omnia
286 1096 377 1126 rebus
401 1097 440 1127 ab
467 1096 602 1126 externis
620 1095 789 1137 figurantis,
811 1106 875 1135 prae

153 1157 188 1177 se
202 1147 316 1186 ferens,
342 1149 450 1187 repeda
474 1147 601 1185 scilicet,
627 1147 794 1187 expulisse:
822 1147 875 1178 sed

151 1198 213 1228 hoc
239 1197 271 1228 in
297 1198 437 1228 transitu.
484 1198 653 1236 Caeterum,
679 1198 777 1238 po'etis
791 1197 874 1237 solis,

152 1258 230 1289 quos
244 1248 374 1285 adduco,
394 1248 532 1288 plurima
544 1259 694 1289 germana
708 1249 875 1290 antiquita-

153 1300 193 1330 tis
206 1300 379 1339 purissimae
394 1300 586 1330 monimenta
608 1300 739 1330 fideliter
753 1310 875 1331 conser-

152 1356 222 1382 vata
236 1357 317 1382 sunt.
364 1351 393 1381 S.
411 1351 578 1388 Damasus,
594 1351 633 1381 de
649 1351 760 1387 Felice,
776 1361 836 1382 ver.
848 1354 875 1381 4.

152 1442 207 1466 Nec
219 1446 373 1471 quenquam
384 1439 481 1471 pateris
491 1440 596 1465 tristem
607 1439 723 1472 repedare
733 1439 864 1466 viantem.

152 1531 355 1568 Fortunatus,
370 1528 409 1560 de
422 1528 486 1560 vita
502 1528 532 1559 S.
550 1528 694 1567 Martini,
710 1528 730 1558 i.
748 1532 775 1559 l.

184 1626 246 1634 —
256 1616 398 1646 postquam
408 1611 544 1645 repedavit
555 1611 589 1637 ad
601 1612 706 1637 aethera
714 1611 844 1637 Christus.

154 1691 247 1723 Idem
260 1690 385 1727 ibidem,
401 1701 462 1721 ver.
479 1694 549 1722 262.

185 1780 321 1806 Extimuit
331 1779 447 1812 fugitiva
457 1780 546 1805 virum
556 1777 701 1811 repedabilis
711 1779 797 1805 arbor.

155 1857 235 1889 Mox
249 1856 324 1889 ibid.
337 1857 382 1888 iii.
400 1860 469 1888 107.

183 1945 217 1969 Et
227 1944 362 1977 repedavit
372 1944 433 1974 iter,
443 1943 554 1969 dederat
567 1943 620 1975 qua
630 1943 721 1975 vipera
730 1942 812 1968 virus.

152 2026 256 2064 Idem,
272 2025 416 2067 denique,
432 2025 465 2056 in
479 2025 580 2065 po'em.
595 2024 634 2055 iv.
650 2028 700 2056 20.
715 2027 767 2055 31.

182 2106 322 2137 Tempore
342 2111 396 2137 quo
417 2104 516 2129 Christi
531 2102 668 2136 repedavit
677 2103 711 2128 ad
721 2103 776 2128 alta
786 2105 874 2135 potes-

243 2148 294 2170 tas.

152 2216 346 2248 Ammianus
360 2215 564 2246 Marcellinus
585 2215 726 2246 adhibuit
745 2216 874 2246 verbum

150 2269 258 2308 ‘repeda
284 2266 323 2297 ad
345 2266 416 2297 xvii.
434 2270 461 2297 2.
487 2267 542 2297 ubi
563 2266 774 2297 consulendus
795 2266 873 2296 Lin-

152 2319 354 2360 denbrogius;
378 2319 418 2349 ad
440 2319 501 2350 xix.
528 2323 556 2350 6.
584 2319 665 2349 xxiv.
691 2323 722 2350 4.
749 2329 818 2349 xxv.
848 2322 873 2350 l.

151 2372 215 2410 bis;
237 2372 317 2403 xxvi.
339 2375 369 2404 5.
393 2372 474 2402 xxix.
491 2376 519 2403 5.
542 2382 614 2413 pag.
631 2376 702 2403 444.
719 2371 765 2402 ed.
791 2372 871 2402 Gro-

152 2433 222 2453 nov.
244 2429 284 2459 et,
307 2422 452 2463 denique,
474 2423 556 2453 xxxi.
575 2428 604 2455 9.
630 2423 733 2454 Adeas
747 2424 874 2462 insuper

153 2475 342 2506 Savaronem
379 2475 414 2505 in
450 2475 531 2505 notis
565 2474 605 2505 ad
637 2474 742 2505 Sidon.
768 2475 872 2514 Apoll.

152 2536 246 2557 carm.
272 2526 357 2558 xxiii.
384 2531 429 2557 12.
456 2528 547 2558 Certe
571 2537 681 2558 censeo
705 2537 813 2557 vocem
840 2527 873 2557 in

151 2579 242 2610 Livio
264 2590 329 2610 esse
354 2580 592 2618 rescribendam,
616 2580 655 2610 ad
671 2590 739 2610 xxv.
755 2583 805 2611 27.
825 2583 872 2610 12.

151 2640 252 2671 quum
266 2630 361 2671 longe
382 2630 531 2661 facillima
549 2632 589 2662 sit
603 2632 670 2661 haec
685 2631 873 2662 emendandi

152 2680 212 2711 loci
226 2681 317 2711 ratio:
343 2685 366 2700 ‘⁴
385 2682 553 2720 Caeterum,
571 2689 733 2722 postquam
748 2682 874 2712 tendere

152 2737 175 2752 “
191 2734 231 2764 ad
252 2745 284 2764 se
302 2735 460 2765 Romanas
487 2745 580 2765 naves
605 2734 692 2773 vidit,
719 2735 873 2765 incertum

152 2789 175 2805 “
191 2786 253 2826 qua
276 2786 379 2817 subita
402 2787 525 2817 territus
550 2797 595 2824 re,
627 2786 784 2817 Bomilcar
804 2786 873 2816 vela

151 2840 174 2857 “
192 2838 225 2868 in
248 2838 348 2869 altum
362 2838 461 2877 dedit3
485 2839 646 2880 missisque
663 2839 785 2870 nunciis
801 2838 870 2870 He·

915 686 940 703 “
955 683 1097 719 melam,
1113 682 1167 724 qui
1177 682 1336 713 onerarias
1350 685 1431 711 retro
1445 679 1479 711 in
1496 679 1641 713 Africam

918 737 941 754 “
956 737 1099 774 repedare
1119 734 1276 774 juberent,
1300 732 1377 771 ipse,
1399 731 1536 763 Siciliam
1558 742 1638 772 prae-

918 789 942 804 “
955 791 1115 821 tervectus,
1131 785 1306 816 Tarentum
1320 783 1427 824 petit.”
1472 783 1580 825 Vulgo
1593 783 1638 815 le-

917 837 1014 878 gitur,
1032 843 1172 878 repetere.

959 897 1032 927 Ver.
1053 901 1141 929 1279.
1159 908 1217 937 pro
1232 908 1282 927 re:
1308 895 1404 926 Vind.
1421 895 1460 931 Q.
1478 906 1536 935 pro
1557 906 1639 932 rem,-

918 949 958 979 V.
974 949 1020 979 ed.
1041 960 1110 989 prae
1127 960 1177 979 re:
1204 953 1239 979 Δ.
1255 954 1372 985 autem,
1395 958 1482 978 suam
1503 948 1638 987 prolem.-

917 1003 1005 1042 ponit
1028 1014 1117 1034 voces
1139 1014 1196 1043 pro
1223 1014 1256 1033 re
1281 1008 1349 1042 post
1373 1007 1535 1032 consortem
1553 1007 1642 1032 Ω..-

917 1060 1100 1085 consortem:
1127 1053 1167 1084 P:
1191 1059 1350 1092 cognatum
1357 1068 1368 1089 ‚·
1393 1057 1428 1084 Σ.
1443 1054 1643 1092 complemus,

918 1112 960 1144 et,
983 1106 1016 1135 in
1032 1104 1086 1135 ora
1107 1104 1232 1141 codicis,
1254 1105 1427 1143 explorans:
1453 1102 1538 1133 deest
1551 1112 1642 1133 voca·

917 1157 1030 1188 bulum
1045 1155 1141 1186 Vind.
1158 1156 1199 1186 V.
1223 1155 1270 1185 ed.
1287 1155 1325 1191 Q.
1343 1156 1578 1185 A.-lzumabat.·
1606 1159 1642 1186 Δ.

917 1206 1165 1241 humat.—Nihil
1181 1206 1303 1236 videtur
1325 1206 1516 1242 novandum,
1543 1216 1643 1246 quum

919 1266 1040 1300 recepta
1054 1259 1117 1288 sint
1131 1263 1213 1288 recta
1228 1263 1259 1288 et
1273 1262 1410 1287 venusta.

960 1320 1034 1349 Ver.
1054 1322 1142 1349 1280.
1158 1319 1206 1349 vi.-
1230 1316 1273 1347 sic
1288 1315 1459 1357 legendum
1478 1327 1589 1347 censeo
1605 1326 1644 1347 ex

919 1369 1076 1401 verissima
1100 1367 1312 1408 castigatione,
1337 1372 1462 1406 propter
1483 1367 1645 1398 varietates

919 1429 1058 1452 veterum
1094 1419 1329 1459 exemplarium.
1377 1419 1413 1448 P.
1443 1421 1506 1455 vis‚·
1542 1429 1645 1460 neque

919 1473 1007 1503 aliter
1021 1473 1057 1502 L.
1074 1471 1122 1502 M.
1137 1471 1164 1501 si
1180 1470 1278 1500 fidum
1289 1469 1387 1509 egerit
1399 1469 1644 1509 Havercampus,

918 1523 1003 1565 quod
1025 1528 1150 1564 egomet
1171 1523 1230 1552 hac
1252 1521 1412 1551 occasione
1433 1520 1483 1550 vix
1502 1520 1643 1552 credam:

920 1576 960 1605 O.
978 1580 1021 1606 Ω.
1037 1585 1102 1610 res;
1125 1572 1220 1608 unde,
1243 1572 1303 1602 nisi
1320 1583 1352 1602 re
1367 1571 1564 1610 praecederet,
1580 1571 1643 1610 pri·

918 1635 1005 1656 mam
1018 1624 1101 1654 vocis
1116 1622 1306 1663 insequentis
1320 1621 1442 1651 literam
1455 1622 1643 1661 putavissem

918 1676 1088 1713 adhaesisse,
1104 1681 1136 1706 et
1150 1675 1193 1705 ita
1207 1674 1301 1705 fuisse
1316 1673 1565 1704 rescribendum:

949 1773 1088 1805 Multaque
1099 1779 1126 1797 re
1135 1771 1222 1797 subita
1238 1774 1379 1803 paupertas
1389 1770 1496 1796 horrida
1505 1770 1595 1796 suasit.

919 1868 1044 1900 Vocula
1065 1868 1152 1899 deest
1166 1866 1262 1898 Vind.
1280 1866 1321 1897 V.
1346 1865 1394 1896 ed.
1421 1867 1460 1902 Q.
1487 1870 1522 1897 Δ.
1539 1870 1573 1898 Σ.
1594 1865 1643 1897 uti

918 1921 1032 1961 passim
1046 1919 1177 1950 librariis
1192 1924 1352 1964 peccatum
1375 1924 1431 1956 est,
1455 1918 1574 1958 quoties
1591 1928 1641 1949 re-

916 1973 1070 2012 periatur3
1092 1971 1132 2002 de
1146 1980 1209 2012 quo
1222 1980 1316 2009 supra
1330 1969 1520 2001 monuimus.
1557 1970 1642 2002 Vul-

916 2034 970 2066 go,
985 2034 1091 2055 versus
1104 2023 1148 2054 ita
1162 2022 1316 2053 scribitur:

976 2113 1116 2143 Multaque
1127 2112 1173 2136 vis
1183 2111 1276 2142 subita,
1287 2114 1311 2135 et
1321 2114 1534 2143 paupertas——t

916 2202 969 2234 sed
985 2215 1018 2234 το
1032 2207 1060 2233 et
1074 2211 1139 2232 non
1153 2206 1312 2240 comparet
1333 2200 1366 2230 in
1381 2200 1640 2232 emendatissimis

916 2265 952 2285 ac
975 2253 1146 2284 veterrimis
1168 2252 1358 2282 membranis
1380 2252 1416 2283 L.
1437 2253 1639 2292 M.-P0rro‚

917 2311 951 2339 Σ.
967 2307 1065 2337 subita
1081 2311 1109 2336 et
1115 2320 1126 2342 ,-
1148 2305 1269 2335 inverso
1284 2303 1401 2335 ordine.

958 2365 1040 2396 Ibid.
1057 2370 1226 2405 paupertas
1240 2367 1383 2396 horrida:
1407 2364 1512 2395 redeas
1525 2364 1566 2395 ad
1577 2375 1638 2397 ver.

919 2420 1008 2448 1267.
1054 2416 1223 2454 Caeterum‚
1253 2415 1297 2446 sic
1322 2415 1397 2446 dicit
1422 2415 1633 2456 Thucydides:

914 2481 1008 2498 —xau
1034 2474 1140 2498 πολλοι
1168 2481 1192 2502 ες
1219 2479 1412 2507 αναισχνντυς
1439 2468 1536 2502 θῆκας
1555 2481 1636 2510 erpa-

917 2532 1012 2554 Wovff09
1036 2531 1135 2549 σπανὲί
1151 2532 1206 2549 TN!
1229 2518 1397 2554 Saelffn351W79
1420 2517 1466 2549 δία
1481 2532 1514 2550 ‘TO
1529 2532 1638 2559 ffuxvflg

917 2570 965 2605 ἢδη
982 2574 1158 2614 τροτεθναναι
1174 2579 1310 2612 cotan—-

959 2631 1032 2662 Ver.
1060 2635 1149 2662 1281.
1172 2633 1275 2662 aliena
1305 2642 1454 2670 rogorum.
1498 2631 1552 2662 De
1579 2632 1638 2663 hac

916 2682 1057 2723 elegante
1072 2682 1209 2713 formula
1231 2681 1304 2712 satis
1317 2682 1473 2720 dedimus,
1495 2682 1535 2712 ad
1550 2682 1569 2712 i.
1585 2686 1637 2713 88.

915 2735 1012 2765 —Ita
1030 2735 1268 2766 Graecusz—em
1291 2746 1379 2776 πνρας
1396 2748 1454 2776 γαρ
1469 2741 1635 2777 alken-piae,

915 2788 1080 2827 QSoeaeoev‘esf
1109 2799 1160 2821 τες
1190 2799 1340 2824 νησαντας,
1367 2786 1391 2816 oi
1415 2799 1476 2825 μεν,
1501 2787 1636 2820 &metm-55

915 2852 961 2870 τον
983 2839 1090 2870 ianua-m
1117 2851 1213 2880 νεκρον,
1239 2838 1377 2877 ὑφῆπτον·
1392 2837 1417 2869 οἱ
1436 2836 1476 2876 δε,
1492 2850 1639 2877 καιομενσυ
