1926 3224
589 220 824 269 LIBER
872 214 1236 274 QUINTUS.

1569 219 1628 259 85

178 359 257 396 505
289 353 560 405 Turbinibus,
593 353 689 394 sinit
708 351 872 393 incertis
891 349 1057 391 turbare
1075 346 1278 403 procellis}

290 429 384 484 Ipse
404 444 497 470 suos
516 427 646 485 igneis
666 434 777 467 certo
797 424 875 466 fert
894 425 1029 478 inpete
1048 422 1207 471 labens3

291 503 416 557 (Nam
438 501 600 543 modice
618 500 743 540 fluere
763 505 884 552 atque
905 509 989 535 uno
1009 508 1127 548 posse
1147 492 1301 533 aethera
1320 492 1420 533 nixu

293 574 506 632 Significat
527 573 664 614 Ponto
684 584 812 619 mare,
843 576 955 608 certo
974 567 1086 622 quod
1108 567 1196 606 fluit
1217 569 1337 619 aestu)

293 649 436 690 Unum
455 645 623 687 labundi
644 656 887 685 conservans
908 654 1034 695 usque
1055 647 1252 684 tenorem,

151 809 172 825 “
189 802 282 841 terra,
302 803 482 842 obrzaempunt
498 801 652 832 collum:'’
670 801 689 831 i.
706 810 732 831 e.
758 799 870 830 infrin-

148 861 237 897 gunt.
268 853 319 884 Sic
331 853 476 883 nonnulli
489 852 609 892 scripti:
627 851 731 892 vulgo,
747 852 870 882 abrum-

143 911 242 947 punt;
268 902 288 934 ἶ.
303 915 330 934 e.
356 904 435 933 “ita
457 903 619 943 frangunt,
643 908 679 933 ut
701 912 719 932 a
745 912 871 941 corpore

147 960 171 976 “
186 955 303 987 collum
329 954 542 994 disparetur:”
575 954 660 994 quod
683 953 775 993 plane
799 963 870 992 por-

147 1010 171 1025 “
188 1012 345 1037 tentosum
364 1006 454 1044 foret,
477 1011 508 1035 et
529 1011 636 1035 contra
657 1004 869 1034 manifestissi-

147 1067 234 1087 mam
249 1057 293 1087 rei
309 1057 477 1087 veritatem.
521 1056 616 1087 Liber
630 1055 797 1097 singularis
816 1065 870 1085 vo-

149 1118 218 1138 cem
233 1107 424 1138 conservavit
438 1107 478 1137 ad
493 1106 613 1137 Pauad.
640 1107 679 1138 de
701 1117 734 1136 re
755 1112 828 1136 rust.
852 1106 871 1136 i.

150 1163 200 1192 19.
219 1163 248 1190 1.
273 1159 326 1190 ubi
348 1165 453 1189 tamen
469 1158 632 1198 vulgatum
651 1160 793 1198 abrumpi
806 1167 871 1187 rec-

150 1217 219 1241 tum
235 1221 299 1241 esse
314 1211 509 1241 arbitramur.
534 1209 595 1240 Sed
606 1209 692 1240 enim
703 1220 767 1240 non
781 1209 872 1240 dubi-

150 1268 226 1300 tem,
249 1263 325 1302 quin
350 1263 448 1292 otiose
469 1262 679 1302 quaerentibus
700 1261 792 1292 multi
814 1261 874 1292 loci

148 1314 403 1348 obversabuntur,
427 1323 445 1343 e
468 1313 581 1352 quibus
603 1313 791 1343 vocabulum
804 1323 872 1352 per-

150 1364 291 1404 vagatius
305 1374 414 1394 vocem
435 1365 610 1403 obrumpere
625 1363 778 1403 expulerit
784 1375 793 1400 ;
820 1363 875 1394 sed

149 1424 219 1444 raro
234 1425 281 1444 res
295 1415 412 1452 evenit,
436 1414 487 1444 cui
512 1424 577 1444 non
602 1425 691 1454 aeque
713 1415 876 1445 conveniat

150 1466 337 1504 abrumpere.
378 1465 417 1495 Se
432 1464 600 1495 ostendunt
613 1465 731 1495 interea
746 1475 829 1495 unus
845 1471 876 1496 et

151 1515 229 1545 alter
243 1515 340 1553 locus,
364 1515 402 1545 de
417 1516 530 1556 quibus
551 1515 635 1546 haud
650 1526 755 1546 verear
771 1526 877 1547 meam

150 1566 339 1596 sententiam
362 1576 435 1596 cum
458 1566 706 1606 intelligentibus
728 1573 759 1596 et
781 1567 877 1607 aequis

151 1617 317 1647 lectoribus
344 1618 587 1648 communicare.
635 1617 778 1656 Ovidius,
804 1625 878 1648 met.

152 1667 214 1697 viii.
230 1670 300 1698 764.

166 1741 256 1772 Quam
266 1740 344 1770 solet,
359 1743 424 1765 ante
433 1747 490 1765 aras
501 1740 594 1772 ingens
602 1741 651 1765 uhi
662 1740 775 1765 victima
785 1744 876 1766 taurus

167 1780 304 1809 Concidit,
319 1780 428 1812 abrupta
441 1787 520 1805 cruor
531 1787 546 1805 e
556 1780 657 1805 cervice
666 1780 799 1812 profusus.

153 1841 226 1872 Nisi
240 1843 342 1872 cervix
364 1843 507 1873 credatur
529 1843 634 1874 cultris
648 1845 789 1875 abscindi
810 1854 876 1875 cor-

153 1904 237 1933 pore,
260 1895 343 1935 quod
358 1895 476 1925 factum
492 1906 558 1926 esse
574 1907 639 1926 non
655 1896 809 1935 existimo,
831 1897 875 1927 le-

154 1945 294 1985 gendum
309 1946 441 1976 dixerim
456 1946 593 1987 obruptci.
620 1947 720 1984 Idem,
737 1958 833 1978 amor.
842 1947 876 1979 ii.

154 1999 182 2027 1.
199 1999 248 2028 25.

183 2069 310 2095 Carmine
319 2070 458 2101 dissiliunt,
477 2070 589 2104 abruptis
601 2071 734 2102 faucibus,
750 2078 859 2104 angues:

152 2131 173 2162 i.
188 2142 214 2162 e.
237 2144 257 2162 a
273 2139 380 2164 trunco
398 2137 547 2173 separatis
554 2149 564 2170 ;
591 2135 651 2164 nisi
675 2145 730 2174 pro
754 2136 878 2175 dg'ffissis

153 2185 282 2214 verbum
311 2191 405 2225 queat
429 2192 522 2216 stare:
555 2186 639 2226 quod
662 2186 740 2216 mihi
765 2187 876 2217 saltem

153 2235 296 2265 nondum
310 2237 416 2277 liquet.
460 2238 580 2278 Legam
603 2239 700 2278 igitur
722 2240 873 2278 abruptis:

153 2285 174 2314 i.
184 2295 210 2315 e.
227 2288 491 2327 nuusrexjaws.
523 2289 564 2318 In
583 2289 760 2319 Maniliano
776 2300 876 2326 versu,

154 2339 192 2369 iv.
206 2343 280 2370 641.

186 2413 241 2436 Nec
251 2415 360 2437 tautum
373 2421 409 2439 ex
420 2415 473 2439 una
484 2419 582 2446 pontus
593 2417 641 2440 sibi
652 2420 729 2448 parte
741 2416 848 2441 reclusit

184 2451 306 2477 Faucibus
317 2452 430 2485 abruptis
440 2455 612 2486 orbem—5

154 2537 238 2562 certe
253 2533 369 2564 menda
383 2539 442 2565 est:
467 2541 509 2572 et,
532 2535 581 2566 vel
602 2536 732 2576 legerim
756 2548 828 2567 cum
844 2537 881 2567 li-

156 2584 220 2614 bris
249 2584 402 2623 pluribus,
441 2587 588 2626 abreptis;
628 2588 678 2617 vel
713 2590 882 2628 acceperim

156 2634 422 2675 elegantissimam
454 2638 705 2669 emendationem
735 2640 883 2679 Bentleii,

155 2696 250 2726 quem
265 2689 417 2719 consulas.
454 2689 596 2720 Multum
609 2690 708 2727 fallor,
723 2692 750 2721 si
766 2692 884 2724 Seneca

154 2747 220 2767 non
235 2737 375 2778 indigeat
389 2739 520 2780 hujusce
542 2741 717 2780 medicinae,
740 2742 780 2773 ad
798 2743 881 2783 Hip-

156 2789 218 2828 pol.
235 2793 326 2821 1266.

380 2863 433 2890 hoc
445 2865 510 2896 quid
521 2869 571 2895 est,
588 2866 677 2891 forma
689 2873 791 2897 carens,

186 2901 218 2925 Et
231 2905 320 2935 turpe,
337 2904 425 2930 multo
439 2905 550 2931 vulnere
560 2906 695 2939 abruptum
707 2907 843 2940 undique?

915 798 990 828 Non
1007 797 1148 837 intelligo
1155 808 1164 834 ;
1188 795 1378 836 reposuerim
1393 795 1504 837 itaque,
1527 797 1634 835 obrup-

914 857 995 881 lum:
1020 853 1042 868 “-
1060 850 1213 880 Bnoxex
1234 859 1272 878 [Ν
1292 859 1386 879 υΡοΝ
1407 848 1552 889 (minime
1567 858 1634 878 om-

916 904 938 919 “
954 900 1044 930 nium
1063 902 1181 930 Brolsen
1196 899 1253 940 (ff)
1270 901 1339 930 wille
1356 911 1449 939 many
1461 911 1479 929 a
1496 899 1634 930 wouml.'’

914 952 1038 982 Verum
1055 951 1139 981 enim
1159 950 1322 981 doctorum
1341 949 1497 990 judicium
1512 959 1636 988 exspec-

914 1008 1028 1039 temus,
1052 1007 1083 1031 et
1096 1001 1232 1040 receptui
1247 1011 1403 1031 canamus.
1443 1001 1525 1031 Vide
1545 1011 1638 1041 porro

914 1053 996 1083 dicta
1009 1053 1043 1082 iu
1057 1053 1150 1089 notis,
1173 1051 1212 1081 ad
1232 1052 1268 1081 vi.
1285 1055 1356 1082 586.

958 1104 1032 1135 Ver.
1050 1107 1123 1135 506.
1139 1114 1206 1134 suos
1221 1105 1335 1142 igneis:
1355 1103 1397 1133 V.
1412 1103 1458 1134 ed.
1470 1115 1522 1134 suo
1535 1106 1639 1143 signis.

915 1156 1031 1186 —Hos
1044 1161 1151 1186 autem
1160 1157 1244 1195 ignes
1257 1154 1424 1195 Virgilius,
1437 1155 1511 1184 AEn.
1526 1155 1556 1184 ii.
1570 1158 1638 1186 154.

915 1215 1042 1240 aelernos
1058 1211 1142 1247 ignes
1157 1206 1308 1236 nominat„
1353 1206 1396 1236 Et
1418 1213 1496 1237 certo
1521 1209 1636 1246 inpete:

917 1259 936 1290 i.
952 1269 978 1289 e.
1001 1263 1024 1277 “
1040 1259 1136 1289 aether
1163 1267 1237 1288 cum
1261 1257 1326 1287 suis
1348 1257 1499 1288 sideribus
1520 1268 1641 1296 semper

919 1315 942 1330 “
959 1309 1211 1342 circumvolvitur
1226 1309 1368 1349 aequabili
1383 1315 1498 1347 rotatu,
1520 1319 1555 1339 ac
1571 1308 1642 1339 nul-

920 1366 942 1382 “
960 1363 999 1393 lis
1014 1361 1292 1400 interruptionibus
1307 1361 1473 1392 obnoxio.’‘

961 1415 1035 1444 Ver.
1055 1417 1127 1445 507.
1145 1425 1249 1453 posse:
1275 1413 1316 1443 V.
1335 1413 1382 1444 ed.
1399 1415 1641 1453 possz‘e.—nz'2·u.·

919 1467 963 1496 ita
980 1466 1019 1496 O.
1037 1472 1081 1496 Ω.
1098 1465 1202 1505 vulgo,
1225 1468 1313 1501 nisu;
1338 1465 1483 1504 inspicias
1498 1471 1646 1496 annotata

921 1517 960 1548 ad
975 1517 1013 1547 iv.
1028 1521 1100 1549 904.
1146 1517 1190 1546 Et
1211 1527 1327 1546 nomen
1349 1519 1438 1548 nisus
1460 1528 1516 1556 pro
1533 1524 1645 1557 partus

920 1569 1001 1599 nihil
1019 1568 1105 1599 aliud
1127 1579 1193 1599 esse
1211 1568 1416 1608 judicaverim
1439 1569 1542 1598 eidem
1557 1579 1646 1599 voca·

921 1620 1007 1657 bulo,
1046 1630 1174 1650 sensum
1211 1625 1303 1649 nacto
1332 1619 1565 1650 secundarium:
1607 1621 1646 1650 ob

923 1670 1087 1700 acerrimas
1113 1670 1181 1700 illas
1206 1670 1439 1700 colluctationes
1465 1670 1592 1707 scilicet,
1615 1677 1647 1701 et

920 1720 1041 1751 dolores
1052 1721 1327 1750 vehementissime
1343 1727 1517 1759 contentos,
1535 1722 1648 1762 quibus

922 1771 1124 1811 puerperium
1139 1770 1280 1801 efficitur.

963 1822 1044 1853 Ibid.
1067 1824 1199 1853 modice:
1232 1822 1251 1852 i.
1269 1833 1294 1853 e.
1318 1835 1495 1865 συμμετρως·
1518 1824 1558 1854 ad
1580 1834 1646 1854 mo-

924 1875 1000 1906 dum
1018 1874 1238 1914 praestitutum,
1261 1884 1504 1916 mensuramque
1519 1882 1649 1913 certam;

924 1925 1024 1956 stabili
1041 1924 1268 1956 moderamine:
1289 1936 1329 1956 ne
1343 1937 1399 1965 pro
1413 1928 1502 1965 lente,
1519 1927 1567 1957 vel
1581 1939 1647 1959 sen-

921 1979 992 2014 sim,
1014 1976 1141 2006 fortasse
1155 1977 1264 2016 capias.

965 2036 1041 2066 Ver.
1057 2040 1130 2067 508.
1158 2039 1274 2067 Ponto:
1301 2038 1343 2067 sic
1358 2037 1527 2078 eleganter,
1550 2045 1581 2069 et
1596 2039 1650 2070 de-

920 2088 1036 2123 faecate,
1071 2088 1142 2118 libri
1171 2095 1289 2119 veteres
1313 2100 1434 2127 omnes,
1467 2090 1528 2130 qua
1553 2091 1650 2121 MSS.

921 2139 984 2180 qua
999 2139 1080 2179 typis
1095 2140 1244 2180 evulgati:
1271 2147 1307 2170 ut
1328 2141 1368 2170 sit
1387 2153 1471 2172 mare
1488 2143 1585 2172 Ponto
1609 2142 1649 2172 de

920 2190 1030 2220 eadem
1052 2192 1293 2230 constructione,
1317 2203 1413 2232 quam
1434 2203 1491 2223 nos
1517 2193 1648 2223 asserui-

920 2252 992 2272 mus
1012 2242 1052 2273 ad
1066 2242 1097 2272 ii.
1116 2246 1142 2272 1.
1158 2254 1280 2284 aequora
1297 2247 1380 2275 mari
1391 2244 1516 2275 scilicet:
1534 2245 1585 2275 adi
1599 2246 1645 2276 lo-

920 2303 1004 2323 cum.
1031 2293 1182 2323 Virorum
1194 2300 1300 2325 autem
1311 2294 1475 2325 doctorum
1487 2306 1581 2335 super
1591 2297 1651 2327 hoc

920 2355 1011 2375 versu
1036 2346 1252 2382 temeritatem,
1281 2353 1312 2377 et
1339 2347 1472 2386 ineptias
1496 2348 1650 2388 nugiven-

922 2396 1037 2426 dorum
1051 2397 1221 2435 editorum,
1246 2398 1322 2438 quid
1345 2399 1455 2429 attinet
1477 2410 1649 2435 recensere,

923 2447 1053 2477 vetustis
1089 2448 1323 2487 exemplaribus
1359 2449 1444 2479 idem
1479 2450 1652 2480 testimoni—

923 2509 980 2528 um
996 2499 1236 2530 vociferantibus
1244 2499 1414 2537 ?—P0rro‚
1431 2501 1594 2532 Bentleius
1609 2502 1653 2532 ita

924 2556 1043 2590 puncta
1058 2551 1156 2581 voluit
1170 2551 1379 2591 disponenda:

927 2632 994 2655 Nam
1010 2631 1118 2656 modice
1129 2632 1222 2662 fluere,
1233 2636 1314 2664 atque
1322 2640 1376 2658 non
1385 2640 1460 2665 posse
1471 2634 1575 2659 aethera
1585 2634 1653 2665 nisu,

927 2670 1075 2701 Significat,
1085 2672 1162 2696 Ponti
1172 2679 1248 2697 mare
1258 2677 1332 2698 certo
1345 2674 1417 2705 quod
1429 2673 1488 2698 fluit
1497 2677 1582 2699 aestu:

926 2745 944 2775 i.
961 2756 986 2775 e.
1010 2745 1095 2775 Nam
1111 2748 1154 2782 id,
1181 2747 1266 2787 quod
1281 2758 1368 2778 mare
1383 2749 1478 2779 Ponti
1492 2748 1562 2779 fluit
1576 2756 1654 2780 aestu

926 2803 1020 2835 certo,
1044 2797 1200 2837 significat
1231 2803 1253 2818 “
1279 2801 1397 2831 aethera
1422 2811 1511 2841 posse
1532 2801 1654 2832 modice

932 2851 954 2866 “
970 2848 1148 2879 fluere—:”
1171 2850 1205 2880 in
1219 2851 1332 2892 quibus
1354 2858 1459 2883 tamen
1474 2852 1552 2883 nihil
1567 2863 1653 2882 com-

930 2899 1016 2931 modi
1039 2901 1123 2931 venit
1144 2907 1320 2940 structurae;
1342 2903 1396 2934 sed
1418 2909 1525 2935 contra
1546 2903 1653 2943 vulga-
