1926 3224
308 233 371 277 70

799 228 859 274 T.
912 226 1287 274 LUCRETII

447 356 686 404 Altivolans,
707 361 885 409 poterat3
917 367 995 394 nec
1012 353 1154 409 magni
1173 352 1305 393 sidera
1322 355 1484 403 mundi,

331 434 414 470 435
445 429 534 470 Nec
553 442 680 477 mare,
701 441 778 468 nec
797 425 960 476 coelum,
982 441 1058 467 nec
1078 426 1254 481 denique
1273 432 1398 476 terra,
1419 440 1496 468 nec
1514 427 1599 477 εἶέν,

446 502 534 543 Nec
554 501 692 542 similis
710 501 859 542 nostris
877 501 999 543 rebus
1018 515 1082 542 res
1100 500 1182 542 ulla
1202 499 1343 541 videri:

449 575 531 617 Sed
551 590 660 616 nova
679 582 896 630 tempestas
915 574 1121 630 quaedam,
1142 573 1364 628 molesque,
1385 579 1538 614 coorta.

445 648 661 707 Diffugere
679 648 776 690 inde
795 649 873 690 loci
892 657 1028 704 partes
1044 662 1218 703 coepere,
1242 661 1440 703 paresque

303 803 455 835 Macrobii
475 803 496 834 1.
513 813 537 834 c.
555 803 589 834 P.
614 808 645 832 et
658 802 756 832 Vind.
782 801 809 832 si
834 801 874 832 sit
895 812 1022 842 aequum

301 854 426 884 credere
447 853 598 883 collatori:
624 852 677 882 sed
698 851 818 892 reliqua
839 852 947 882 omnia
967 862 1020 882 ex-

301 904 459 943 emplaria,
483 904 670 938 Altevolans;
705 907 737 931 et
764 912 806 932 an
834 902 928 941 male,
957 913 1022 933 non

300 960 425 993 egomet
435 953 572 992 profecto
580 959 698 984 temere
705 952 905 984 decreverim:
915 953 1022 984 redeas

301 1004 342 1035 ad
360 1005 391 1035 ii.
411 1008 500 1035 1152.
526 1004 564 1034 iv,
579 1007 650 1035 441.
696 1004 785 1034 Nihil
799 1014 912 1035 novare
928 1005 1019 1041 volui,

300 1065 400 1096 quum
411 1066 482 1094 vox,
493 1055 634 1086 similiter
643 1056 766 1095 scripta,
778 1056 899 1097 legatur
910 1057 942 1086 in
953 1057 1020 1087 En-

301 1107 367 1146 nio,
382 1107 466 1146 apud
482 1108 529 1138 M.
545 1107 628 1138 Tull.
641 1107 681 1138 de
691 1107 753 1139 div.
768 1109 790 1138 i.
801 1111 849 1138 48.
867 1114 898 1138 et
908 1108 1022 1148 idylliis

301 1159 437 1189 Ausonii
443 1171 453 1197 ;
475 1165 568 1199 prout
582 1165 612 1189 te
627 1159 726 1190 lexica
740 1160 904 1190 docebunt.
929 1160 1020 1190 Glos-

299 1217 382 1241 sator
403 1211 498 1242 etiam
513 1212 677 1252 antiquus:
705 1215 727 1230 ‘⁸
742 1214 926 1251 ’Ύψιπετηῂ
948 1214 1020 1243 alci-

301 1265 325 1280 “
343 1262 487 1294 volans:’‘
526 1263 791 1303 quemadmodum
818 1263 953 1294 vicissim
988 1264 1022 1294 in

298 1314 430 1346 Latinis.
475 1315 559 1345 Aliae
588 1315 749 1354 dictiones,
773 1316 915 1346 similiter
936 1327 1020 1347 com-

300 1369 420 1408 positae,
435 1369 630 1399 consimilem
651 1369 748 1399 etiam
770 1370 1023 1409 orthographiam

300 1426 375 1450 sunt
391 1420 527 1459 adeptae5
549 1426 585 1450 ut
599 1423 757 1458 altisonus,
783 1422 960 1458 altitonans,
974 1423 1022 1451 al-

300 1474 408 1503 tivolus
423 1473 529 1510 etiam,
546 1472 629 1502 Plin.
645 1478 708 1502 nat.
726 1471 796 1502 hist.
811 1481 839 1501 x.
856 1475 906 1502 21.
929 1481 970 1501 ne
984 1471 1023 1501 de

300 1523 420 1562 multis,
444 1534 514 1564 quae
535 1530 712 1562 supersunt,
734 1523 930 1554 recensendis
945 1529 1023 1554 sata·

298 1585 496 1614 gem—nec.-
523 1575 703 1605 Macrobius
716 1585 812 1615 neque
817 1590 829 1610 ‚·
854 1574 908 1605 sed
925 1587 958 1606 ro
972 1585 1026 1605 ne·

298 1637 355 1666 que
367 1635 437 1656 raro
448 1626 495 1656 bis
505 1625 661 1656 invenitur
676 1626 826 1656 continuo
840 1625 873 1656 in
885 1626 1024 1657 Lucretii

298 1677 500 1709 carminibus.

342 1728 423 1758 Ibid.
448 1730 626 1759 Aleivolans.
660 1727 831 1767 Epitheton
847 1729 905 1758 hoc
920 1728 1023 1768 posuit

299 1779 338 1808 ob
360 1785 470 1816 rotam,
500 1779 549 1808 vel
572 1789 707 1814 currum,
731 1778 811 1809 solis.
856 1779 1020 1820 Virgilius,

298 1839 364 1870 geo.
383 1829 425 1859 iii.
442 1833 510 1860 107.

585 1909 621 1934 illi
632 1910 732 1934 instant
741 1911 850 1935 verbere
861 1914 945 1941 torto,

327 1950 360 1974 Et
371 1949 447 1981 proni
458 1949 524 1974 dant
535 1949 606 1973 lora:
624 1949 711 1979 volat,
730 1950 757 1973 vi
768 1949 895 1980 fervidus,
906 1950 974 1975 axis.

298 2037 315 2067 Ι
320 2043 351 2067 ta
365 2047 467 2067 versus
483 2043 548 2067 erat
558 2037 842 2077 interpungendu53
856 2048 931 2068 nam
946 2038 1021 2069 ordo

298 2088 537 2119 constructionis
552 2088 602 2119 hic
618 2095 674 2119 est:
705 2093 726 2107 ‘⁴
743 2090 824 2120 Axis
845 2090 938 2128 volat,
960 2090 1021 2120 fer.

299 2144 322 2159 ‘⁶
338 2140 429 2171 vidus
452 2141 481 2170 vi
491 2140 522 2178 ;''
545 2140 566 2171 i.
581 2150 608 2171 e.
630 2140 785 2171 celeritate
807 2141 915 2172 cursus
940 2142 1019 2173 cale-

297 2193 406 2223 factus.
451 2192 516 2223 Res
530 2198 577 2223 est
590 2192 809 2233 liquidissima,
832 2192 885 2224 sed
901 2193 1021 2234 Heynii

297 2254 431 2275 acumen
446 2243 537 2281 lusit;
561 2244 668 2275 Servio
682 2244 810 2280 interea,
826 2245 874 2275 uti
891 2245 959 2285 jam
975 2245 1019 2275 vi-

297 2295 368 2334 deo,
386 2302 502 2327 rectam
518 2296 600 2326 viam
616 2302 878 2335 praemonstrante.

342 2347 422 2378 Ibid.
445 2349 551 2387 magni
565 2349 666 2378 sidera
683 2349 800 2378 mundi.
825 2347 1021 2379 Mantuanus

297 2397 361 2434 ille,
376 2397 416 2428 ad
432 2398 507 2429 AEn.
523 2398 562 2428 ix.
576 2401 625 2430 93.

329 2473 408 2497 Filius
418 2473 481 2498 huic
492 2476 597 2504 contra,
608 2476 717 2505 torquet
729 2473 776 2504 qui
785 2472 867 2497 sidem
879 2473 967 2498 mundi
977 2482 986 2499 .-

298 2539 352 2570 ubi
367 2549 425 2569 vox
441 2546 565 2580 torquet,
585 2540 678 2580 cujus
691 2540 825 2571 rationes
839 2541 872 2570 in
887 2541 946 2571 hoc
960 2550 1019 2571 usu

297 2599 399 2626 nemo,
410 2597 564 2630 quantum
574 2591 755 2632 intelligam,
765 2593 859 2631 probe
870 2591 1019 2631 exposuit,

297 2641 346 2671 vel
360 2653 468 2673 currus
483 2643 614 2682 respicit,
630 2642 663 2673 in
678 2643 792 2683 quibus
802 2642 934 2673 numina
948 2642 1018 2673 stel-

297 2691 395 2731 ligera
409 2694 575 2731 vehuntur,
593 2693 632 2724 de
647 2693 709 2734 qua
724 2704 757 2724 re
772 2703 829 2723 nos
843 2693 1022 2733 nuperrime

299 2742 339 2772 ad
355 2753 415 2774 ver.
434 2748 504 2776 419.
527 2745 575 2774 vel
596 2756 671 2777 axes
693 2745 815 2776 orbium
830 2745 1019 2776 revolubiles.

303 2795 420 2823 Auctor
437 2794 526 2832 Ciris,
543 2805 605 2825 ver.
622 2799 650 2827 7.

361 2868 444 2894 Altius
455 2870 488 2895 ad
499 2871 584 2903 magni
594 2872 729 2898 subtendit
740 2873 822 2898 sidera
831 2873 929 2899 mundi.

1106 803 1180 833 Ver.
1195 805 1268 834 455.
1289 813 1343 834 nec
1359 803 1429 832 abir:
1454 801 1497 831 sic
1519 800 1708 837 Macrobius,
1731 801 1786 832 ubi

1066 864 1174 894 supra3
1197 854 1240 884 sic
1265 853 1359 884 etiam
1382 854 1419 884 P.
1437 852 1476 882 V.
1492 852 1539 882 ed.
1561 852 1600 883 B.
1618 852 1658 883 O.
1683 859 1722 884 Π.
1740 860 1784 884 Ω.

1064 904 1170 946 vulgo,
1187 915 1283 945 neque
1297 907 1367 935 azir:
1394 903 1523 934 fortasse
1537 903 1665 942 rectius;
1687 914 1786 945 quum

1064 957 1098 987 in
1112 957 1160 987 his
1173 956 1300 987 vocibus
1314 955 1428 995 passim
1449 960 1562 991 noster,
1589 955 1714 996 qualem
1730 966 1786 995 po-

1063 1008 1134 1044 tuit,
1156 1013 1287 1037 sectatus
1301 1012 1346 1036 est
1360 1006 1552 1036 varietatem:
1577 1006 1686 1037 redeas
1698 1005 1739 1037 ad
1753 1005 1786 1036 ii.

1063 1063 1115 1090 58.

1108 1109 1183 1140 ver.
1197 1111 1268 1140 437.
1290 1113 1447 1148 tempestas
1461 1108 1624 1146 molesque}
1640 1116 1696 1146 per
1710 1107 1788 1137 hen-

1064 1160 1198 1201 dyadem
1212 1169 1336 1199 nempe,
1351 1168 1407 1198 pro
1421 1160 1511 1189 moles
1525 1163 1723 1198 tempestuosa
1738 1168 1786 1189 se-

1064 1213 1188 1243 minum
1203 1210 1403 1247 discordium,
1431 1209 1488 1240 sibi
1512 1210 1724 1250 pugnantium
1737 1214 1789 1240 tu-

1065 1261 1368 1303 multuantiumque:
1391 1260 1499 1291 confer
1516 1260 1609 1291 Ovid.
1634 1266 1708 1291 met.
1721 1259 1742 1291 i.
1759 1264 1788 1293 9.

1068 1319 1114 1345 18.
1132 1318 1180 1346 19.
1204 1318 1254 1344 20.
1299 1312 1354 1343 Ad
1378 1313 1445 1342 haec
1472 1311 1611 1343 multum
1634 1310 1710 1342 facit
1733 1320 1790 1352 pro

1066 1365 1157 1396 solito
1171 1363 1335 1405 Virgilius,
1350 1362 1392 1393 ad
1408 1362 1483 1393 AEn.
1497 1362 1517 1392 i.
1537 1365 1608 1392 154.

1081 1453 1140 1482 Jam
1151 1450 1254 1476 coelum
1266 1453 1420 1481 terramque
1430 1456 1494 1474 meo
1504 1449 1559 1474 sine
1567 1449 1690 1479 numine,
1697 1449 1788 1475 Venti!

1082 1490 1202 1519 Miscere,
1215 1492 1243 1514 et
1254 1492 1341 1513 tantas
1351 1487 1455 1513 audetis
1464 1487 1560 1513 tollere
1569 1487 1658 1513 moles?

1067 1561 1086 1591 i.
1105 1571 1130 1591 e.
1146 1562 1234 1591 moles
1249 1565 1469 1599 tempestatum,
1485 1569 1539 1589 seu
1551 1558 1712 1598 procellosi
1722 1569 1790 1592 ma-

1066 1611 1115 1641 ris.
1161 1610 1262 1646 Idem,
1278 1609 1353 1640 ibid.
1367 1619 1394 1639 v.
1411 1613 1482 1641 790.
1497 1609 1651 1640 similiter:

1097 1695 1154 1725 lpse
1164 1693 1232 1717 mihi
1241 1699 1337 1724 nuper,
1350 1691 1466 1724 Libycis,
1480 1694 1511 1716 tu
1521 1691 1607 1722 testis,
1619 1691 1646 1717 in
1657 1691 1734 1716 undis

1096 1734 1185 1765 Quam
1195 1732 1283 1757 molem
1293 1732 1380 1757 subito
1392 1731 1525 1758 excierit!

1107 1796 1181 1826 Ver.
1197 1799 1267 1826 438.
1291 1797 1362 1826 inde
1377 1797 1453 1826 loci.-
1479 1794 1575 1825 Vind.
1600 1796 1694 1825 indue
1707 1796 1769 1826 loci
1773 1809 1786 1831 ,-

1067 1854 1112 1878 Ω.
1128 1850 1161 1878 in.
1177 1849 1235 1878 due
1249 1848 1326 1877 loci:
1352 1846 1443 1886 cujus
1464 1846 1498 1876 in
1520 1845 1663 1885 margine
1684 1855 1790 1876 veram

1064 1898 1230 1928 lectionem
1245 1907 1359 1928 manus
1372 1897 1478 1936 posuit
1489 1896 1649 1927 recentior.
1686 1896 1791 1928 Nimi.

1066 1960 1150 1987 rum,
1165 1948 1347 1989 exquisitior
1360 1947 1498 1978 formula
1512 1947 1664 1979 sermonis
1687 1947 1789 1986 impo-

1066 2001 1129 2031 suit
1143 2000 1283 2030 librariis.
1326 2001 1406 2030 Inde
1420 2001 1479 2030 loci
1489 1998 1570 2030 valet
1579 2003 1692 2038 postea.
1738 1997 1790 2028 Sic

1065 2052 1191 2082 Ennius
1205 2057 1251 2082 ter
1265 2051 1299 2081 iu
1313 2050 1509 2091 fragmentis,
1523 2060 1578 2090 pp.
1589 2053 1640 2080 34.
1654 2052 1704 2080 83.
1718 2051 1790 2080 187.

1064 2104 1194 2134 Veteres
1208 2102 1332 2143 glossae:
1353 2106 1375 2121 “
1391 2104 1471 2133 Inde
1483 2103 1555 2140 loci,
1565 2113 1643 2137 τοτε,
1657 2099 1788 2132 mesra?

1064 2156 1108 2186 Et
1132 2165 1238 2185 rursus
1259 2155 1293 2185 in
1319 2154 1452 2185 Graecis:
1481 2157 1503 2172 “
1520 2159 1604 2190 Tor-e,
1626 2154 1698 2183 inde
1719 2153 1788 2183 loci.

1066 2211 1090 2226 ‘⁸
1108 2212 1229 2242 Eaenw,
1246 2208 1317 2237 inde
1332 2202 1422 2237 loci.'‘
1459 2205 1507 2236 M.
1523 2204 1649 2235 Tullius
1663 2203 1791 2242 insuper

1063 2258 1112 2288 his
1126 2257 1251 2288 accedat
1264 2257 1299 2287 in
1316 2257 1422 2292 Arato,
1439 2266 1500 2287 ver.
1517 2259 1590 2288 393.
1612 2255 1671 2286 hoc
1685 2253 1791 2292 modo,

1064 2308 1124 2339 nisi
1139 2307 1287 2344 fallimur,
1303 2306 1518 2348 castigandus:

1094 2388 1226 2413 Humidus
1236 2388 1293 2412 inde
1305 2387 1350 2413 loci
1361 2389 1486 2414 conlucet
1498 2387 1629 2419 Aquarius
1641 2386 1710 2412 orbe:

1092 2430 1162 2454 Exin
1173 2427 1353 2460 squamiferei,
1363 2430 1484 2452 certantes
1493 2426 1597 2457 ludere,
1607 2425 1702 2457 pisces.

1065 2499 1183 2541 Vulgo,
1206 2501 1303 2530 orbem
1320 2505 1351 2529 et
1365 2505 1528 2539 sequente&
1551 2506 1686 2538 quarum
1706 2493 1789 2534 prio-

1063 2561 1130 2581 rem
1144 2549 1396 2581 emendationem
1403 2549 1471 2590 jam
1484 2548 1596 2579 Grotio
1607 2545 1787 2578 defloratam

1063 2602 1160 2633 video.
1195 2602 1344 2633 Conferas
1360 2601 1448 2642 Virg.
1464 2610 1532 2642 gen.
1549 2599 1569 2629 i.
1585 2599 1656 2628 385.
1694 2595 1788 2626 Idem

1064 2655 1172 2686 lumen
1188 2655 1373 2696 eloquentiae
1387 2653 1455 2694 pari
1469 2652 1591 2683 locutus
1605 2653 1650 2679 αἱ
1661 2647 1785 2689 elegan-

1065 2706 1107 2737 tia
1124 2706 1197 2737 ibid.
1213 2716 1275 2736 ver.
1290 2709 1362 2737 544.

1096 2789 1222 2818 saxaque
1232 2792 1310 2816 cana,
1319 2784 1377 2810 salis
1387 2783 1466 2808 niveo
1476 2784 1600 2815 spumata
1610 2779 1724 2811 liquore,

1095 2826 1243 2851 Tristificas
1253 2827 1349 2851 certant
1360 2825 1484 2855 Neptuno
1496 2821 1606 2847 reddere
1616 2825 1706 2845 voces.

1063 2888 1125 2919 Vel
1140 2889 1202 2920 alio
1216 2887 1311 2920 modo
1325 2895 1430 2917 versus
1445 2885 1506 2922 isti,
1521 2894 1558 2916 ex
1570 2881 1699 2915 Anthol.
1712 2881 1782 2913 Lat.
