1926 3224
305 277 400 319 244

804 273 866 321 T.
903 272 1281 321 LUCRETII

358 401 413 444 70
444 403 563 459 Saepe
582 404 770 444 oberunt:
801 416 902 452 non,
924 416 1007 457 quo
1026 401 1167 442 violari
1187 416 1347 444 summa
1365 403 1488 446 desim
1506 406 1566 448 vis
1614 439 1624 457 2

444 477 591 526 Possit,
613 484 660 517 ut
677 490 730 516 ex
749 473 808 516 ira
828 490 971 531 poenas
989 484 1128 531 petere
1147 474 1306 517 inbibat
1325 477 1471 528 acreis;

445 550 542 600 Sed,
566 550 661 606 quia
680 558 766 592 tute
784 549 874 601 tibi,
895 549 1055 605 placida
1075 564 1169 591 cum
1189 564 1289 605 pace
1309 551 1484 606 quietus,

445 624 678 665 Constitues
698 640 869 682 magnos
889 625 1044 666 irarum
1063 623 1223 665 volvere
1241 624 1406 675 fluctus3

443 697 532 739 Nec
551 698 720 740 delubra
738 698 862 740 desim
881 698 1042 754 placido
1063 713 1157 739 cum
1177 707 1342 753 pectore
1361 699 1507 741 adibis:

359 772 412 812 75
443 771 548 822 Nec,
570 772 622 813 de
641 787 813 827 corpore
832 786 926 827 quae
947 780 1087 812 sancto
1107 772 1319 814 simulacra
1338 772 1518 823 fuerunt,

444 845 496 886 In
515 846 684 887 menteis
704 845 918 889 hominum
939 845 1089 888 divinae
1109 846 1254 887 nuntia
1272 845 1432 897 sormae,

295 1008 331 1032 ta
343 1015 353 1032 .·
378 1000 433 1032 sed
451 1011 515 1032 non
530 1012 637 1033 caussa
651 1009 707 1042 est,
728 1006 768 1036 ob
782 1015 875 1046 quam
897 1013 1017 1044 recepta

298 1051 433 1083 velimus
447 1053 716 1095 immutares-per
731 1063 775 1087 te:
802 1057 842 1087 V.
857 1057 904 1088 ed.
915 1065 1014 1097 parte.

296 1104 493 1135 —Conferas
507 1112 611 1136 autem
626 1106 708 1137 dicta
722 1107 762 1137 ad
781 1108 823 1138 iii.
842 1112 890 1138 524.

340 1156 415 1187 Ver.
442 1160 492 1188 70.
526 1159 665 1189 oberunt:
702 1159 720 1189 i.
748 1170 774 1190 e.
809 1164 830 1178 “
847 1162 880 1190 ob
906 1171 940 1190 os
962 1161 1017 1191 tibi

296 1209 321 1225 “
335 1215 437 1244 erunt;
460 1214 502 1246 et,
523 1209 610 1249 quasi
633 1210 819 1247 minitantia,
843 1212 946 1241 vultus
961 1223 1016 1242 sae-

298 1260 322 1277 “
338 1267 392 1287 vos
413 1269 431 1288 a
453 1259 520 1289 coeli
533 1260 711 1300 regionibus
725 1261 917 1292 ostendent.”
942 1262 1016 1292 Ele-

295 1309 493 1348 gantissime:
508 1320 667 1349 compares
675 1311 849 1351 'imaginem
859 1318 1018 1343 venustate

295 1359 374 1399 pari,
397 1371 431 1391 ac
453 1361 653 1400 sublimitate,
677 1372 733 1392 nec
760 1373 823 1392 uon
851 1363 1018 1403 gemellam

294 1419 433 1449 prorsus,
453 1411 527 1441 adi.
543 1415 678 1443 64—67.
717 1413 761 1443 Et
782 1413 876 1444 lector
898 1414 1018 1454 lepidus

294 1468 484 1503 nasutusque
506 1463 661 1504 singulare
681 1464 824 1495 dictionis
846 1468 941 1498 obesse
963 1477 1016 1498 ex-

290 1518 433 1557 emplum
458 1519 491 1548 in
515 1519 664 1560 primaria
686 1521 753 1561 ejus
779 1521 1016 1562 significatione,

293 1569 380 1600 haud
403 1569 477 1600 alibi
500 1576 618 1601 temere
629 1571 808 1611 visendum,
830 1573 939 1604 sedulo
960 1575 1015 1604 ob·

292 1627 391 1651 servet
403 1621 510 1652 velim:
529 1633 627 1662 quum
642 1634 714 1654 vero
727 1625 795 1655 haec
810 1625 969 1664 oppositio,
986 1631 1017 1656 et

292 1671 342 1702 sui
358 1671 390 1701 in
407 1671 514 1703 oculos
535 1673 654 1705 alienos
676 1675 839 1716 ingerendi
862 1676 1014 1716 importu-

291 1723 383 1761 nitas,
404 1723 588 1765 plerumque
603 1725 643 1755 sit
657 1726 809 1757 hostiliter
823 1727 966 1767 animati,
984 1735 1015 1759 et

291 1774 438 1815 injuriam
453 1776 634 1807 meditantis
643 1789 652 1815 ;
669 1778 702 1807 in
717 1779 845 1817 proclivi
861 1786 906 1810 est
921 1781 1012 1811 intel-

290 1824 398 1866 ligere,
420 1836 515 1866 quam
527 1827 640 1858 'leniter
659 1829 720 1858 hoc
741 1831 872 1861 verbum
887 1831 926 1861 ad
943 1843 1011 1862 sen-

290 1885 361 1906 sum
384 1880 518 1908 nocendi
541 1878 710 1910 delabatur.
768 1881 904 1920 Interea,
934 1884 1012 1914 nihil

289 1926 448 1966 liquidius,
465 1939 561 1968 quam
577 1940 633 1959 nos
643 1930 883 1963 sincerissimam
896 1934 1010 1974 sciptu-

288 1987 358 2008 ram
373 1979 505 2017 eruisse3
520 1990 618 2020 quum
631 1982 810 2022 exquisitius
825 1985 1011 2016 vocabulum

289 2028 420 2059 librariis
442 2036 475 2060 et
498 2030 666 2062 editoribus
693 2033 804 2071 pariter
829 2034 1012 2074 imposuerit

288 2080 322 2111 in
337 2081 396 2111 hoc
411 2080 493 2112 loco:
520 2092 594 2112 nam
609 2085 798 2115 membranae
819 2092 850 2116 et
871 2087 945 2118 editi
960 2098 1011 2118 ve-

288 2137 369 2162 teres
383 2132 423 2162 ad
438 2142 539 2163 unum
556 2133 671 2164 habent
686 2137 825 2175 oderunt,
848 2145 958 2177 praeter
974 2140 1010 2171 P.

289 2183 343 2224 qui
358 2185 489 2215 aderunt
494 2199 505 2221 ;
523 2185 606 2216 unde
614 2185 756 2218 hodierni
774 2188 907 2220 editores
922 2201 1010 2221 exce-

288 2235 403 2274 perint:
429 2235 483 2265 sed
510 2237 667 2276 extemplo
688 2238 775 2278 jures
799 2240 860 2271 hoc
882 2251 947 2272 esse
961 2252 1009 2273 re-

288 2287 387 2317 centis
413 2288 591 2318 correctoris
619 2287 748 2320 facinus.
795 2291 860 2327 Qui
889 2293 1011 2332 capiant

288 2337 379 2367 aliter
392 2337 604 2378 virgilianam
618 2340 759 2379 phram'n,
773 2341 817 2372 ad
826 2353 894 2383 geo.
904 2344 924 2374 i.
938 2347 1010 2376 574.

288 2397 347 2419 nec
375 2389 506 2420 scienter
531 2390 753 2429 politissimum
777 2394 928 2426 artificem
956 2395 1009 2427 de-

287 2445 428 2480 gustant,
447 2446 479 2471 et
494 2441 618 2482 egregie
632 2441 799 2475 falluntur:

301 2558 355 2590 Obf
373 2558 378 2563 .
501 2522 656 2554 Numquam
669 2523 872 2556 'inprudentibus
882 2526 968 2553 imber

351 2562 389 2583 ull
393 2567 466 2584 :—

284 2629 304 2659 ἰ.
318 2638 346 2660 e.
371 2633 393 2649 “
409 2630 518 2663 Imber
529 2643 691 2674 nunquam
705 2634 766 2666 illis
775 2637 944 2669 obversatus
953 2645 1005 2676 est,

285 2682 309 2699 “
324 2680 374 2711 vel
398 2692 428 2712 ce
451 2694 553 2714 coram
575 2687 669 2721 dedit,
691 2687 746 2726 qui
768 2698 832 2718 uon
854 2695 1005 2728 poterant,

287 2732 309 2748 “
325 2740 384 2769 ope
409 2733 579 2765 coelestium
609 2736 782 2777 signorum,
809 2740 881 2770 satis
905 2742 1006 2780 provi·

284 2783 309 2799 “
325 2781 398 2812 dere
412 2791 494 2821 ante,
511 2797 546 2817 ac
567 2791 769 2827 praecavere.''
802 2792 892 2822 Nihil
905 2793 1006 2832 plaui-

285 2842 338 2871 usg
358 2840 393 2864 ut
408 2836 529 2868 mireris
545 2840 656 2871 merito
670 2841 832 2874 doctorum
846 2844 1007 2884 inficetias,

284 2884 409 2918 subtilia
425 2888 481 2926 ὅλῳ
496 2891 626 2932 θνλακῳ
648 2903 772 2932 prorsus
793 2895 1006 2935 intempestive

283 2935 642 2982 prodigentiim—quo:
666 2944 703 2975 P.
718 2948 815 2985 quod;
841 2947 926 2978 unde
936 2947 1004 2979 edi—

1060 1009 1141 1036 tores
1166 1003 1355 1036 intulerunt:
1379 1003 1481 1039 valde,
1508 1009 1545 1034 ut
1570 1004 1712 1043 arbitror,
1734 1005 1783 1036 in-

1062 1058 1149 1088 scite.

1104 1107 1183 1137 lbid.
1205 1107 1318 1137 violari
1343 1105 1431 1136 desim
1456 1107 1508 1136 vis.
1554 1105 1725 1146 Appositus
1738 1112 1786 1138 est

1062 1162 1268 1197 Mantuanus,
1282 1159 1323 1189 ad
1341 1159 1416 1189 AEn.
1432 1159 1483 1189 xii.
1500 1162 1572 1191 797.

1122 1241 1254 1266 Mortalin’
1267 1241 1358 1267 decuit
1369 1241 1468 1266 violari
1478 1241 1585 1267 volnere
1595 1242 1707 1269 divum?

1103 1312 1178 1342 Ver.
1194 1315 1244 1343 71.
1265 1323 1300 1343 ex
1316 1311 1382 1342 irci:
1409 1312 1507 1344 Vind.
1524 1316 1569 1344 ire
1575 1329 1586 1351 ,·
1612 1313 1651 1345 V.
1667 1314 1717 1346 ed.
1742 1315 1783 1346 Ο.

1062 1368 1096 1394 Δ.
1115 1369 1155 1394 r1.
1179 1367 1212 1394 Σ.
1238 1369 1281 1394 Ω.
1307 1365 1573 1395 exim-inbibat.-
1599 1364 1697 1396 Vind.
1719 1367 1782 1397 ini-

1063 1416 1126 1450 bat‚·
1153 1415 1194 1445 V.
1209 1415 1257 1445 ed.
1274 1421 1309 1446 A.
1327 1422 1367 1446 n.
1385 1420 1418 1447 Σ.
1434 1418 1560 1447 ἰηΙιὶὁαί.

1103 1467 1176 1496 Ver.
1201 1469 1250 1497 72.
1273 1469 1408 1506 quietus:
1434 1467 1453 1498 i.
1476 1478 1502 1498 e.
1525 1471 1548 1486 ‘¹
1566 1467 1643 1498 nihil
1666 1479 1782 1500 caussae

1061 1521 1083 1536 “
1099 1528 1133 1548 re
1148 1517 1219 1548 vera
1241 1519 1369 1556 habens,
1389 1520 1430 1549 ob
1454 1529 1549 1559 quam
1573 1519 1778 1558 discrucieris,

1061 1572 1082 1587 “
1100 1578 1136 1599 ac
1150 1569 1374 1600 conturberis.”
1418 1569 1564 1600 Editor&
1584 1570 1722 1602 scribunt
1742 1581 1782 1602 ex

1059 1619 1159 1656 libitu,
1182 1622 1312 1660 quietos,·
1337 1621 1414 1651 item
1435 1622 1528 1652 bene:
1553 1632 1654 1662 quum
1675 1628 1781 1654 tamen

1058 1677 1196 1702 veterum
1211 1672 1356 1702 omnium
1370 1672 1522 1704 librorum
1541 1673 1632 1704 lectio
1647 1675 1782 1714 probum

1057 1733 1183 1753 sensum
1197 1725 1343 1762 praebeat,
1366 1724 1511 1765 equidem
1528 1725 1626 1764 poetae
1641 1725 1719 1756 fines
1732 1726 1780 1757 fa-

1057 1773 1134 1803 tales
1147 1773 1299 1814 quosdam
1317 1775 1474 1805 sermonis
1499 1776 1694 1815 praescribere
1715 1788 1781 1809 non

1057 1826 1168 1862 ausim,
1184 1837 1319 1867 quorum
1336 1827 1488 1858 cancellos
1497 1829 1583 1860 haud
1598 1829 1691 1860 liceat
1699 1840 1779 1870 prae-

1056 1878 1199 1918 tergredi.
1225 1879 1248 1910 J
1249 1889 1301 1910 am
1316 1889 1389 1909 vero
1404 1880 1584 1911 varietatem
1598 1881 1782 1922 quamlibet,

1055 1936 1242 1970 argumento
1270 1941 1459 1969 concessam,
1492 1942 1586 1962 nemo
1611 1932 1780 1965 studiosius

1055 1980 1177 2010 affectat
1200 1982 1534 2021 nostra—Caeterum,
1557 1982 1616 2013 loci
1638 1989 1778 2015 mentem

1055 2033 1194 2071 proxime
1209 2034 1336 2074 attingit
1348 2034 1530 2074 gravissima
1550 2035 1676 2076 querela
1689 2036 1711 2068 J
1713 2036 1778 2067 ovis

1056 2083 1089 2113 in
1107 2083 1261 2122 Homero,
1282 2084 1341 2115 Od.
1358 2092 1392 2116 A.
1407 2088 1458 2116 52.

1075 2178 1099 2201 Ω
1115 2186 1193 2207 xmae,
1207 2176 1251 2203 οἷον
1264 2177 1295 2206 δη
1308 2188 1333 2204 νυ
1344 2177 1407 2206 Βίας
1420 2179 1502 2213 βροτω
1516 2184 1667 2205 mmmm-m·

1072 2225 1107 2255 ἓξ
1121 2224 1198 2257 {ylicem
1210 2235 1262 2259 γαρ
1274 2232 1335 2258 φησι
1350 2225 1414 2251 καί
1426 2235 1542 2258 epaphum,
1555 2226 1576 2252 oi
1589 2226 1614 2252 δε
1625 2237 1672 2253 κου
1687 2237 1756 2253 mu

1074 2272 1165 2306 Σφῃσιν
1179 2271 1363 2307 Μασθαλιῃσιν
1378 2271 1432 2307 ὑπερ
1446 2282 1521 2308 ,turm
1534 2273 1606 2305 ιλγέ
1617 2283 1710 2308 exunt.

1098 2354 1178 2385 Ibid.
1196 2354 1325 2395 placid&
1345 2367 1424 2396 pace
1449 2358 1577 2397 quietus.
1614 2358 1773 2394 Quemad-

1053 2405 1184 2436 modum
1199 2406 1298 2438 ferme
1310 2407 1474 2448 Virgilius,
1488 2409 1562 2439 AEn.
1579 2408 1598 2440 i.
1617 2412 1688 2442 249.

1182 2495 1255 2514 nuuc
1262 2488 1367 2521 placida
1379 2493 1523 2522 conpostus
1530 2494 1595 2522 pace
1604 2490 1716 2523 quiescit.

1094 2558 1173 2589 Ver.
1192 2562 1240 2591 75.
1262 2562 1391 2592 voluere:
1420 2565 1455 2591 A.
1470 2563 1606 2598 valum-e,-
1629 2562 1649 2592 i.
1664 2572 1690 2593 e.
1711 2563 1771 2593 vol-

1051 2612 1298 2651 nera—fluctus.-
1323 2610 1421 2641 Vind.
1441 2611 1482 2642 V.
1498 2611 1545 2643 ed.
1561 2612 1598 2643 L.
1616 2613 1662 2643 M.
1679 2618 1714 2643 A.
1725 2618 1771 2644 Ω.

1037 2663 1152 2702 fletu&-
1177 2661 1261 2693 unde
1275 2662 1470 2694 verissimum
1492 2669 1648 2703 putassem
1657 2665 1769 2704 flatus.

1051 2718 1086 2742 ut
1100 2712 1156 2742 Sil.
1173 2712 1213 2743 It.
1229 2713 1300 2744 xvfi.
1327 2717 1395 2745 120.
1420 2714 1508 2755 Virg.
1534 2714 1609 2744 AEu.
1632 2714 1672 2743 xi.
1696 2717 1768 2746 346.

1050 2763 1112 2794 nisi
1130 2770 1217 2795 vates
1233 2765 1321 2796 idem
1346 2765 1520 2801 obstitisset,
1541 2764 1614 2795 ibid.
1629 2764 1681 2795 xii.
1695 2768 1768 2796 831.

1051 2815 1125 2846 hinc
1140 2826 1195 2846 sua
1210 2821 1386 2847 mutuatus:

1111 2891 1212 2913 Irarum
1222 2891 1304 2913 taneos
1313 2887 1408 2912 volvis
1417 2889 1465 2912 sub
1476 2892 1585 2920 pectore
1586 2888 1698 2919 fluctus?

1049 2952 1181 2983 fluctus
1195 2956 1226 2982 et
1227 2953 1330 2993 flatus
1344 2952 1475 2983 confusa
1489 2957 1563 2983 sunt
1584 2951 1625 2983 ad
1648 2952 1766 2983 Luoen.
