1926 3224
262 239 324 279 26

763 233 822 281 Τ.
875 232 1252 281 LUCRETII

406 360 463 404 Et
481 377 608 411 mare,
629 360 740 416 quod
759 361 839 401 late
857 367 1060 400 terrarum
1079 360 1244 400 distinet
1263 373 1368 399 oras.

293 437 374 474 205
406 435 512 476 Inde
531 435 632 475 duas
652 447 778 488 porro
798 445 928 487 prope
945 431 1096 487 parteis
1115 431 1292 472 fervidus
1311 429 1450 481 ardor,

399 508 687 562 Adsiduusque
705 506 785 563 geli
807 521 936 556 casus,
958 505 1196 547 mortalibus
1215 504 1358 546 aufert.

408 579 535 629 Quod
555 593 674 636 super
695 587 755 621 est
774 580 876 630 arvi,
898 587 1037 621 tamen
1057 579 1101 620 id
1120 586 1267 620 natura
1287 577 1357 619 sua
1379 578 1417 619 vi

264 734 317 764 Ad
331 745 424 775 quem
445 735 552 765 locum
573 740 678 765 tamen
701 734 985 765 animadversiones

260 785 318 815 viri
339 787 468 816 maximi
482 787 655 825 praestiterit
669 786 874 822 consuluisse;
891 791 930 821 et,
945 786 985 815 de

260 841 409 874 potestate
438 837 520 867 vocis
547 839 684 873 distinet,
724 835 908 873 Heinsium,
945 835 985 865 ad

263 887 355 918 Ovid.
378 889 464 927 epist.
480 889 545 920 viii.
563 892 613 919 69.
638 888 707 929 (ubi
731 887 841 918 eadem
866 888 985 919 inveni-

262 944 314 968 tur
334 939 475 969 lectionis
497 938 727 975 dissimilitudo,
753 944 847 980 atque
870 939 904 969 in
919 939 985 970 Lu-

262 990 371 1030 cretio)
395 989 490 1019 nostri
506 1000 570 1020 non
585 989 814 1028 immemorem,
838 997 869 1021 et
886 991 986 1021 otium

262 1040 350 1070 nobis
367 1040 453 1071 valde
467 1041 678 1081 gaudentibus
691 1041 866 1072 facientem.

303 1100 377 1130 Ver.
390 1102 461 1131 205.
484 1099 573 1130 Huic
588 1100 683 1130 errori
698 1101 876 1140 subscripsit
892 1101 986 1132 etiam

261 1150 412 1192 Pelignus
426 1157 520 1190 vates,
541 1157 614 1182 met.
629 1152 648 1182 i.
665 1156 715 1184 49.

277 1232 397 1263 Quarum
409 1238 471 1263 quae
483 1232 584 1263 medio,
595 1239 649 1257 non
661 1236 700 1258 est
711 1233 859 1258 habitabilis
870 1237 938 1259 aestu
945 1244 954 1266 3

276 1272 331 1297 Nix
343 1272 411 1304 tegit
423 1272 477 1296 alta
487 1272 560 1297 duas.

261 1345 412 1387 Evulgari
426 1347 511 1384 solet,
527 1349 626 1378 media
641 1354 699 1384 est;
723 1347 776 1377 sed
794 1348 983 1379 Gronoviani

260 1396 374 1427 codicis
399 1398 489 1428 nobis
513 1398 626 1428 arridet
648 1398 748 1434 lectio,
774 1400 814 1428 ob
837 1399 983 1439 injucun-

261 1446 334 1477 dam
363 1448 445 1478 vocis
473 1455 515 1479 est
542 1449 767 1488 repetitionem.
813 1449 923 1489 Neque
948 1451 983 1479 in

260 1497 422 1538 vulgarem
443 1499 624 1538 opinionem
638 1509 701 1529 non
717 1509 750 1528 se
764 1499 896 1529 contulit
913 1500 983 1530 Ho-

263 1549 370 1587 ratius,
386 1549 437 1579 od.
456 1550 475 1579 i.
492 1553 542 1579 22.
559 1553 608 1579 22.

352 1631 423 1654 Pone
433 1630 481 1654 sub
491 1636 570 1654 curru
582 1630 697 1655 nimium
709 1630 853 1662 propinqui

353 1669 427 1699 solis,
438 1670 463 1693 in
475 1670 546 1695 terra
557 1670 679 1695 domibus
690 1671 797 1703 negata.

264 1742 317 1773 Ad
345 1754 438 1784 quem
469 1744 573 1774 locum
612 1744 896 1784 Cunninghamius,
932 1745 986 1775 ille

261 1794 384 1824 criticus
410 1794 607 1832 illaudabilis,
638 1805 712 1825 cum
737 1795 900 1825 temerario
928 1806 986 1826 suo

261 1844 424 1874 contextus
450 1845 688 1886 inquinamento
714 1838 817 1876 buccis
840 1846 986 1876 omnibus

260 1895 470 1926 exsufflandus
485 1903 539 1932 est,
557 1902 649 1937 atque
665 1897 870 1936 despuendus.

305 1956 385 1987 Ibid.
408 1959 485 1987 duas
496 1960 613 1996 parteis
631 1960 724 1987 ardor
738 1957 851 1997 aufert.
892 1957 985 1987 Colo-

260 2018 327 2038 rem
342 2008 521 2038 Lucretiani
543 2009 695 2039 sermonis
712 2008 835 2039 Plinius
858 2008 985 2039 aemula-

260 2065 311 2089 tus
326 2066 381 2095 est,
404 2066 465 2090 nat.
482 2060 550 2090 hist.
567 2060 598 2090 ii.
615 2063 664 2090 68.
711 2064 733 2079 “
752 2060 801 2090 Ita
815 2066 905 2091 terrae
925 2067 986 2092 tres

261 2115 284 2129 “
295 2118 400 2151 parles
428 2113 551 2142 abstulit
581 2113 705 2142 coelum:
736 2112 844 2142 oceani
871 2115 983 2152 rapina

261 2165 283 2181 “
299 2163 330 2192 in
347 2163 465 2193 incerto
479 2163 554 2193 est.'’
600 2163 644 2193 Et
667 2164 817 2194 vocabulo
838 2164 985 2194 Pliniano

259 2216 371 2253 rapina
388 2214 525 2244 multum
541 2214 713 2244 illustratur
728 2221 843 2253 nostra,
869 2215 902 2245 in
923 2225 983 2246 ver.

261 2267 332 2295 202.
355 2265 506 2304 expositio
521 2265 664 2295 dictionis
678 2267 812 2297 avidam.

303 2325 379 2355 Ver.
396 2329 468 2356 206.
488 2328 558 2365 geli.
595 2326 739 2367 Hujusce
753 2327 874 2364 formae,
887 2328 982 2367 gelus,

260 2377 308 2407 vel
319 2379 431 2416 gelum,
452 2379 525 2417 geli,
546 2378 691 2408 meminit
706 2378 832 2408 Nonius
848 2379 982 2408 Marcel-

259 2427 317 2463 lus,
335 2428 376 2458 iii.
397 2432 464 2459 104.
480 2428 540 2458 viii.
558 2431 606 2458 26.
624 2431 652 2458 7.
675 2429 817 2468 exempla
833 2439 869 2458 ex
887 2429 981 2459 Afra-

259 2478 322 2514 nio,
340 2479 447 2515 Accio,
466 2479 595 2515 Catone,
612 2479 768 2514 Lucretio,
786 2485 816 2509 et
832 2480 981 2515 Varrone,

259 2528 431 2567 proferens;
455 2540 512 2560 ncc
537 2540 601 2560 non
626 2530 814 2565 Priscianus,
841 2529 892 2560 lib.
908 2540 934 2559 v.
955 2540 983 2569 p.

261 2582 331 2610 658.
377 2579 489 2619 Adjice
506 2582 659 2611 Catonem
681 2580 782 2616 illum,
805 2581 845 2611 de
863 2591 895 2610 re
910 2587 983 2610 rust.

258 2636 328 2661 sect.
345 2635 394 2662 40.
413 2631 464 2662 fin.
494 2635 515 2650 “
532 2632 645 2662 Postea
659 2633 835 2663 stramentis
849 2633 983 2662 circnm-

261 2685 283 2699 “
298 2681 382 2720 dato,
417 2683 625 2724 adligatoque,
663 2695 703 2714 ne
729 2686 814 2724 gelus
844 2684 984 2714 noceat.”

260 2730 362 2761 Vetus
389 2733 586 2772 glossarium:
630 2738 652 2753 “
680 2737 782 2771 Gelas,
821 2733 984 2774 παγετος·”

261 2786 292 2811 et
306 2792 427 2812 rursus:
455 2787 476 2802 “
495 2791 648 2824 napea-05,
660 2785 777 2825 gelus.’'

303 2840 384 2870 Ibid.
418 2843 576 2873 Adsiduus
610 2846 672 2882 geli
707 2855 803 2876 casus.
847 2844 982 2874 Videtur

260 2901 315 2929 pro
343 2894 421 2923 nivis
446 2893 584 2931 posuisse
608 2895 641 2924 in
667 2896 725 2925 hoc
749 2905 838 2925 versu
863 2909 896 2926 «το
918 2898 981 2936 geli

1026 738 1143 764 noster:
1169 733 1258 773 quasi
1272 733 1423 763 nimirum
1438 742 1494 772 per
1508 742 1618 764 zonam
1633 733 1747 774 glacia-

1027 783 1090 813 lem
1118 785 1199 814 nz'ves
1229 783 1439 814 indesinenter
1463 784 1616 815 caderent.
1662 785 1750 816 Huic

1028 833 1072 864 rei
1100 833 1244 872 periodus
1265 834 1486 873 jucundissimi
1514 834 1672 865 locutuleii
1697 846 1749 866 ve-

1028 890 1120 915 nusta
1134 885 1238 915 lucem
1252 885 1429 923 foenerabit3
1454 886 1653 917 Herodotum
1669 887 1751 925 dico,

1029 935 1063 965 in
1080 936 1231 974 Melpom.
1246 939 1298 966 31.
1333 943 1400 977 Περι
1423 936 1451 967 δε
1475 950 1530 968 των
1554 949 1672 979 πτερων,
1696 951 1753 969 των

1030 989 1138 1017 {nodat
1155 993 1257 1026 λεγεσι
1273 994 1425 1017 avaram»
1447 1000 1510 1018 ειναι
1533 1001 1580 1018 γον
1603 1001 1680 1029 nepa,
1701 1001 1753 1019 nou

1031 1049 1136 1067 ‘r8freon
1163 1037 1254 1066 §fund
1278 1048 1314 1066 ΒΖ
1339 1037 1384 1067 Οἷα
1411 1050 1442 1067 Τὶ
1468 1050 1531 1068 ewoet
1562 1050 1611 1068 8⁵55
1636 1038 1695 1069 5351!
1718 1053 1753 1070 ’70

1031 1105 1122 1133 προσω
1146 1105 1197 1126 ’της
1224 1104 1330 1134 nmque,
1357 1104 1407 1123 ὅτε
1432 1092 1561 1131 διεξιεναι,
1588 1092 1667 1126 τηνδι
1691 1105 1753 1134 εχω

1030 1155 1089 1185 πὲρι
1104 1156 1211 1174 aufem!
1226 1156 1278 1176 Τῆν
1293 1157 1418 1183 γνωμην·
1443 1157 1483 1173 ‘1'oe
1505 1146 1662 1185 noeffUfSfifi
1681 1157 1754 1174 Ταυ-

1031 1207 1081 1229 vm
1105 1208 1156 1228 της
1183 1208 1278 1236 χωρης
1303 1207 1354 1225 am
1377 1201 1492 1233 νιφειται,
1519 1201 1648 1225 §aaaron
1673 1193 1700 1225 δε
1716 1207 1755 1226 τε

1028 1248 1132 1288 θξρέῦς,
1156 1260 1172 1279 ᾖ
1189 1258 1226 1277 ‘1⁷8
1239 1259 1391 1286 χξΙμωνῠςγ
1414 1246 1448 1280 ὡς
1467 1259 1517 1287 περ
1531 1259 1582 1276 καί
1597 1259 1678 1280 ΕΙκθς’
1702 1245 1754 1281 ἤδη

1028 1313 1075 1336 m,
1100 1299 1127 1332 ὖ,-
1160 1311 1202 1332 τις
1229 1301 1358 1338 αγχούεν
1381 1311 1468 1338 zoom
1495 1296 1576 1339 ἁδρὴν
1604 1309 1755 1328 marenca·

1028 1349 1087 1385 ειδε,
1103 1348 1153 1380 ωδε
1170 1362 1202 1379 ‘ra
1219 1356 1310 1388 λεγω·
1335 1361 1402 1379 eosne
1420 1362 1478 1389 γαρ
1491 1349 1508 1380 ἦ
1530 1361 1603 1387 xum
1619 1360 1753 1390 στεροισι·

1028 1414 1077 1430 καί
1103 1399 1148 1430 Bm
1172 1413 1219 1430 ‘FO'
1247 1412 1377 1439 χὲἰμωνα
1404 1411 1496 1434 ΤΉΤΟΫ,
1528 1412 1609 1429 50¹¹?oe
1635 1411 1753 1435 ffowvov,

1027 1463 1165 1483 ανοικητα
1182 1463 1222 1480 τα
1238 1461 1302 1491 προς
1321 1457 1399 1492 Bopm
1416 1463 1475 1480 εστι
1498 1463 1549 1482 τῆς
1571 1461 1667 1491 nw'ztpu
1682 1463 1755 1480 ‘rav-

1029 1514 1090 1534 της.
1137 1506 1181 1530 Tm
1205 1514 1240 1530 ων
1255 1513 1360 1541 πτερω,
1387 1500 1562 1539 ennagonus-af,
1589 1513 1641 1532 τὴν
1669 1513 1754 1540 xum

1030 1563 1080 1584 τες
1097 1553 1210 1584 Σκυέας
1227 1563 1259 1581 τε
1282 1564 1333 1581 και
1356 1562 1406 1584 τες
1433 1563 1567 1592 reptante,-
1594 1549 1680 1581 δοκευ
1704 1557 1754 1582 λε-

1031 1615 1098 1641 γειν.
1143 1601 1313 1631 Postremae
1341 1611 1433 1640 porro
1462 1600 1609 1631 clausulae
1632 1602 1683 1631 hic
1707 1608 1754 1632 est

1029 1651 1115 1687 ordo,
1160 1651 1419 1692 constructioque,
1461 1651 1572 1681 Latine
1608 1651 1754 1690 redditae;

1029 1701 1113 1742 quod
1143 1712 1265 1737 moneo,
1292 1712 1391 1742 quum
1412 1701 1561 1732 latuerint
1582 1702 1752 1732 Wesselin-

1029 1752 1132 1792 gium:
1161 1755 1182 1770 “
1200 1751 1323 1790 Opinor
1338 1752 1433 1792 igitur
1449 1752 1587 1792 Scytbae,
1609 1758 1640 1782 et
1654 1763 1753 1792 popu-

1029 1807 1051 1821 “
1067 1803 1113 1833 los
1128 1803 1257 1838 circum,
1282 1813 1353 1833 usos
1371 1803 1585 1839 similitudine.
1609 1804 1669 1834 hoc
1695 1814 1752 1834 no-

1029 1857 1052 1872 “
1068 1854 1154 1884 mine
1168 1863 1340 1893 pennarum
1358 1854 1462 1884 nivem
1477 1854 1624 1885 donare.”

1070 1915 1145 1945 Ver.
1160 1917 1232 1945 207.
1254 1913 1309 1946 ειιᾶ
1326 1918 1372 1946 vi:
1399 1915 1440 1945 V.
1462 1914 1509 1945 ed.
1531 1917 1619 1947 suavi
1622 1930 1634 1952 ;
1658 1915 1753 1946 coali-

1028 1966 1068 1995 tis
1081 1965 1277 1996 dictionibus.

1074 2024 1146 2055 Ver.
1161 2028 1232 2055 208.
1257 2025 1396 2055 Sentibus
1411 2026 1556 2056 obducat.-
1582 2030 1618 2055 Δ.
1644 2026 1753 2056 Genti-

1028 2078 1082 2107 bus
1110 2078 1240 2107 abducat
1247 2092 1258 2112 ;
1281 2086 1351 2116 quae
1380 2077 1509 2106 varietas
1537 2075 1679 2106 lectionis
1707 2083 1751 2107 est

1028 2129 1121 2169 longe
1136 2128 1290 2169 longeque
1305 2128 1535 2158 venustissima:
1562 2133 1593 2158 et
1607 2127 1641 2157 in
1656 2129 1751 2168 scrip-

1028 2179 1098 2210 tura
1117 2180 1262 2211 Gentibus
1279 2178 1454 2209 exhibenda
1467 2180 1644 2219 conspirant
1660 2180 1698 2211 O.
1722 2187 1752 2211 et

1027 2236 1062 2263 Σ.
1087 2231 1143 2262 sed
1155 2231 1330 2272 elegantem
1358 2232 1583 2262 aberrationem
1600 2232 1749 2262 Mantua-

1026 2295 1086 2315 nus
1101 2284 1213 2325 arguit,
1233 2294 1301 2324 geo.
1316 2283 1347 2314 ii.
1363 2287 1434 2314 411.

1057 2365 1098 2389 Bis
1108 2368 1228 2397 segetem
1239 2366 1326 2391 densis
1337 2365 1462 2390 obducunt
1472 2365 1580 2389 sentibus
1592 2365 1693 2391 herbae.

1026 2439 1119 2467 —m‘.-
1146 2438 1186 2468 V.
1201 2437 1249 2468 ed.
1274 2440 1318 2469 iri
1322 2453 1333 2474 ,·
1359 2438 1398 2468 de
1413 2437 1474 2478 qua
1489 2437 1674 2468 confusione
1687 2437 1750 2468 ele-

1026 2494 1205 2519 mentorum
1229 2491 1258 2519 ir
1283 2495 1314 2519 et
1338 2500 1370 2525 n,
1399 2489 1673 2519 Drakenborchius
1695 2487 1749 2518 ad-

1027 2540 1162 2578 monuit,
1185 2539 1224 2570 ad
1240 2540 1306 2570 Liv.
1323 2540 1372 2570 vii.
1390 2544 1440 2571 26.
1458 2543 1484 2570 1.
1507 2539 1562 2580 qui
1581 2538 1746 2570 videndus:

1029 2596 1062 2621 Σ.
1078 2593 1123 2626 υἱ;
1151 2597 1189 2621 Π.
1206 2593 1282 2627 nise}
1305 2591 1390 2632 quod
1411 2591 1585 2630 placuisset,
1607 2590 1634 2620 si
1653 2589 1749 2622 Man-

1027 2648 1141 2671 tuanus
1157 2642 1240 2672 idem
1257 2642 1310 2672 ille
1326 2653 1390 2673 non
1405 2642 1518 2672 iterum
1532 2642 1674 2676 obstaret,
1696 2640 1749 2680 qui

1028 2695 1071 2724 sic
1086 2707 1153 2734 sua,
1175 2697 1206 2726 in
1222 2707 1290 2737 geo.
1307 2698 1325 2727 i.
1343 2700 1412 2729 198.
1434 2695 1473 2725 ad
1489 2705 1591 2725 versus
1606 2694 1747 2724 Lucreti-

1028 2756 1104 2775 anos
1118 2747 1224 2777 omnia
1238 2747 1372 2778 studiose
1387 2745 1546 2777 coloravit:

1055 2830 1123 2859 Vidi,
1133 2830 1202 2855 lecta
1213 2832 1269 2861 diu,
1280 2836 1308 2856 et
1318 2830 1395 2855 multo
1404 2832 1514 2861 spectata
1523 2829 1615 2858 labore,

1056 2870 1221 2899 Degenerare
1231 2873 1328 2897 tamem·
1346 2869 1373 2893 ni
1384 2869 1429 2892 vis
1440 2869 1554 2892 humana
1565 2871 1633 2899 quot
1643 2868 1717 2893 annis

1055 2910 1185 2933 Maxuma
1197 2915 1313 2940 quaeque
1325 2915 1407 2933 manu
1423 2908 1592 2941 legeret—.
