1926 3224
640 246 873 295 LIBER
920 245 1222 294 SEXTUS.

1584 251 1671 292 251

336 378 490 421 Omnia
509 392 617 434 saepe
635 379 749 436 gravi
769 386 958 428 tremere,
988 386 1029 419 et
1049 377 1202 419 divolsa
1222 383 1391 432 repente

339 452 543 494 Maxuma
561 453 776 494 dissiluisse
795 454 954 507 capacis
974 453 1125 493 moenia
1144 452 1307 501 mundi;

339 526 480 575 Quom
501 527 635 568 subito
655 526 775 567 validi
797 526 907 566 venti
927 526 1110 566 conlecta
1129 525 1308 578 procella

336 599 526 641 Nubibus
546 599 706 640 intorsit
725 613 823 647 sese,
855 597 1124 651 conclusaque
1144 597 1336 646 ibeidem,

234 676 310 713 125
343 673 530 714 Turbine
549 679 737 712 vorsante
757 670 887 727 magis
906 685 953 711 ac
972 670 1101 726 magis
1122 670 1302 725 undique
1321 670 1488 721 nubem,

337 746 475 801 Cogit,
505 745 589 785 utei
609 743 680 784 fiat
701 744 826 798 spisso
847 758 945 785 cava
964 759 1137 799 corpore
1156 744 1324 785 circum.

334 818 448 868 Post,
479 817 550 858 ubi
570 817 777 858 conmovit
797 817 855 858 vis
876 818 975 873 ejus,
1007 825 1047 859 et
1067 818 1229 873 inpetus
1249 832 1357 868 acer,

192 980 233 1006 n.
256 973 363 1005 Malus
388 973 481 1003 timor
503 972 543 1003 de
557 977 657 1004 metro
678 982 783 1003 veram
805 972 911 1004 lectio-

189 1036 264 1057 nem
285 1026 318 1056 in
334 1025 420 1056 libris
435 1026 475 1055 V.
491 1025 538 1055 ed.
555 1031 591 1056 A.
607 1035 679 1055 cum
695 1027 825 1056 eoeierinc
841 1036 911 1055 mu-

189 1078 278 1109 tavit:
319 1077 462 1108 consulas
491 1077 620 1107 omnino
649 1082 755 1106 notam
787 1077 912 1107 Heinsii

190 1129 230 1160 ad
246 1129 335 1170 Virg.
351 1128 407 1159 ecl.
425 1128 463 1158 iv.
479 1131 528 1159 61.
551 1134 582 1158 et
607 1128 646 1158 de
666 1128 819 1169 regimine
841 1139 912 1159 nos-

190 1186 284 1216 trum,
311 1180 330 1210 i.
353 1183 425 1211 899.
448 1179 480 1209 ii.
504 1182 576 1210 276.
600 1183 671 1211 948.
701 1180 803 1209 caeteri
831 1179 913 1218 libri,

189 1232 304 1263 exierit.
348 1230 437 1260 Hinc
452 1235 569 1267 autem,
597 1230 629 1259 ni
645 1229 747 1268 fallor,
767 1236 851 1260 recta
864 1241 912 1260 ra-

189 1282 234 1312 tio
255 1288 432 1320 temporum
456 1280 646 1311 restituenda
668 1287 714 1311 est
731 1281 856 1319 Ovidio,
880 1281 913 1311 in

189 1339 262 1364 met.
277 1333 298 1363 i.
316 1335 386 1363 142.
408 1332 462 1362 ubi
479 1332 622 1362 similiter
637 1339 775 1372 grassata
796 1339 842 1363 est
857 1333 911 1363 ho-

189 1385 312 1416 miuum
328 1394 476 1415 numeros
487 1384 622 1423 politicos
636 1384 718 1414 male
732 1385 913 1415 callentium

190 1435 360 1466 temeritas:

190 1509 356 1542 Fffoditmtur
366 1515 438 1540 opes,
450 1507 617 1533 irritamenta
629 1507 777 1533 malorum:

189 1550 302 1580 Jamque
313 1554 410 1572 nocens
420 1547 522 1571 serrum
531 1546 656 1578 ferroque
668 1548 806 1573 nocentius
816 1554 911 1573 aurum

190 1587 341 1612 Prodierunt
348 1595 360 1616 ,-
376 1586 460 1619 prodit
471 1586 643 1612 bellum—.

191 1659 312 1690 Omnes
354 1658 435 1694 libri,
474 1660 667 1698 prodierant.
685 1676 728 1682 —
746 1659 911 1696 Caeterum,

188 1709 285 1740 Vind.
303 1715 349 1740 n..
366 1711 455 1747 artis,
470 1714 612 1739 accurate
618 1720 628 1746 3
649 1714 684 1741 Σ.
699 1711 788 1746 αῖιι’.ς,·
807 1709 911 1751 vulgo,

188 1763 291 1793 arctis.

229 1813 311 1844 Ibid.
333 1814 472 1845 Ducitur
498 1815 554 1844 diu
581 1824 681 1845 sonus.
727 1815 816 1845 Bene
837 1824 911 1845 con-

186 1864 260 1895 fen-i
285 1870 385 1904 potest
407 1865 533 1906 elegans
558 1865 644 1896 locus
666 1865 806 1907 Virgilii,
833 1867 910 1898 AEn.

187 1915 226 1947 iv.
244 1919 315 1948 463.

410 1988 497 2021 longas
506 1989 534 2013 in
546 1989 640 2014 fletum
651 1989 741 2014 ducere
750 1996 836 2015 voces.

228 2061 303 2091 Ver.
322 2064 390 2092 121.
412 2067 554 2092 tremere.-
580 2060 679 2091 vind.
703 2067 844 2099 tremore;
870 2061 911 2093 V.

183 2110 231 2143 ed.
245 2118 373 2148 tremor;
399 2118 439 2143 Π.
455 2118 621 2143 tremuere:
646 2112 698 2142 cui
713 2111 798 2143 deest
812 2119 849 2144 et.

227 2172 308 2203 Ibid.
329 2174 471 2204 videntur
500 2173 609 2204 Omnia
633 2179 758 2205 tremere
782 2180 911 2214 repente.

186 2223 325 2255 Locutus
338 2230 384 2254 est
397 2224 441 2254 ita
457 2225 662 2261 Mantuanus,
684 2226 758 2256 AEn.
773 2225 818 2256 iii.
839 2230 888 2257 90.

409 2306 512 2329 tremere
521 2304 606 2329 omnia
617 2304 680 2329 visa
691 2308 859 2337 γηγενής--

231 2371 312 2402 Ibid.
333 2374 446 2403 divolsa
461 2374 636 2404 dissiluisse.
682 2373 749 2404 Nec
770 2373 838 2413 jam
857 2384 905 2405 re-

182 2424 298 2465 jecerat
319 2424 425 2455 oculos
449 2426 487 2455 ab
513 2426 561 2455 his
583 2425 720 2456 versibus
743 2425 826 2456 idem
841 2427 906 2457 Lu-

185 2476 271 2506 cretii
295 2476 501 2507 mirabundus
523 2477 672 2516 imitator,
699 2477 738 2508 ad
760 2488 821 2509 ver.
836 2481 907 2510 415.

185 2527 325 2568 ejusdem
340 2527 423 2559 libri:

199 2614 266 2638 Haec
277 2614 345 2644 loca,
359 2615 386 2639 vi
397 2615 532 2646 quondam
544 2618 572 2641 et
583 2615 657 2641 vasti
670 2615 793 2640 convolsa
803 2614 892 2645 ruini,

200 2653 345 2679 Dissiluisse
356 2654 517 2680 ferunt——.

208 2723 209 2729 ¹
228 2728 301 2759 Ver.
323 2732 393 2760 122.
430 2731 596 2761 Maxuma:
636 2730 678 2760 V.
713 2729 760 2761 ed.
797 2733 833 2760 A.
870 2733 905 2762 Σ.

183 2781 546 2814 nimime—dissilitisse.-
588 2783 623 2813 Ρ.
655 2786 690 2813 Σ.
721 2783 900 2817 dissolvisse,-

185 2835 221 2862 A.
235 2834 408 2864 diaeiluz'sse:
434 2834 488 2864 sed
510 2836 676 2865 dissiluisse
697 2839 853 2873 comparet
872 2833 905 2863 in

183 2884 324 2924 margine
338 2885 406 2916 cod.
421 2891 456 2917 Σ.
479 2886 647 2924 Caeterum,
663 2886 713 2916 hic
728 2892 759 2916 et
773 2892 843 2916 octo
857 2896 904 2916 se-

184 2940 313 2974 quentes
325 2945 430 2967 versus
445 2936 558 2968 desunt
575 2944 615 2968 Π.
633 2943 758 2977 propter
771 2936 906 2967 similem

956 984 1061 1005 vocem
1079 973 1245 1014 repentead
1260 973 1356 1004 finem
1371 971 1505 1006 duorum
1517 982 1679 1011 versuum3

955 1026 1040 1056 unde
1054 1025 1168 1056 librarii
1193 1025 1362 1056 aberrantis
1387 1024 1497 1055 oculus
1525 1025 1558 1055 in
1576 1025 1681 1056 medio

955 1077 1053 1116 posita
1068 1076 1219 1106 transiliit.

990 1134 1078 1166 'Ven
1109 1139 1180 1166 125.
1222 1137 1328 1174 Quom,
1359 1135 1406 1165 vel
1441 1137 1532 1167 Cum:

962 1188 1051 1218 Tum.

999 1250 1074 1280 Ver.
1092 1253 1166 1280 124.
1189 1251 1327 1280 intorsit:
1353 1248 1392 1279 V.
1412 1247 1459 1280 ed.
1482 1249 1519 1279 B.
1543 1250 1680 1285 intersit,-

957 1300 1098 1337 Vossius,
1119 1303 1256 1338 imm-ci&
1279 1299 1381 1331 stulte.
1426 1299 1500 1330 Non
1514 1298 1682 1331 immemor

956 1359 987 1384 et
1001 1353 1129 1393 hujusce
1144 1353 1204 1383 loci
1220 1353 1322 1389 Maro,
1340 1351 1380 1382 ad
1397 1352 1472 1382 AEn.
1486 1351 1508 1383 i.
1523 1355 1595 1383 116.

1574 1136 1679 1168 Ο.Δ.

1241 1444 1281 1466 ast
1293 1441 1365 1466 illam
1377 1444 1420 1466 ter
1432 1440 1529 1466 fluctus
1539 1440 1630 1465 ibidem

987 1493 1092 1524 Torquet
1102 1497 1182 1524 agens
1192 1491 1356 1516 circum—.

998 1567 1074 1597 Ver.
1095 1569 1164 1597 125.
1194 1572 1342 1603 vorsante,
1373 1565 1422 1596 vel
1449 1571 1602 1596 versante:
1637 1564 1682 1596 sic

955 1618 1053 1649 Vind.
1070 1618 1110 1648 V.
1127 1617 1174 1648 ed.
1197 1617 1234 1647 B.
1250 1617 1286 1648 L.
1305 1617 1352 1647 M.
1369 1621 1403 1647 Σ.
1426 1626 1496 1656 quae
1521 1616 1624 1646 forma
1647 1615 1682 1646 in

955 1671 1013 1699 hac
1027 1668 1143 1699 caesura
1171 1668 1292 1706 saltem,
1315 1673 1352 1697 ut
1367 1666 1446 1697 nihil
1460 1667 1562 1697 dicam
1578 1666 1618 1697 de
1633 1677 1681 1697 se-

955 1725 1070 1760 quente
1084 1717 1210 1759 liquida,
1233 1718 1318 1759 quod
1336 1717 1434 1747 levius
1456 1724 1512 1755 est,
1536 1727 1600 1747 non
1616 1722 1682 1748 erat

956 1770 1053 1801 doctis
1075 1770 1244 1800 editoribus
1260 1768 1380 1809 vulgari
1399 1767 1591 1809 reliquorum
1607 1767 1684 1799 libb.

955 1823 1088 1853 versanti
1104 1819 1324 1860 posthabenda.

998 1880 1079 1912 Ibid.
1101 1881 1200 1920 magis
1221 1890 1258 1910 ac
1276 1879 1390 1918 magis.-
1416 1876 1523 1907 redeas
1536 1876 1620 1907 dicta
1641 1877 1682 1907 ad

953 1932 998 1964 iii.
1028 1934 1100 1963 545.
1129 1936 1160 1961 et
1196 1930 1337 1961 conferas
1365 1928 1478 1959 Catull.
1507 1927 1578 1958 lxiv.
1609 1931 1681 1960 275.

954 1993 1028 2014 cum
1051 1982 1206 2014 annotatis
1228 1980 1344 2012 ibidem
1368 1979 1483 2011 eruditi
1506 1978 1563 2009 viri
1587 1979 1622 2009 F.
1640 1979 1680 2010 G.

954 2034 1107 2075 Doe'ring.

998 2093 1071 2124 Ver.
1090 2097 1158 2124 126.
1181 2094 1274 2132 spisso
1303 2100 1424 2130 corpore
1449 2091 1586 2120 circum.-
1611 2098 1680 2118 om-

954 2146 1046 2176 nibus
1061 2145 1168 2185 utique
1188 2142 1348 2182 particulis
1369 2141 1399 2170 vi
1420 2140 1504 2170 venti
1525 2139 1565 2170 ad
1580 2145 1681 2169 extre-

953 2207 1008 2226 ma
1021 2195 1250 2226 confluentibus
1270 2203 1287 2223 e
1309 2197 1424 2227 centro,
1451 2196 1483 2221 et
1503 2190 1537 2220 in
1552 2190 1680 2230 sphaeri-

953 2259 1022 2280 cam
1059 2247 1253 2287 superficiem
1295 2243 1500 2276 condensatis-
1566 2242 1679 2282 Porro,

951 2299 1047 2330 Vind.
1065 2304 1100 2329 A.
1116 2299 1231 2328 habent
1246 2303 1289 2333 ut,
1306 2306 1361 2336 pro
1376 2297 1451 2326 ulei.

992 2359 1067 2388 Ver.
1083 2360 1155 2389 127.
1177 2358 1341 2388 conmovit:
1377 2353 1524 2388 absolute,
1547 2357 1585 2382 ut
1605 2361 1678 2382 nos-

951 2415 996 2440 ter
1010 2419 1145 2449 persaepe
1170 2408 1205 2438 in
1220 2406 1444 2443 consimilibus,
1468 2413 1525 2444 pro
1549 2414 1678 2434 commo-

950 2465 1015 2495 veri
1029 2465 1134 2502 coepz't;
1158 2462 1202 2492 ita
1216 2467 1252 2491 ut
1273 2469 1438 2497 carcerem,
1460 2466 1523 2498 quo
1538 2455 1679 2486 contine-

952 2521 1055 2551 antur,
1078 2513 1173 2549 venti,
1200 2512 1268 2552 jam
1295 2510 1423 2541 tandem
1444 2507 1679 2546 invalescentes,

951 2565 1049 2596 velint
1070 2574 1284 2604 perrumpere:
1311 2562 1381 2592 vide
1407 2570 1476 2598 nos,
1503 2559 1548 2590 iii.
1563 2562 1614 2590 69.
1637 2558 1678 2588 iv.

952 2621 1023 2648 458.
1071 2617 1152 2646 Sane
1167 2615 1276 2646 tritum
1291 2619 1348 2652 est,
1370 2619 1403 2643 et
1417 2610 1558 2652 puerulis
1582 2609 1678 2640 etiam

949 2667 1162 2699 notissimum:
1196 2667 1267 2708 quis
1293 2666 1372 2696 ferat
1400 2663 1497 2704 igitur
1525 2661 1679 2701 patienter

949 2720 1054 2751 Vossii
1069 2719 1288 2755 temeritatem,
1312 2727 1351 2749 ex
1376 2714 1503 2747 arbitrio
1527 2721 1677 2753 reponere

948 2772 1082 2802 volentis
1096 2772 1131 2802 in
1145 2773 1204 2802 hoc
1219 2771 1289 2802 loco
1311 2769 1493 2805 contumuit,
1515 2764 1582 2795 vioe
1605 2775 1676 2796 con-

948 2823 1063 2854 movit?

991 2883 1066 2913 Ver.
1082 2886 1153 2914 128.
1182 2882 1419 2923 perterricrepo:
1453 2878 1496 2910 V.
1519 2875 1568 2908 ed.
1588 2884 1673 2917 prae-

948 2938 1121 2975 terricrepo.

882 2996 948 3026 Ra·
