1926 3224
307 205 403 247 212

799 199 859 247 Τ.
908 196 1283 246 LUCRETII

454 331 628 373 Pectora
645 328 837 376 mulcere,
858 333 898 367 et
916 325 1040 367 frenis
1059 334 1297 368 convortere
1316 326 1358 366 in
1378 325 1539 368 hosteis.

451 404 623 446 Inritata
641 401 715 442 leae
728 400 935 456 jaciebant
953 414 1128 455 corpora
1147 401 1250 442 saltu

452 475 664 530 Undique,
685 483 726 516 et
744 473 960 515 advorsum
979 473 1233 515 venientibus
1252 488 1326 515 ora
1342 473 1534 529 petebant
1544 489 1557 521 ;

454 550 510 590 Et
529 564 605 590 nec
625 548 852 603 opinanteis
872 564 897 589 a
915 556 1032 605 tergo
1050 547 1312 603 diripiebant,

317 628 423 666 1320
453 621 909 678 Deplexaequedabant
927 622 970 662 in
991 629 1141 663 terram
1161 622 1324 663 volnere
1343 623 1485 671 victos,

457 696 667 738 Morsibus
684 695 834 738 adfixae
853 695 1010 747 validis,
1032 704 1153 752 atque
1172 696 1378 754 unguibus
1397 696 1524 738 uncis.

355 853 435 885 Ibid.
447 853 598 893 frenzitu,·
620 858 658 882 ut
679 852 721 883 iii.
736 855 807 885 298.
853 852 969 884 Itidem
990 854 1029 885 de

311 909 393 938 leone
408 906 570 946 Virgilius,
589 906 662 936 AEn.
679 906 719 936 ix.
735 910 807 938 559.

559 978 651 1010 fremit
661 986 707 1004 ore
717 983 839 1005 cruento.

352 1046 429 1077 Ver.
447 1049 536 1077 1516.
553 1048 681 1077 Pectora
697 1048 834 1078 mulcere.
852 1046 943 1078 Idem
955 1047 1030 1079 Vir-

310 1097 415 1138 gilius,
430 1097 470 1127 ad
487 1097 561 1127 AEn.
576 1097 596 1127 i.
615 1100 683 1128 153.

358 1173 410 1197 Iste
420 1172 488 1204 regit
499 1171 575 1196 dictis
586 1172 699 1202 animos,
710 1175 738 1197 et
745 1176 845 1204 pectora
856 1174 956 1199 mulcet.

1135 853 1230 884 Ingens
1240 859 1339 885 vorago
1340 851 1463 884 faucibus
1474 852 1552 876 vastis
1559 855 1638 884 patet.

1076 928 1242 965 Caeterum,
1260 936 1300 960 Π.
1316 928 1440 959 exhibet
1443 928 1599 968 jacebant.

1119 987 1191 1018 Ver.
1211 991 1299 1020 1319.
1315 989 1517 1027 diripiebant:
1537 987 1573 1019 L.
1584 987 1772 1026 deripiebant
1778 998 1791 1020 ‚¹

1075 1039 1094 1069 i.
1110 1050 1136 1070 e.
1160 1043 1182 1057 “
1198 1039 1228 1069 vi
1243 1040 1444 1069 detrahebant
1458 1037 1582 1078 equis:‘’
1605 1038 1712 1067 minus
1728 1046 1794 1066 rec-

1074 1095 1116 1127 te,
1143 1100 1243 1130 quum
1263 1090 1420 1129 aptissime
1441 1094 1640 1128 opponantur
1661 1087 1798 1118 invicem

1075 1151 1127 1170 ora
1140 1141 1293 1179 petebant,
1309 1150 1328 1170 a
1331 1140 1438 1180 fronte
1454 1140 1555 1170 facere
1570 1140 1725 1180 impetum
1736 1139 1796 1170 sci-

1072 1190 1157 1228 licet,
1181 1197 1273 1231 atque
1298 1203 1317 1221 α
1343 1198 1424 1231 tergo
1451 1193 1653 1231 diripiebant;
1684 1191 1704 1222 i.
1730 1201 1755 1221 e.
1778 1200 1799 1221 a

354 1237 436 1268 Ibid.
458 1244 627 1269 convortere
649 1240 683 1269 z'n
704 1240 820 1269 hosteis.
865 1239 967 1277 Idem,
990 1239 1030 1270 ib.
1069 1241 1188 1282 posticd
1199 1248 1290 1282 parte
1302 1242 1434 1272 subinde
1447 1242 1630 1273 lacerabant.
1657 1241 1720 1272 His
1735 1240 1809 1272 εἰμ’

310 1288 362 1319 xii.
377 1291 448 1319 377.

504 1357 599 1390 clypeo
611 1358 715 1389 objecto
725 1364 865 1382 conversus
877 1359 903 1381 in
915 1357 1014 1382 hostem.

354 1432 428 1464 Ver.
447 1436 536 1464 1317.
559 1434 631 1463 leoe:
657 1433 698 1462 V.
725 1432 772 1463 ed.
798 1442 853 1472 pro
878 1443 940 1463 var.
964 1432 1033 1463 lect.

311 1486 376 1515 iroe.
400 1484 528 1515 Poteras
543 1483 591 1514 ἱνᾶ
608 1483 794 1524 conjectare,
810 1484 836 1513 si
851 1494 927 1514 verr.
942 1487 1032 1515 1320.

312 1538 404 1565 1521.
436 1544 500 1565 non
532 1533 733 1566 obstitissent:
770 1534 840 1565 vide
871 1535 913 1565 sis
942 1535 1031 1576 Virg.

310 1585 386 1615 AEn.
403 1584 440 1614 iv.
460 1587 528 1615 178.

354 1634 601 1676 Ibid.,jaciebant
614 1647 740 1676 corpora
749 1638 839 1667 saltu.
862 1637 951 1668 Hinc
960 1647 1031 1668 mu-

310 1692 407 1717 tatam
423 1687 521 1717 nolim
536 1687 575 1717 de
592 1688 719 1718 Heinsii
731 1688 852 1728 judicio
866 1688 1032 1719 lectionem

310 1737 477 1768 meliorum
503 1737 646 1769 codicum
668 1738 707 1769 ad
724 1738 850 1779 Virgilii
873 1739 948 1769 AEn.
969 1739 1033 1770 viii.

310 1792 382 1820 257.

328 1856 387 1879 Non
398 1855 459 1879 tulit
470 1855 574 1880 Alcides
585 1855 689 1886 animis,
700 1861 779 1886 seque
788 1855 844 1888 ipse
854 1863 902 1888 per
911 1856 1001 1888 ignem

326 1893 460 1925 Praecipiti
463 1894 526 1926 jecit
533 1894 672 1919 saltu—-‚

311 1960 435 2001 Vulgo,
453 1961 566 2000 injecit.
590 1960 658 1991 Nec
672 1961 778 1992 minus
792 1961 864 1993 ibid.
880 1962 912 1993 ii.
927 1966 999 1994 408.

344 2037 377 2060 Et
388 2043 439 2060 me
450 2036 571 2061 medium
582 2036 665 2069 injecit
676 2038 820 2062 moriturus
829 2038 854 2062 in
865 2045 979 2071 agmen:

311 2102 455 2143 quaedam
471 2103 660 2142 exemplaria
673 2103 750 2134 dant
761 2105 842 2145 jecit
851 2120 860 2140 ,-
886 2111 918 2135 at
932 2105 973 2136 ibi
989 2111 1035 2135 ta-

311 2164 385 2184 men
400 2154 534 2194 vulgatis
550 2155 658 2184 malim
674 2155 760 2193 stari,
776 2166 875 2196 quum
887 2156 1036 2196 syllabam

311 2207 344 2235 in
360 2219 393 2236 το
407 2216 436 2235 m
453 2205 544 2235 facile
557 2206 751 2245 absorpserit.

356 2256 428 2286 Ver.
446 2260 535 2287 1518.
555 2259 714 2296 petebant:
741 2258 776 2288 P.
809 2258 903 2289 vind.
927 2258 965 2289 V.
987 2259 1035 2290 ed.

315 2307 354 2337 Ο.
372 2313 416 2338 Ω..
426 2309 572 2347 patebant
580 2324 592 2344 ,-
617 2318 674 2338 nec
689 2308 842 2348 displicet,
853 2320 951 2350 quum
963 2320 1034 2341 nos-

312 2363 359 2388 ter
388 2358 443 2388 has
471 2358 710 2389 constructionis
740 2360 901 2390 varietates
931 2361 1033 2391 neuti-

311 2419 406 2450 quam
436 2409 588 2450 defugiat:
623 2411 676 2441 sed
701 2411 839 2450 profecto
867 2412 1036 2443 clarissime

311 2470 417 2491 veram
439 2462 536 2500 po'etae
565 2472 695 2492 manum
727 2463 904 2502 conjectura
927 2463 1033 2503 depre-

312 2513 424 2549 hendi3
452 2519 495 2551 et,
519 2514 544 2543 si
560 2514 758 2553 constitisset,
781 2515 932 2556 quidnam
947 2515 1034 2546 codd.

311 2563 348 2593 L.
367 2564 413 2594 M.
435 2564 625 2602 exhiberent,
649 2565 682 2595 in
704 2566 817 2606 quibus
839 2576 889 2596 me
911 2576 1035 2605 persua-

313 2625 383 2645 sum
398 2616 497 2646 habeo
511 2629 543 2647 ero
553 2618 698 2657 patebant
713 2627 901 2657 comparere,
917 2618 1035 2649 divina-

313 2666 430 2697 tionem
446 2678 549 2698 meam
564 2669 597 2699 in
613 2675 795 2700 contextum
810 2669 983 2700 intulissem
999 2683 1006 2701 ι

447 2746 473 2767 et
485 2743 628 2768 advorsum
640 2743 807 2769 venientibus
819 2751 859 2768 ore
867 2744 996 2777 parebant.

317 2808 488 2846 Appositus
517 2817 563 2840 est
588 2811 621 2840 in
647 2811 756 2851 primis
783 2812 913 2851 Seneca,
940 2812 1036 2843 Herc.

314 2857 372 2890 fur.
390 2862 460 2891 666.

1075 1292 1132 1322 tim
1149 1292 1277 1332 pulchre
1298 1293 1460 1333 subjicitur
1475 1295 1565 1324 tertia
1582 1292 1717 1324 laedendi
1729 1293 1796 1323 via:

1075 1343 1153 1374 adeo
1167 1344 1245 1374 nihil
1268 1353 1532 1383 super-vacaneum
1548 1350 1605 1383 ost,
1631 1344 1711 1375 nihil
1733 1354 1798 1374 non

1076 1394 1246 1434 integrum,
1269 1400 1301 1424 et
1321 1395 1433 1435 aequali
1456 1395 1647 1426 rotunditate
1669 1395 1798 1426 concin-

1076 1451 1195 1476 natum.
1239 1446 1345 1476 Verba
1365 1449 1481 1486 deripio
1502 1452 1533 1477 et
1547 1449 1661 1487 diripio
1684 1447 1800 1487 passim

1076 1496 1206 1526 confusa
1220 1502 1293 1526 sunt
1306 1497 1342 1527 in
1357 1497 1442 1527 libris
1456 1505 1596 1529 veterum
1612 1497 1707 1529 MSS.
1744 1497 1798 1529 Ad

1076 1546 1261 1588 Virgilium,
1279 1547 1354 1578 AEn.
1371 1548 1410 1579 iv.
1426 1552 1497 1580 595.

1077 1626 1134 1648 Non
1145 1632 1218 1649 arma
1230 1627 1386 1658 expedient,
1398 1627 1510 1658 totaque
1520 1634 1558 1652 ex
1567 1628 1632 1653 urbe
1643 1630 1797 1660 sequentur;

1075 1663 1261 1695 Deripientque
1271 1667 1333 1690 ratis
1343 1666 1387 1690 alii
1397 1667 1548 1691 navalibus?

1076 1747 1181 1772 errant
1199 1741 1387 1780 turpissime,
1409 1741 1464 1782 qui
1485 1747 1603 1781 ponant
1623 1743 1799 1781 Diripient,

1076 1794 1217 1834 quamvis
1231 1795 1296 1824 haec
1311 1794 1451 1825 videatur
1465 1795 1650 1834 scriptorum
1665 1794 1766 1825 lectio.

1121 1846 1197 1875 Ver.
1225 1849 1314 1876 1320.
1344 1848 1479 1877 volnere.-
1516 1851 1551 1877 Δ.
1576 1853 1616 1877 Π.
1637 1848 1801 1878 volvere.—

1077 1899 1186 1928 victos:
1212 1897 1344 1941 editores
1371 1897 1466 1939 vulgo
1484 1897 1571 1936 dant,
1595 1900 1726 1935 vinctos,·
1749 1899 1799 1929 in-

1077 1949 1152 1979 scite
1167 1955 1197 1980 et
1212 1949 1420 1988 impudenter,
1443 1956 1550 1980 contra
1571 1950 1665 1980 libros
1685 1956 1802 1981 veteres

1078 2000 1251 2031 universos:
1278 1999 1347 2030 vide
1362 2006 1468 2034 notata
1489 2000 1578 2031 nobis
1598 2011 1703 2040 supra,
1725 2001 1800 2033 adi.

1078 2055 1129 2082 55.
1808 2079 1811 2081 .

1123 2103 1204 2134 Ibid.
1226 2105 1390 2144 Deplerae:
1422 2104 1441 2135 i.
1457 2114 1483 2135 e.
1503 2104 1603 2134 valide
1619 2104 1800 2143 ambientes,

1078 2154 1183 2184 stricte
1197 2155 1357 2193 amplexae.
1380 2154 1576 2194 Tempestive
1590 2155 1741 2195 glossator
1748 2166 1801 2186 ve-

1079 2211 1196 2236 tustus:
1223 2209 1245 2224 ‘⁴
1265 2208 1466 2246 Deplectitur,
1483 2206 1750 2248 aesptxoepaeaeffwoeaff’

1122 2258 1198 2287 Ver.
1227 2260 1316 2287 1521.
1343 2259 1470 2300 adfixet:
1502 2257 1522 2287 i.
1549 2267 1574 2288 e.
1604 2258 1801 2295 inhaerentes,

1077 2319 1137 2339 sese
1166 2309 1339 2349 nffigenees;
1376 2308 1415 2338 ad
1445 2307 1558 2339 mediae
1589 2308 1671 2338 vocis
1698 2319 1801 2339 usum.

1079 2359 1191 2400 Neque
1205 2359 1295 2389 aliter
1312 2359 1475 2399 Virgilius,
1490 2369 1557 2399 geo.
1574 2359 1613 2390 iv.
1628 2363 1699 2390 258.
1732 2360 1800 2390 Lu-

1078 2411 1231 2441 cretianos
1244 2421 1348 2441 versus
1369 2411 1402 2441 in
1424 2411 1531 2441 animo
1554 2417 1709 2450 repetens;
1731 2411 1801 2452 qui-

1078 2465 1136 2494 bus
1165 2465 1276 2501 turbae,
1310 2462 1383 2493 viris
1404 2463 1502 2494 doctis
1530 2463 1640 2494 inscite
1668 2463 1741 2494 satis
1761 2462 1802 2493 ad

1081 2515 1250 2546 Mantuani
1272 2510 1378 2546 locum
1399 2515 1567 2551 concitam,
1590 2515 1624 2545 in
1649 2521 1801 2546 aeternum

1075 2567 1143 2607 jam
1162 2572 1405 2606 componantur:

1111 2650 1162 2675 Illis
1173 2651 1210 2675 ira
1220 2651 1333 2675 modum
1345 2657 1423 2682 supra
1434 2654 1473 2676 est
1480 2659 1489 2681 ς
1506 2650 1632 2680 laesaeque
1643 2654 1777 2674 venenum

1111 2690 1237 2714 Morsibus
1248 2691 1386 2722 inspirant,
1405 2693 1431 2716 et
1443 2690 1542 2722 spicula
1552 2696 1626 2714 caeca
1636 2688 1799 2721 relinquunt,

1109 2729 1214 2760 Affixae
1224 2730 1312 2760 venis;
1329 2730 1483 2760 animasque
1494 2729 1520 2753 in
1531 2727 1637 2752 volnere
1646 2731 1760 2758 ponunt.

1082 2811 1238 2842 A’Emulati
1254 2818 1328 2843 sunt
1343 2811 1457 2842 summi
1472 2811 1569 2851 poe‘tae
1581 2810 1707 2841 Graecos
1716 2808 1798 2840 scili-

1080 2868 1137 2893 cet.
1182 2863 1233 2894 Sic
1250 2863 1425 2900 Homerus,
1443 2861 1481 2893 11.
1499 2867 1543 2894 Ω.
1559 2864 1630 2892 212.
