1926 3224
260 256 353 297 228

770 248 1246 298 T.·LUCRE.T11

260 384 367 421 1440
398 380 454 423 Et
474 381 600 421 divisa
625 378 847 427 colebatur,
879 377 1147 433 discretaque,
1178 377 1305 419 tellus.

454 454 566 495 Tum
586 465 699 491 mare
716 449 894 491 velivolis
911 449 1084 491 florebat
1103 457 1273 505 propter
1295 450 1455 493 odores:

398 525 581 575 Auxilia,
612 539 660 566 ac
679 524 824 574 socios,
848 524 936 579 jam
955 531 1078 579 pacto
1097 523 1264 574 foedere,
1295 523 1516 566 habebant:

398 598 659 641 Carminibus
679 613 804 654 quom
825 612 888 639 res
908 606 1042 655 gestas
1063 612 1223 653 coepere
1242 600 1377 653 po'etae

398 673 601 722 Tradere3
632 687 708 714 nec
727 671 857 712 multo
876 671 990 726 prius
1010 680 1106 713 sunt
1125 671 1325 713 elementa
1344 679 1517 727 reperta.

300 845 380 876 Ibid.
397 845 497 876 Hunc
510 844 616 875 loc-um
630 843 822 874 Prudentius
836 843 981 883 respexit,

259 897 377 937 Symm.
393 897 412 927 i.
429 899 501 926 510.

271 982 356 1006 Ausus
367 980 463 1005 habere
473 979 555 1005 deum
565 979 650 1008 solem,
661 979 706 1004 cui
715 979 816 1004 tramite
828 983 894 1004 certo

272 1020 398 1044 conditio
409 1019 533 1051 imposita
543 1023 593 1049 est,
606 1019 713 1051 vigilem
723 1019 837 1045 tolerare
846 1019 964 1051 laborem,

273 1059 374 1085 visibus
383 1060 520 1092 obJectum
534 1059 762 1084 mortalibus——.

744 1109 970 1140 Beu'ruzms.

299 1194 374 1224 Ver.
392 1196 482 1225 1436.
507 1194 547 1223 V.
562 1193 625 1224 -ed.
661 1194 811 1224 lustrans.-
847 1200 878 1225 et
906 1203 980 1224 mox

257 1245 350 1275 habet
366 1251 405 1275 Π.
424 1246 621 1275 Producuere.

299 1303 375 1333 Ver.
392 1305 486 1334 1457.
510 1304 716 1334 Perdet-uere.-
752 1302 772 1332 i.
798 1312 824 1332 e.
848 1303 937 1342 plene
953 1309 984 1333 et

256 1353 435 1393 planissime
464 1357 588 1385 docuere
594 1370 605 1391 ,-
645 1353 731 1393 quasi
760 1353 879 1383 monita
904 1363 978 1384 con-

256 1406 443 1436 stantissime
466 1405 594 1444 repetita
619 1405 729 1434 talium
744 1404 908 1434 doctorum
923 1415 979 1435 ne-

255 1468 323 1496 mo,
335 1468 428 1488 sensu
441 1456 602 1498 communi
617 1456 774 1495 praeditus,
797 1466 862 1486 non
878 1463 981 1496 posset

258 1509 575 1550 intelligere—Mox,
592 1508 628 1538 L.
647 1508 693 1538 Μ.
708 1509 840 1547 degebat.

316 1570 391 1601 Ver.
426 1573 514 1602 1459.
553 1572 663 1602 validis
698 1572 804 1610 saeptei
839 1572 982 1603 turribus.

259 1621 437 1660 Moschion,
453 1620 537 1661 apud
553 1620 667 1651 Stobaei
681 1621 737 1652 ecl.
751 1622 838 1661 phys.
853 1622 873 1653 i.
889 1625 937 1653 11.

697 1707 788 1734 >airus

335 1754 423 1789 Evpaa
436 1763 535 1789 nvp-sote
547 1762 693 1788 ωχυρωμενπ
709 1758 786 1782 παὶ-ις.

302 1838 376 1868 Ver.
395 1841 483 1868 1440.
506 1840 654 1869 discreta:
681 1837 721 1867 V.
737 1836 784 1867 ed.
801 1837 838 1867 B.
859 1838 982 1868 distric-

258 1889 389 1920 ιιι-Εἰ
402 1890 464 1919 huc
478 1888 659 1919 referendus
674 1894 720 1919 est
731 1888 891 1929 Virgilius,
908 1889 982 1919 AEn.

261 1941 312 1971 xii.
330 1944 400 1973 898.

276 2027 378 2051 Saxum
390 2025 542 2057 antiquum,
553 2026 656 2058 ingenS,
671 2032 769 2057 campo
780 2025 851 2056 quod
863 2024 934 2050 forte
946 2025 983 2056 ja-

353 2067 441 2095 cebat,

276 2106 365 2131 Limes
375 2112 439 2137 agro
450 2105 559 2137 positus,
570 2105 645 2131 litem
659 2109 689 2130 ut
700 2105 848 2130 discerneret
858 2106 935 2138 agris.

263 2181 327 2212 Ubi
346 2186 452 2210 tamen
477 2182 558 2211 arvis
585 2180 725 2220 legerim,
751 2187 786 2211 ut
801 2181 982 2219 Frontinus,

260 2232 294 2261 in
324 2231 368 2262 rei
396 2241 492 2271 agrar.
517 2230 630 2270 scripu.
660 2241 687 2270 p.
712 2234 763 2262 57.
789 2231 865 2261 olim
891 2231 979 2272 legit:

262 2286 284 2301 “
302 2283 386 2312 Nam
413 2282 485 2312 ideo
513 2284 599 2313 limes
627 2293 701 2321 agro
722 2284 840 2321 positus
867 2288 921 2318 est,
951 2289 985 2313 ut

262 2335 382 2364 “litem
408 2335 591 2364 discerneret
615 2335 715 2363 arvis:
741 2343 815 2363 nam
841 2339 914 2363 ante
927 2333 984 2365 Jo-

261 2387 285 2403 “
300 2394 370 2414 vem
395 2383 510 2414 limites
531 2393 596 2413 non
616 2385 774 2423 parebant,
801 2383 855 2425 qui
869 2386 984 2416 (livide-

262 2437 285 2452 “
301 2440 368 2465 rent
384 2434 504 2475 agros.”

304 2493 379 2524 Ver.
398 2497 487 2524 1441.
509 2496 656 2526 velivolis:
686 2494 782 2525 Vind.
811 2495 850 2526 Ο.
879 2497 985 2527 velivo-

261 2547 322 2576 lum
330 2561 341 2582 ;
365 2545 418 2575 sed
434 2551 574 2585 suspecta
588 2552 633 2576 est
654 2546 766 2576 merito
781 2546 877 2577 Vind.
892 2546 985 2577 colla-

261 2597 337 2627 toris
352 2596 434 2627 fides.
469 2597 492 2628 J
494 2607 545 2627 am
561 2607 633 2627 vero
648 2597 827 2628 Lucretiani
842 2597 986 2636 editores,

261 2647 410 2686 bipedum
435 2654 517 2678 certe
546 2648 690 2678 omnium
718 2647 811 2688 longe
833 2650 988 2690 longeque

261 2697 468 2734 audacissimi,
480 2699 538 2729 hac
549 2699 710 2729 occasione
723 2699 771 2729 vel
785 2699 988 2739 impudentiae

261 2748 392 2786 propriae
421 2749 498 2779 fines
527 2750 707 2790 transgressi
743 2757 828 2788 sunt,
865 2761 988 2781 versum

262 2798 478 2829 somniculosis
499 2800 562 2830 suis
583 2801 824 2832 correctionibus
842 2802 882 2833 ad
904 2803 988 2832 hunc

262 2847 394 2879 modum
408 2849 610 2881 reformantes
625 2852 753 2883 scilicet:

291 2929 352 2961 Jam
362 2935 436 2956 mare
446 2929 595 2957 velivolum
606 2931 718 2959 florebat
728 2933 843 2959 navibus
850 2934 953 2966 pandis.

1023 843 1148 875 Servius
1161 855 1235 875 sane
1251 843 1417 885 aliqualem
1437 843 1500 874 illis
1513 843 1747 875 exeusationem

1021 897 1148 936 praebet,
1166 897 1218 927 ita
1238 896 1372 927 scribens
1392 895 1578 926 versiculum
1604 895 1636 926 in
1659 906 1744 927 com-

1023 947 1175 978 mentario
1189 957 1258 985 suo,
1274 947 1314 977 ad
1329 947 1418 987 Virg.
1435 947 1509 977 AEn.
1525 946 1576 977 vii.
1592 950 1663 977 804.

1038 1029 1113 1052 Turn
1124 1034 1199 1052 mare
1208 1027 1358 1052 velivolum
1370 1026 1481 1051 florebat
1494 1026 1609 1051 navibus
1618 1030 1723 1059 pontus.-

1023 1105 1054 1129 et
1068 1109 1215 1138 reponere
1229 1107 1331 1136 posses
1340 1098 1440 1136 ponti,
1457 1096 1496 1126 ad
1510 1106 1654 1126 normam
1668 1107 1747 1138 quo-

1023 1149 1157 1180 rundam
1169 1147 1257 1178 nobis
1271 1147 1313 1177 ad
1327 1147 1358 1177 ii.
1374 1150 1399 1177 1.
1415 1146 1586 1185 dictorum3
1610 1147 1669 1177 nisi
1682 1147 1748 1178 for.

1025 1199 1113 1229 tassis
1138 1197 1225 1228 aliud
1254 1207 1333 1240 opus
1362 1197 1499 1227 Lucretii
1528 1197 1751 1238 grammaticus

1025 1248 1201 1288 respexerit:
1229 1247 1334 1278 videas
1360 1258 1433 1283 eum
1461 1247 1500 1278 ad
1525 1249 1601 1278 [En.
1622 1249 1661 1279 vi.
1677 1250 1750 1280 625.

1026 1299 1145 1331 futiles
1160 1305 1190 1329 et
1205 1298 1326 1338 ineptos
1341 1304 1469 1329 conatus
1483 1298 1657 1337 doctorum,
1679 1299 1750 1330 aliis

1023 1352 1110 1384 aliter
1135 1352 1220 1381 hunc
1246 1351 1350 1381 locum
1366 1351 1615 1390 emendantibus,
1640 1362 1748 1383 recen-

1023 1415 1089 1435 sere
1104 1403 1198 1444 piget,
1213 1412 1312 1444 quum
1328 1403 1636 1443 castigatissimorum
1651 1409 1683 1434 et
1696 1414 1749 1434 ve-

1024 1454 1266 1485 tustissimorum
1281 1454 1506 1493 exemplarium
1521 1453 1668 1484 lectiones
1688 1454 1752 1485 sint

1025 1506 1233 1547 undequaque
1256 1505 1391 1542 sincerae,
1416 1511 1509 1547 atque
1524 1505 1652 1545 poeticis
1665 1504 1751 1546 lepo-

1026 1558 1110 1588 ribus
1124 1562 1281 1587 contactae.

1067 1617 1148 1648 Ibid.
1171 1619 1318 1649 velivolis.-
1351 1617 1370 1648 i.
1385 1627 1410 1648 e.
1433 1617 1580 1656 navibus3
1600 1627 1670 1659 quae
1690 1628 1751 1649 vox

1024 1669 1114 1700 facile
1128 1668 1383 1708 subintelligitur,
1405 1679 1504 1709 quum
1524 1669 1680 1709 epitheton
1695 1679 1752 1710 po-

1024 1721 1120 1751 situm
1149 1720 1201 1750 alii
1233 1719 1342 1758 nihilo,
1374 1720 1483 1750 saltem
1515 1720 1598 1760 apud
1627 1727 1752 1758 veteres,

1025 1772 1199 1803 conveniat:
1227 1771 1296 1801 vide
1313 1772 1386 1802 Bos.
1410 1766 1492 1812 ellip.v
1512 1773 1610 1803 Graec.
1633 1783 1751 1803 nomm.

1026 1833 1100 1853 voce
1126 1829 1211 1856 Νανς.
1256 1822 1442 1853 Emendabo
1470 1823 1594 1862 poetam
1618 1829 1753 1855 veterem

1027 1875 1110 1914 apud
1128 1874 1266 1905 Ciceron.
1283 1873 1322 1904 de
1337 1874 1396 1905 div.
1412 1874 1433 1905 i.
1449 1877 1501 1905 51.

1119 1961 1232 1991 Jamque
1244 1959 1309 1984 mari
1321 1966 1422 1991 magno
1433 1959 1520 1984 classis
1530 1959 1584 1984 cita

1119 2000 1254 2025 Texitur:
1271 2001 1389 2026 exitium
1400 2007 1517 2026 examen
1530 2001 1616 2032 rapit:

1119 2040 1237 2064 Advenit
1247 2047 1253 2063 ε
1271 2039 1352 2070 resera
1364 2039 1572 2064 velivolantihus

1120 2078 1242 2102 Navibus
1254 2078 1389 2110 conplevit
1401 2085 1496 2102 manus
1507 2078 1595 2103 litora.

1029 2153 1078 2183 Sic
1095 2163 1158 2183 uno
1173 2153 1293 2192 impetu
1315 2153 1383 2182 sine
1401 2153 1520 2192 copulis
1535 2153 1668 2184 animosi
1688 2164 1754 2185 ver-

1028 2214 1079 2233 sus
1105 2204 1271 2243 procedere
1294 2203 1474 2234 debuerant.
1520 2204 1640 2245 VulgO,
1660 2212 1688 2236 et
1700 2205 1755 2246 fe-

1027 2266 1081 2291 ra;
1105 2255 1158 2285 sed
1181 2255 1361 2295 exquisitior
1387 2254 1571 2285 venerandae
1598 2255 1758 2286 vetustatis

1029 2306 1248 2346 orthographia
1269 2305 1357 2336 nullo
1380 2306 1506 2347 negotio
1522 2320 1556 2337 το
1571 2317 1587 2337 c
1602 2306 1635 2336 in
1655 2313 1667 2337 t
1681 2316 1756 2337 con·

1029 2356 1159 2386 verterit.
1199 2357 1421 2395 Mamertinus,
1435 2357 1468 2386 in
1483 2358 1606 2397 geneth.
1624 2357 1757 2388 Maxim.

1029 2407 1091 2437 viii.
1126 2411 1155 2438 5.
1194 2411 1216 2426 “
1234 2408 1320 2444 Quid
1350 2408 1452 2439 simile
1488 2408 1628 2439 concitus
1656 2419 1757 2450 eques,

1031 2462 1053 2476 “
1070 2464 1125 2488 aut
1145 2460 1268 2490 velivola
1290 2459 1426 2490 navis?“
1457 2459 1592 2496 Ennius,
1617 2460 1757 2491 Macrob-

1034 2508 1094 2539 Sat.
1110 2509 1148 2539 vi.
1164 2512 1193 2540 5.

1153 2593 1232 2625 Rapit
1243 2599 1280 2618 ex
1290 2593 1346 2618 alto
1357 2594 1451 2619 naveis
1463 2594 1607 2620 velivolas.

1031 2665 1107 2696 Una
1122 2666 1175 2696 sed
1190 2667 1275 2696 enim
1290 2666 1384 2707 opera
1397 2673 1464 2697 tarn
1478 2677 1605 2698 sensum
1624 2667 1755 2699 versicu-

1031 2719 1064 2757 li,
1080 2731 1174 2761 quam
1190 2726 1336 2758 metrum,
1356 2722 1568 2752 restituamus:

1125 2803 1202 2835 Rapit
1216 2803 1293 2828 auom
1303 2804 1392 2829 naveis
1404 2803 1539 2828 velivolas.

1032 2873 1072 2904 In
1088 2874 1138 2904 his
1151 2875 1295 2906 formulis
1308 2875 1484 2915 praepositio
1499 2874 1612 2914 passim
1628 2880 1755 2914 praeter-

1030 2925 1111 2957 mitti
1126 2926 1219 2966 solet;
1241 2927 1325 2968 quod
1346 2926 1509 2959 librarium
1522 2926 1656 2967 decepit:
1686 2927 1756 2959 vide
