1926 3224
295 198 386 243 176

801 194 859 240 T.
906 193 1280 243 LUCRETII

426 323 572 379 Longe
591 322 669 363 alio
689 321 825 361 sonitu
844 320 975 362 rabies
995 321 1178 363 districta
1196 323 1390 374 minatur,

288 400 393 437 1065
425 396 480 437 Et
498 409 623 450 quom
635 394 724 449 jam
741 392 905 444 latrant,
936 402 977 436 et
994 395 1160 436 vocibus
1179 396 1318 437 omnia
1337 398 1542 452 conplent.

426 471 484 512 At
503 469 654 511 catulos
673 469 820 511 blande
839 484 963 525 quom
982 469 1120 528 lingua
1139 470 1316 513 lambere
1337 479 1512 524 tentant,

281 628 302 645 “
320 627 439 664 Hit—rit,
467 627 510 657 ὅτ’
537 640 572 657 αν
602 641 674 658 xum
699 635 806 671 ασειλῃ
837 628 1002 659 mamm?

283 678 450 718 Apuleius,
479 678 558 718 apol.
583 689 612 718 p.
643 683 671 710 7.
693 679 747 709 ubi
775 679 865 709 datur
899 679 1002 721 vulgo,

283 731 307 747 “
326 730 376 762 Ne
391 729 486 769 qua,'’
507 739 580 759 oesu
594 735 694 767 rect03
716 739 890 768 perperam:

374 809 413 833 Ne
423 808 475 839 quei
487 808 586 832 visatur
596 811 666 832 tetra
675 807 746 832 labes
755 808 884 838 sordium,

374 847 499 872 Restrictis
511 847 581 872 forte
591 847 612 871 si
623 846 716 871 labellis
727 847 819 872 riseris.

283 919 436 959 Suaviter,
451 927 487 952 ut
500 920 555 962 qui
568 922 716 959 maxime,
731 921 925 962 Calpurnius,
945 923 999 954 ecl.

281 981 308 1002 v.
325 975 375 1003 92.

730 1054 738 1078 i
758 1061 785 1080 se
794 1055 894 1081 videbis

296 1092 456 1123 Serpentum
469 1093 591 1118 cecidisse
602 1093 701 1117 minas:
718 1062 771 1118 ηξῃ
786 1094 906 1126 stringere
916 1094 998 1119 dentes

294 1130 357 1155 Ulla
367 1134 454 1163 potest
470 1139 568 1163 uncos;
585 1133 631 1158 sed
641 1133 713 1157 inani
722 1132 812 1158 debilis
822 1140 869 1159 ore

295 1172 407 1202 Marcet,
418 1175 445 1197 et
457 1172 631 1204 obtusojacet
641 1177 782 1199 exarmata
793 1181 906 1200 veneno.

321 1245 396 1277 Ver.
413 1250 504 1278 1064.
527 1249 605 1278 alio:
630 1248 673 1278 sic
699 1248 736 1278 P.
761 1255 804 1279 Ω.
831 1248 905 1286 soli;
927 1248 998 1279 reli-

278 1296 334 1337 qui
348 1306 470 1336 omnes,
495 1299 576 1328 alia:
602 1304 633 1328 et
652 1299 710 1328 hoc
732 1309 840 1329 verum
860 1300 1000 1334 arbitror,

277 1354 371 1389 atque
386 1348 615 1389 antiquissimos
629 1359 744 1379 nomen
755 1352 870 1380 sonitus
882 1350 915 1379 in
930 1360 1000 1380 mu·

277 1398 366 1429 liebri
388 1410 501 1440 genere
523 1400 709 1440 cognovisse,
732 1400 873 1440 quamvis
886 1400 926 1430 de
940 1402 998 1430 hoc

277 1449 358 1480 nihil
387 1451 535 1490 comperti
565 1452 696 1481 habeam
720 1461 757 1480 ex
787 1451 998 1491 grammaticis

276 1502 569 1533 vetusne—rabies.-
595 1502 638 1532 ita
660 1502 699 1533 P.
717 1507 752 1534 Σ.
775 1509 820 1534 Ω.
843 1515 995 1536 aromo-mas-

279 1566 371 1595 npm,
409 1560 439 1583 et
474 1563 547 1584 cum
575 1554 720 1584 varietate
751 1555 997 1593 constructionis,

276 1604 450 1644 gratissima
472 1605 632 1643 Lucretio;
663 1606 881 1637 convenienter
901 1607 997 1637 etiam

277 1665 351 1686 mox
387 1657 582 1687 recensendis
617 1657 760 1688 codicum
795 1658 992 1688 testimoniis:

276 1707 380 1748 vulgo,
405 1710 700 1739 rabia—districta:
725 1708 821 1739 Vind.
837 1709 878 1738 V.
898 1708 944 1738 ed.
960 1708 996 1738 L.

277 1757 326 1788 M.
351 1759 469 1796 stricta,
499 1768 573 1788 cum
596 1758 719 1789 defectu
743 1759 883 1798 syllabae;
909 1765 948 1789 Π.
969 1765 998 1790 et

277 1817 390 1847 stacta5
415 1816 450 1842 Σ.
480 1814 508 1842 si
535 1814 651 1842 stricta.
696 1812 782 1842 Ferri
811 1819 929 1851 poterat
955 1816 999 1845 sic

275 1863 380 1892 stricta
388 1876 399 1897 ;
422 1862 506 1901 quod
523 1868 631 1892 tamen
646 1873 709 1902 prae
724 1863 856 1904 vulgatis
877 1874 1000 1903 prorsus

274 1910 666 1944 sordesceret—minatur:
701 1913 745 1944 sic
775 1914 810 1944 P.
833 1915 931 1946 vind.
956 1915 995 1946 V.

274 1962 323 1993 ed.
340 1963 376 1993 B.
393 1963 440 1993 M.
458 1963 497 1994 Ο.
515 1969 549 1994 Δ.
567 1971 611 1995 Ω.
626 1965 728 2005 vulgo,
744 1968 911 1998 minantur.

319 2013 402 2044 Ibid.
424 2017 522 2046 rabies
543 2018 693 2047 districta.
737 2017 811 2048 Hoc
833 2019 995 2059 elegantis-

275 2065 392 2095 simum
406 2071 462 2104 est,
479 2072 570 2107 atque
581 2078 704 2098 summe
718 2068 929 2105 artificiosum,
941 2080 997 2110 pro

275 2117 461 2157 vulgariore,
485 2120 598 2150 rabiosi
614 2122 716 2151 dentes
731 2123 871 2152 districti.
918 2123 997 2152 Am-

275 2168 402 2199 mianus
417 2169 632 2208 Marcellinus,
654 2171 714 2201 xiv.
734 2174 760 2202 7.
782 2171 821 2202 de
846 2173 996 2204 Gallo:—

275 2222 299 2238 “
310 2219 449 2251 districta
465 2222 599 2252 dentium
615 2224 681 2252 acie
693 2221 896 2253 stridens—.”
930 2223 996 2254 Ex-

274 2272 386 2313 quisite
403 2274 550 2305 Sidonius
565 2275 766 2316 Apollinaris,
782 2277 843 2308 viii.
860 2280 889 2308 5.

305 2345 442 2372 Districms
451 2354 556 2380 semper
568 2355 671 2379 censor,
681 2350 727 2380 qui
739 2350 834 2382 diligit,
843 2353 939 2375 exstat:

274 2426 329 2456 per
351 2418 582 2456 translationem
599 2430 618 2450 a
631 2419 736 2461 gladio
749 2419 861 2461 vagina
876 2420 993 2451 nudato

274 2476 439 2510 sumptam.
483 2471 684 2510 Prudentius,
707 2473 837 2503 cathem.
853 2473 905 2503 xii.
923 2475 994 2503 110.

397 2551 544 2584 Transfigit
556 2560 619 2585 ergo
629 2553 763 2584 camisex,

396 2592 525 2617 Mucrone
535 2592 646 2617 dinn'cto
656 2592 756 2618 furens.

276 2664 364 2696 Male
379 2665 540 2703 Heinsius,
555 2670 706 2699 destricto.
754 2667 787 2698 si
801 2667 877 2708 quid
891 2667 924 2697 in
938 2668 995 2697 hac

274 2724 308 2744 re
336 2716 455 2747 valeam
482 2725 605 2758 egomet
633 2719 816 2757 discernere,
850 2721 992 2759 vaginam

274 2771 355 2794 recte
380 2766 494 2798 dixeris
521 2771 704 2806 destrictam,
731 2770 794 2800 sive
817 2769 991 2809 dereptam;

271 2816 409 2855 gladium
433 2827 504 2848 vero
524 2822 707 2858 districtum,
733 2821 797 2850 sive
819 2826 992 2859 separatum

275 2877 295 2896 a
308 2867 458 2908 tegmine,
481 2869 525 2899 ita
546 2877 582 2900 ut
603 2870 729 2902 diversis
743 2871 817 2902 locis
835 2871 910 2902 sint:
937 2871 991 2900 ha-

1045 628 1109 659 bita
1122 628 1296 670 utriusque,
1310 634 1373 659 tam
1389 628 1485 669 gladii
1499 639 1594 670 quam
1609 630 1761 671 tegminis,

1045 680 1171 710 ratione.
1208 679 1373 721 VirgiliuS‚
1395 690 1463 720 geo.
1478 680 1509 710 ii.
1522 683 1594 710 300.

1204 760 1310 785 summa
1320 760 1444 793 destringe
1454 767 1491 786 ex
1501 761 1594 788 arbore
1604 762 1709 794 plantas
1716 771 1725 788 :

1042 833 1062 864 i.
1078 844 1103 864 e.
1129 834 1285 872 abscinde,
1310 845 1431 874 separa3
1454 835 1538 865 unde
1557 835 1631 866 satis
1645 841 1764 867 constat

1043 885 1219 916 varietatem
1242 886 1391 926 defringe,
1413 897 1482 927 quae
1503 887 1600 917 doctis
1620 887 1693 918 viris
1714 898 1763 918 ar-

1043 936 1119 974 risit,
1156 947 1220 967 esse
1249 936 1425 976 glossatoris
1454 937 1764 976 interpretamentum

1043 998 1174 1018 merum.
1219 987 1310 1019 Idem
1328 988 1490 1028 Virgilius,
1506 988 1580 1019 AEn.
1594 989 1634 1019 vi.
1650 992 1722 1021 617.

1058 1074 1158 1098 Saxum
1170 1073 1262 1104 ingens
1273 1072 1387 1097 volvunt
1398 1071 1441 1096 alii
1448 1079 1457 1102 ;
1474 1071 1605 1102 radiisque
1615 1075 1736 1098 rotarum

1057 1120 1183 1150 Districti,
1193 1120 1312 1151 pendent
1323 1127 1331 1144 ε

1042 1194 1061 1224 i.
1076 1203 1102 1225 e.
1118 1197 1140 1212 “
1157 1194 1304 1224 membris
1317 1194 1350 1224 in
1365 1194 1498 1226 diversas
1509 1200 1609 1234 partes
1623 1195 1764 1236 compul-

1045 1249 1066 1264 “
1082 1245 1123 1275 sis
1136 1253 1167 1275 et
1181 1245 1313 1286 ligatis.’'
1357 1246 1443 1277 Libri
1458 1247 1572 1286 plures,
1587 1249 1739 1280 Destricti
1747 1263 1759 1284 ,-

1044 1296 1285 1328 mendosissime.
1318 1297 1407 1327 Hinc
1421 1304 1503 1328 certo
1518 1298 1652 1338 corrigas
1668 1299 1765 1330 Sene-

1043 1359 1123 1387 cam,
1147 1350 1232 1388 epist.
1247 1350 1284 1380 ci.
1318 1353 1340 1368 “
1356 1350 1414 1380 Est
1435 1350 1514 1380 tanti
1535 1350 1649 1381 vulnus
1669 1361 1763 1382 suum

1043 1402 1065 1417 ‘⁶
1079 1409 1229 1437 premere,
1245 1405 1276 1429 et
1288 1400 1426 1439 patibulo
1435 1401 1569 1440 pendere
1578 1403 1764 1441 districtum,

1045 1452 1067 1468 “
1084 1449 1162 1479 dum
1176 1450 1298 1481 differat
1312 1452 1355 1488 id,
1374 1452 1457 1492 quod
1472 1458 1519 1483 est
1532 1453 1565 1483 in
1579 1453 1669 1483 malis
1683 1454 1764 1492 opu·-

1041 1504 1064 1519 “
1079 1511 1179 1539 mum,
1195 1502 1339 1542 supplicii
1355 1502 1478 1533 finem.'’
1516 1503 1612 1540 Libri,
1638 1505 1763 1536 destric-

1039 1561 1112 1585 tum.
1159 1555 1375 1591 Germanicus
1392 1555 1479 1585 Arat.
1495 1558 1565 1587 205.

1055 1641 1106 1666 Sed
1117 1645 1207 1672 poenae
1217 1638 1300 1663 facies
1310 1642 1430 1663 remanet
1439 1647 1448 1669 ς
1464 1639 1631 1671 districtaque
1640 1641 1734 1673 pandit

1054 1688 1176 1718 Brachia,
1186 1695 1236 1713 ceu
1247 1687 1338 1719 magni
1348 1691 1491 1712 teneantur
1500 1689 1596 1714 robore
1604 1690 1673 1714 saxi.

1043 1773 1215 1805 Infeliciter
1260 1772 1390 1803 Grotius
1431 1772 1568 1812 reposuit
1603 1775 1755 1806 destricta.

1045 1826 1179 1866 Corrigo
1194 1823 1369 1860 certissime,
1386 1829 1440 1854 aut
1453 1823 1660 1856 valde'fallor:

1054 1911 1103 1935 Sed
1113 1915 1204 1942 poenae
1215 1909 1294 1935 facies
1302 1913 1436 1939 remanet;
1454 1909 1627 1940 districtaque
1636 1909 1726 1941 pendet

1053 1957 1175 1988 Brachia,
1185 1964 1236 1982 ceu
1249 1957 1340 1989 magni
1351 1959 1494 1982 teneantur
1505 1956 1598 1981 robore
1609 1955 1682 1980 saxi:

1038 2032 1057 2062 i.
1074 2043 1100 2062 e.
1126 2033 1225 2072 quoad
1252 2031 1389 2062 brachia:
1413 2040 1476 2071 quo
1494 2029 1576 2059 nihil
1593 2029 1678 2060 foret
1699 2029 1760 2060 ele-

1038 2083 1170 2124 gantius.
1214 2082 1278 2112 Hae
1307 2081 1446 2120 profecto
1474 2086 1568 2118 notae‚
1593 2079 1662 2120 jam
1689 2080 1761 2119 plus

1039 2135 1112 2165 satis
1131 2139 1345 2167 tumescentes,
1366 2142 1418 2162 me
1439 2131 1532 2162 latius
1553 2129 1675 2170 evagari
1696 2140 1761 2161 non

1038 2187 1159 2216 sinunt:
1185 2185 1284 2223 aliter,
1305 2184 1389 2215 locos
1404 2183 1519 2214 multos
1533 2188 1684 2220 veterum,
1706 2192 1760 2213 vo-

1038 2236 1147 2267 cabula
1168 2237 1320 2274 destringo
1342 2240 1373 2265 et
1394 2236 1542 2274 distringo
1570 2233 1760 2271 exhibentes,

1037 2288 1131 2326 probe
1153 2286 1336 2317 constitutos
1354 2284 1475 2316 darem:
1500 2284 1555 2315 sed
1569 2284 1637 2314 aliae
1650 2294 1761 2324 oppor-

1037 2339 1195 2377 tunitates,
1222 2344 1254 2369 et
1281 2338 1344 2368 alia
1372 2344 1522 2377 tempora,
1549 2336 1634 2367 haud
1655 2336 1761 2376 paullo

1037 2390 1174 2427 meliora,
1212 2395 1284 2420 sunt
1321 2388 1487 2428 speranda;
1523 2397 1609 2418 nunc
1645 2387 1760 2418 etenim

1036 2442 1234 2483 grandissimi
1259 2447 1400 2481 sumptus
1425 2441 1482 2471 hos
1510 2445 1638 2470 conatus
1663 2439 1758 2470 comi-

1036 2499 1154 2524 tantur:
1176 2494 1259 2534 jacet
1273 2494 1381 2529 honos,
1396 2491 1543 2533 degeneri
1558 2490 1669 2522 saltem
1688 2490 1757 2522 Bri-

1037 2545 1161 2581 maniae,
1176 2545 1338 2576 literarum
1353 2550 1505 2582 veterum,

1184 2642 1211 2663 et
1222 2637 1337 2663 tenebris
1348 2637 1502 2670 nigrescunt
1513 2634 1604 2660 omnia
1613 2633 1726 2658 circum.

1082 2716 1154 2746 Ver.
1178 2718 1269 2747 1065.
1301 2717 1399 2746 “alio
1425 2713 1529 2744 sonitu
1558 2712 1602 2742 Et
1629 2710 1756 2751 quom.”

1036 2767 1209 2807 Vulgarius
1237 2773 1294 2804 est,
1323 2767 1385 2796 alio
1409 2775 1454 2800 ac,
1486 2762 1535 2793 vel
1561 2768 1669 2802 atque.-
1702 2761 1756 2792 sed

1035 2817 1227 2848 consimilem
1264 2815 1432 2847 formulam
1461 2819 1568 2844 nostro
1594 2812 1756 2844 redonavi-

1035 2880 1106 2900 mus
1123 2869 1160 2900 ad
1177 2869 1220 2899 iii.
1235 2872 1264 2898 8.
