1926 3224
241 225 299 264 12

729 225 788 272 T.
846 225 1224 275 LUCRETII

294 349 350 389 70
378 348 596 406 Lunai‘que
613 351 796 407 globum:
828 360 931 402 tum,
956 368 1050 408 quae
1068 354 1210 395 tellure
1228 355 1453 398 animantes

379 423 638 473 Exstiterint3
671 431 725 474 et,
747 439 840 480 quae
859 426 972 467 nullo
992 427 1071 468 sint
1091 435 1275 482 tempore
1293 435 1416 469 natae:

377 497 524 545 Quove
543 497 669 538 modo
687 513 816 555 genus
835 499 1062 541 humanum
1082 502 1263 542 variante
1281 500 1439 557 loquelii

377 568 560 623 Coeperit
579 570 686 611 inter
705 586 746 612 se
765 573 868 614 vesci
889 588 964 627 per
983 574 1151 614 nomina
1169 588 1321 615 rerum:

375 640 447 691 Et,
469 642 615 697 quibus
634 644 699 685 ille
718 645 851 686 modis
870 645 1010 686 divom
1030 654 1161 687 metus
1181 647 1396 688 insinuarit

291 716 344 754 75
377 714 564 767 Pectora,
586 725 788 760 terrarum
808 720 879 774 qui
898 721 942 760 in
962 720 1052 760 orbi
1072 729 1210 762 sancta
1229 729 1365 762 tuetur

376 788 412 828 F
412 803 505 839 ana,
527 790 651 840 lacus,
673 791 800 841 lucos,
822 807 927 842 aras,
950 793 1256 848 simulacraque,
1278 792 1432 834 divom.

432 861 652 912 Praeterea,
675 863 768 901 solis
787 879 928 905 cursus
946 865 1136 920 lunaeque
1155 874 1327 915 meatuS‚

244 1014 383 1045 Principio,
395 1014 494 1044 coelum,
505 1022 537 1040 ac
548 1018 652 1046 terram,
663 1020 815 1049 camposque
824 1018 961 1049 liquentis,-

244 1054 448 1084 Lucentemque
457 1053 557 1085 globum
569 1054 648 1085 lune,
665 1055 828 1087 Titaniaque
839 1060 920 1086 astra,

243 1091 352 1124 Spiritus
363 1092 434 1116 intus
445 1092 562 1118 alit—-.

228 1163 347 1203 Vulgo,
369 1170 482 1195 terras:
507 1164 561 1194 sed
582 1165 691 1195 malim
710 1166 856 1206 equidem
877 1177 951 1197 cum

225 1213 412 1255 quibusdam
422 1214 649 1253 exemplaribus
658 1216 876 1257 Lucretioque‚
889 1228 949 1248 nu-

225 1275 346 1294 merum
362 1265 502 1303 unitatis,
525 1272 654 1303 terram;
684 1273 721 1297 ut
735 1268 948 1305 efficaciorem,

223 1326 260 1346 ac
275 1315 463 1346 solidiorem.
504 1317 527 1348 J
529 1327 581 1347 am
595 1328 679 1356 vero,
706 1330 805 1359 quum
825 1327 854 1351 ec
870 1331 947 1360 prae-

223 1367 356 1407 positio,⁴
367 1368 490 1398 brevius
501 1368 627 1408 scripta,
649 1369 797 1400 facillime
809 1370 880 1401 elidi
892 1382 947 1410 po·

223 1424 320 1455 terat;
357 1428 414 1448 nec
443 1418 558 1449 locutio
593 1421 722 1451 Titania
763 1428 846 1452 astra
877 1422 949 1452 satis

225 1469 390 1499 commode
415 1469 556 1500 videatur
579 1473 668 1501 solem
698 1482 765 1502 cum
800 1474 948 1503 sideribus

222 1521 384 1560 complecti
390 1533 399 1558 ;
424 1522 506 1551 subit
517 1522 678 1562 cogitatio,
693 1533 733 1552 an
750 1523 947 1554 Mantuanus

221 1571 274 1600 ine
289 1571 332 1600 sic
347 1581 471 1601 versum
486 1572 657 1611 scripserit:

221 1654 424 1683 Lucentemque
434 1653 545 1685 globum
557 1654 641 1685 lunae,
660 1655 815 1686 Tuamque,
826 1659 850 1679 et
862 1660 942 1680 astra.

220 1723 305 1754 Rem
327 1724 454 1754 lectores
476 1725 509 1754 in
531 1726 638 1755 animo
661 1736 767 1756 secum
789 1733 943 1766 reputent.

221 1774 371 1804 Similiter
386 1775 418 1804 in
431 1785 520 1805 versu
530 1776 633 1806 statim
645 1783 802 1816 sequente,
819 1784 846 1808 et
859 1779 944 1808 abest

222 1824 262 1854 V.
277 1824 324 1854 ed.
368 1825 491 1855 Eodem
521 1826 615 1857 modo
645 1837 806 1865 peccavere
835 1829 942 1858 scribae

219 1874 260 1905 ad
273 1875 413 1911 Florum,
430 1876 461 1906 ii.
479 1879 527 1906 12.
545 1880 592 1906 13.
618 1881 640 1895 “
657 1877 784 1908 Primus
801 1878 866 1908 dies
880 1878 943 1919 sig-

219 1929 242 1943 “
258 1936 300 1955 na
321 1926 510 1966 tabulasque,
533 1937 663 1967 sequens
683 1939 770 1958 arma
784 1929 944 1968 pecunias-

217 1979 240 1995 “
257 1987 328 2018 que,
344 1977 526 2016 transvexit;
542 1979 662 2018 tertius,
671 1981 814 2019 captivos,
825 1980 942 2019 ipsum-

218 2031 241 2046 “
258 2038 318 2068 que
338 2039 455 2069 regem,
479 2030 646 2060 attonitum
672 2031 784 2068 adhuc,
805 2038 833 2062 et
856 2032 942 2072 quasi

220 2082 242 2096 “
259 2079 361 2109 subito
376 2079 459 2109 malo
473 2081 682 2119 stupentem.'’

258 2129 332 2160 Ver.
351 2134 400 2161 71.
422 2137 567 2171 tempore:
596 2139 636 2163 Π.
652 2144 790 2174 corpore;
819 2140 854 2164 ut
869 2134 942 2164 alibi

220 2175 343 2221 quoque
358 2188 521 2220 peccatum
535 2189 587 2213 est.

262 2231 344 2262 Ibid.
368 2233 450 2262 nullo
470 2239 600 2272 tempore
622 2242 716 2265 natae:
743 2235 846 2266 videas
867 2246 941 2266 verr.

217 2285 289 2314 876.
307 2286 377 2315 891.
403 2290 434 2314 et
457 2283 495 2315 iv.
521 2287 592 2317 736.
620 2289 689 2317 745.
715 2290 785 2318 744.
811 2287 842 2318 ii.
869 2291 939 2318 704.

218 2337 288 2366 706.

262 2386 333 2417 Ver.
363 2390 411 2418 72.
441 2391 580 2421 variante
607 2390 736 2430 quueld:
779 2391 798 2420 i.
825 2401 851 2420 e.
874 2402 936 2421 non

216 2436 372 2474 uniformi,
396 2445 432 2469 ut
458 2444 575 2480 oemym
598 2442 773 2479 brutorum,
796 2441 849 2472 sed
864 2443 936 2472 arti-

215 2486 342 2517 culatim
364 2489 516 2526 distincte,
540 2497 632 2532 atque
647 2491 806 2531 dispertita
820 2493 853 2522 in
869 2503 936 2523 om·

214 2538 346 2578 nigenos
360 2554 487 2582 μεροπων
503 2543 619 2574 scilicet
634 2546 779 2586 ανθρωτων
795 2554 894 2574 SOBOS.

257 2591 330 2622 Ver.
358 2596 406 2624 75.
432 2598 574 2635 Coeperit:
607 2598 648 2628 O.
675 2603 710 2629 Δ.
735 2601 939 2638 Comperit.—

213 2645 305 2674 vesci:
339 2644 393 2681 sic,
426 2645 521 2687 longe
548 2647 670 2678 doctius
695 2648 937 2690 elegantiusque,

211 2692 248 2722 L.
277 2694 323 2724 M.
350 2695 389 2725 O.
415 2702 460 2727 Ω.
486 2703 518 2727 et
545 2698 670 2730 Nonius
695 2700 876 2739 Marcellus,
899 2702 937 2731 iv.

212 2745 283 2772 478.
300 2743 336 2773 Ρ.
353 2752 470 2785 autem,
492 2747 590 2779 vind.
607 2750 644 2780 Β.
661 2756 695 2782 Σ.
710 2753 796 2782 nosci
801 2766 813 2787 ;
833 2752 873 2782 V.
889 2752 936 2782 ed.

212 2795 303 2829 nasu}
328 2800 362 2825 Δ.
378 2801 467 2833 resci5
495 2805 538 2830 Π.
554 2804 645 2831 nesci.
824 2794 830 2799 ¹

254 2845 336 2876 Ibid.
362 2851 456 2879 vesci:
482 2849 501 2880 i.
517 2860 542 2880 e.
559 2851 669 2888 vivere,
695 2854 743 2883 vel
765 2854 860 2884 vitam
880 2864 932 2883 co-

214 2897 287 2935 lere,
310 2897 398 2929 initis
413 2901 622 2934 societatibus:
648 2905 830 2936 secundario
841 2915 934 2935 sensu

994 1020 1150 1057 dictionis,
1175 1030 1273 1060 quum
1296 1020 1359 1049 vita
1380 1019 1530 1050 nimirum
1556 1021 1630 1052 cibis
1654 1032 1717 1052 ves-

994 1073 1098 1101 cendis
1114 1077 1309 1111 propagetur.
1335 1071 1419 1102 Vide
1433 1072 1474 1101 sis
1491 1072 1644 1111 Nonium,
1659 1073 1679 1103 l.
1689 1084 1716 1104 c.

1039 1122 1121 1152 Ibid.
1148 1125 1272 1153 nomina
1292 1133 1403 1154 rerum.
1441 1123 1604 1160 Horatius,
1626 1131 1681 1155 sat.
1695 1125 1716 1154 i.

994 1177 1023 1203 5.
1042 1177 1111 1203 104.

1008 1282 1100 1306 Donec
1111 1283 1203 1311 verba,
1215 1282 1310 1312 quibus
1321 1289 1400 1307 voces
1410 1288 1554 1313 sensusque
1564 1285 1700 1312 notarent.

1007 1320 1170 1351 Nominaque
1181 1321 1379 1346 invenere—.

995 1407 1110 1438 Confer
1124 1415 1179 1440 art.
1193 1401 1273 1449 po'esst.
1289 1409 1441 1449 ejusdem,
1458 1420 1519 1439 ver.
1535 1411 1585 1440 57.

1034 1469 1108 1499 Ver.
1125 1472 1174 1499 74.
1202 1469 1300 1500 divfim
1323 1476 1419 1500 metus
1442 1471 1614 1500 insinuarit
1637 1471 1714 1501 Pec-

990 1528 1065 1552 tora.
1091 1522 1202 1552 Simile
1216 1523 1356 1563 regimen
1372 1524 1568 1566 obversatum
1583 1529 1629 1553 est
1643 1522 1677 1552 in
1691 1523 1714 1553 i.

992 1576 1061 1603 117.
1080 1576 1151 1603 410.
1175 1573 1219 1602 iii.
1245 1576 1316 1603 484.
1340 1572 1380 1603 ad
1401 1583 1496 1613 quem
1517 1584 1640 1604 versum
1661 1583 1715 1604 me

989 1623 1141 1653 consulas.
1186 1623 1347 1654 Arnobius
1360 1623 1447 1653 haud
1467 1624 1587 1654 inutilis
1605 1635 1712 1664 super-

987 1673 1099 1709 veniet,
1122 1673 1173 1704 lib.
1189 1674 1208 1703 i.
1224 1684 1252 1713 p.
1268 1677 1319 1705 21.
1344 1678 1367 1692 “
1383 1675 1569 1706 Honoribus
1589 1675 1714 1716 quantis

989 1728 1010 1743 “
1027 1724 1209 1755 afficiendus
1231 1731 1275 1755 est
1299 1724 1400 1763 nobis,
1422 1726 1476 1766 qui
1498 1727 1537 1756 ab
1559 1727 1714 1758 erroribus

988 1781 1011 1796 “
1026 1788 1084 1808 nos
1099 1777 1233 1817 magnis,
1250 1776 1410 1808 insinuat&
1427 1780 1562 1815 veritate,
1585 1779 1713 1810 tradux-

988 1831 1010 1846 “
1027 1827 1092 1859 it?’‘
1126 1828 1194 1858 Nec
1212 1827 1340 1864 Gellius,
1356 1828 1400 1858 iii.
1418 1831 1445 1859 7.
1469 1832 1491 1847 “
1508 1829 1629 1860 Milites
1645 1830 1712 1860 Ro-

989 1884 1011 1899 “
1027 1881 1190 1911 mani-in
1198 1882 1295 1911 locum
1306 1882 1480 1919 insinuant,
1489 1881 1592 1912 fraudi
1603 1888 1635 1912 et
1642 1892 1711 1922 per-

989 1935 1011 1951 “
1027 1932 1119 1963 niciei
1135 1932 1338 1963 obnoxium.'’

1030 1993 1104 2022 Ver.
1122 1995 1174 2024 75.
1192 1995 1226 2023 in
1242 1994 1324 2023 orbi:
1343 1993 1386 2023 V.
1400 1992 1447 2023 ed.
1465 1993 1503 2023 O.
1521 1999 1561 2024 Π.
1579 1998 1612 2025 Σ.
1629 2006 1708 2026 mor-

985 2045 1015 2074 bi
1022 2060 1032 2080 ‚·
1057 2044 1157 2074 verbis
1171 2043 1560 2082 cohaerentibus—Porro,
1575 2046 1631 2084 qui
1645 2054 1710 2075 non

986 2094 1124 2124 eliditur:
1152 2094 1259 2124 redeas
1273 2094 1312 2124 ad
1332 2094 1370 2124 iv.
1389 2097 1478 2125 1054.
1523 2095 1588 2124 His
1601 2101 1708 2126 autem

987 2146 1097 2176 similis
1111 2152 1156 2176 est
1181 2146 1260 2176 ratio
1281 2145 1450 2176 scansionis
1471 2146 1505 2175 in
1519 2145 1709 2178 dictionibus

981 2204 1096 2237 praeust
1102 2199 1126 2228 is
1142 2203 1172 2227 et
1182 2204 1349 2237 praeeunte,
1370 2196 1491 2237 quoties
1504 2196 1603 2236 po'e'tis
1617 2207 1707 2228 usur-

985 2254 1105 2287 pentur.
1152 2248 1228 2278 Huc
1257 2248 1354 2278 etiam
1383 2247 1499 2278 referas
1523 2247 1707 2288 Virgilium,

984 2300 1058 2330 AEn.
1073 2298 1116 2329 iil.
1133 2303 1204 2329 211.

1076 2388 1170 2413 Insulae
1183 2389 1256 2414 Ionio
1268 2388 1295 2413 in
1307 2394 1485 2421 magno—z

984 2469 1111 2500 Graecos
1134 2469 1275 2500 aemulari
1302 2479 1366 2499 non
1396 2468 1634 2507 fonnidantem3
1660 2468 1707 2499 uti

982 2531 1084 2561 neque
1099 2521 1190 2552 illum
1208 2521 1396 2558 Priscianus,
1418 2520 1532 2561 perieg.
1549 2523 1620 2551 567.

1024 2581 1098 2610 Ver.
1115 2584 1165 2611 76.
1190 2582 1300 2611 Fana:
1327 2580 1367 2609 V.
1383 2579 1431 2610 ed.
1447 2581 1561 2614 Fama,·
1588 2576 1641 2608 adi
1666 2577 1708 2608 sis

982 2632 1001 2661 i.
1019 2636 1070 2663 69.

1026 2691 1099 2719 Ver.
1117 2694 1165 2721 77.
1188 2693 1258 2721 solis
1281 2700 1396 2725 cursus,
1417 2689 1558 2727 Iunoeque
1579 2694 1704 2719 meatus.

982 2740 1136 2780 Virgilius
1162 2741 1286 2772 conficit
1311 2749 1377 2770 rem
1399 2737 1537 2773 celerius,
1562 2737 1637 2768 AEn.
1664 2737 1703 2769 vi.

981 2793 1052 2821 850.

1417 2877 1526 2908 coelique
1535 2880 1631 2902 meatus

1040 2919 1195 2943 Describcnt
1205 2917 1348 2942 radio—.
