1926 3224
249 251 345 296 286

753 245 813 292 T.
865 240 1244 290 LUCRETII

280 382 363 420 400
392 376 555 433 Jupiter
572 377 616 417 in
636 381 764 415 terras
782 372 951 423 fulmen,
974 368 1208 428 sonitusque
1227 367 1463 426 profundit?

394 452 480 500 An,
503 447 622 490 simul
640 462 689 489 ac
708 446 838 488 nubes
859 446 1103 496 subcessere,
1125 445 1236 501 ipsus
1254 445 1298 486 in
1318 452 1465 486 aestum

390 521 634 572 Descendit,
656 535 787 577 prope
805 528 853 562 ut
871 519 969 561 hinc
988 519 1057 561 teli
1077 519 1321 560 determinet
1339 517 1469 560 ictus?

391 598 445 639 In
465 611 579 638 mare
597 595 678 653 qu&
698 610 825 651 porro
844 595 971 636 mittit
990 593 1172 635 ratione?
1205 593 1321 642 Quid
1341 592 1473 634 undas

392 671 560 729 Argust,
582 679 624 712 et
642 670 839 727 liquidam
859 669 1025 720 molem,
1047 683 1294 724 camposque
1313 666 1538 709 natanteis?

279 750 360 787 405

451 745 674 795 Praeterea‚
697 745 730 786 si
751 744 834 785 volt
853 758 1069 785 caveamus
1088 742 1268 784 fulminis
1287 739 1440 792 ictum,⁴

393 819 516 868 Quur
535 819 696 860 dubitat
715 818 863 869 facere,
886 825 933 859 ut
951 818 1152 873 possimus
1173 831 1339 858 cernere
1358 814 1553 857 missum?

395 893 440 934 Si
460 907 536 934 nec
558 893 788 947 opinanteis
808 899 946 935 autem
965 892 1050 934 volt
1069 891 1301 947 obprimere
1319 891 1422 947 igni,

246 1066 361 1096 celum:
387 1070 418 1095 et
439 1063 581 1096 similiter
602 1063 641 1095 P.
655 1064 697 1095 V.
718 1064 766 1096 ed.
792 1068 827 1097 Σ.
853 1064 894 1096 ad
914 1075 975 1096 ver.

247 1119 319 1146 402.
342 1115 482 1145 inferius.

291 1174 374 1206 Ibid.
388 1177 429 1206 In
445 1174 537 1206 tem-(i.
559 1175 661 1217 Lego:
680 1177 815 1208 Interea.
848 1177 972 1207 Bam-

249 1235 365 1256 Lttus.

245 1285 355 1326 Atque
368 1287 428 1317 hoc
443 1286 538 1318 modo
559 1287 710 1318 nimirum
736 1286 852 1320 offendi
877 1285 972 1324 scrip-

244 1343 315 1367 tum
330 1338 363 1368 in
382 1338 420 1369 O.
436 1344 467 1368 et
482 1340 530 1368 hae
545 1349 636 1368 voces
650 1338 782 1369 subinde
792 1344 971 1377 permutan-

245 1394 310 1419 tur:
336 1389 499 1429 ingeniosa
521 1396 627 1420 tamen
651 1395 696 1420 est
721 1390 822 1429 magis
836 1391 902 1419 haec
918 1389 974 1418 viri

244 1441 364 1481 sagacis
378 1440 538 1478 divinatio,
556 1450 651 1480 quam
665 1450 752 1477 vera;
775 1450 875 1480 quum
892 1440 973 1470 frus·

246 1498 346 1522 fretur
360 1502 483 1531 prorsus
505 1491 732 1531 oppositionem
753 1491 856 1529 istam,
879 1502 974 1532 quam

245 1542 413 1574 Lucretius
429 1542 608 1580 instituerit,
627 1542 708 1572 inter
723 1544 823 1575 Jovem
840 1553 875 1573 ac
891 1544 973 1574 clivos

244 1595 333 1630 alios,
348 1603 409 1623 ver.
424 1596 497 1624 386.
520 1592 602 1623 inter
621 1595 698 1630 illos,
726 1594 780 1634 qui
802 1600 913 1633 parant
927 1593 973 1624 sa-

246 1644 429 1684 bricantque
455 1643 555 1674 telum
578 1643 691 1681 Patris,
717 1655 779 1676 ver.
794 1648 973 1677 395—3'98.

246 1703 277 1728 et
291 1700 390 1738 ipsum
408 1699 547 1738 Patrem,
563 1709 624 1729 ver.
639 1703 712 1731 598.
757 1702 797 1731 In
812 1698 894 1730 teu-ra*
912 1700 974 1729 uti-

246 1760 320 1790 que,
345 1750 398 1780 ubi
416 1749 540 1784 fulmen
556 1750 690 1783 obtundi
705 1751 870 1791 amittique
885 1750 973 1787 solet,

245 1801 395 1830 obrutum
412 1811 450 1832 ac
465 1803 627 1840 sepultum,
656 1800 775 1831 nullius
789 1801 873 1840 scopi
888 1810 972 1830 com-

246 1861 310 1889 pos.
358 1851 451 1881 Certa
466 1857 522 1888 est,
549 1857 579 1880 et
603 1850 741 1881 dilucida
765 1851 849 1889 satis,
874 1852 975 1881 haecce

247 1910 393 1932 versuum
410 1901 570 1940 expositio,
583 1907 676 1943 atque
687 1901 765 1933 adeo
776 1902 871 1933 totius
882 1912 974 1943 argu-

247 1953 346 1983 menti
363 1958 554 1991 conspectus.

248 2013 361 2051 Porro,
388 2013 454 2044 vice
485 2015 526 2044 In
554 2013 695 2054 ter-reique
720 2017 839 2052 Patris,
869 2025 975 2054 super-

248 2065 397 2104 scriptum
413 2070 477 2094 erat
492 2064 525 2093 in
547 2064 594 2094 M.
611 2067 650 2095 In
666 2065 748 2095 terni
764 2072 854 2105 atque
865 2067 974 2105 petris:

249 2126 344 2157 quam
370 2115 523 2146 rationem
538 2115 634 2146 modo
650 2115 804 2155 disputata
819 2117 909 2147 nobis
923 2127 976 2156 pe-

249 2169 334 2199 nitus
350 2167 522 2206 infirmant,
534 2167 774 2208 exploduntque.
821 2169 888 2199 Nec
904 2178 977 2198 acu-

249 2230 323 2250 men
339 2226 444 2250 tamen
457 2229 519 2250 non
532 2220 614 2250 inest
625 2220 674 2250 isti
689 2220 892 2260 conjecturae;
904 2230 978 2250 nam

252 2271 335 2301 libris
351 2270 446 2301 MSS.
462 2270 548 2301 haud
562 2270 685 2301 videtur
699 2271 892 2311 imputanda.

293 2332 368 2362 Ver.
383 2335 456 2363 398.
471 2333 563 2362 sinit:
584 2337 629 2362 n..
644 2342 663 2362 a
674 2330 775 2370 primi
791 2341 887 2362 manu
902 2332 976 2368 εἶπα,-

250 2392 316 2412 uno
330 2382 427 2414 ductu
444 2382 525 2417 inter
540 2382 645 2422 plures
659 2381 777 2412 similes
792 2382 884 2412 facile
899 2392 977 2421 prae-

250 2434 556 2475 termisso.-,-neque:
582 2434 623 2465 V.
639 2433 686 2464 ed.
709 2440 807 2474 atque.

293 2494 368 2524 Ver.
388 2498 460 2526 599.
485 2494 537 2524 Sic
557 2504 661 2533 supra,
688 2504 747 2524 ver.
772 2497 843 2524 246.
866 2493 978 2524 eodem

251 2545 346 2584 libro;
368 2551 399 2576 et
417 2545 612 2584 Aristoteles,
627 2545 666 2576 de
682 2550 808 2576 meteor.
824 2545 855 2576 ii.
874 2550 902 2578 9.
928 2560 979 2578 και

254 2596 299 2627 δΙα
316 2611 344 2627 ff!
361 2609 432 2628 ποτε
449 2609 522 2628 7870
538 2609 673 2638 ’γΙγνὶθΓαΙ
697 2609 780 2627 2²¹?oe
803 2610 850 2627 ‘701¹
875 2609 976 2639 Βρανθν.

251 2650 293 2679 ὅτ’
309 2662 343 2680 αν
359 2656 517 2689 επινεφελον
532 2663 548 2691 ῃ
563 2662 654 2688 μονον,
677 2649 750 2679 αλλ’
772 2662 839 2689 ουχι
854 2662 979 2690 συνεχως

251 2703 351 2738 αὕτως·
375 2707 478 2746 αιθριας
495 2703 518 2735 δ’
535 2716 614 2743 sans,
640 2716 657 2735 υ
672 2717 825 2745 ’γιγνεταιῑ
851 2704 980 2735 Lambi-

252 2762 322 2783 nus.

295 2811 370 2841 Ver.
396 2815 468 2843 400.
499 2815 623 2854 Jupiter
640 2813 766 2855 fulmen
798 2817 980 2856 sonitusque.

251 2863 321 2894 Nec
349 2864 450 2897 multo
479 2866 568 2897 aliter
599 2868 805 2907 Mantuanus,
837 2869 912 2900 AEn.
940 2867 980 2899 vi.

252 2918 325 2950 586.

1029 1072 1101 1096 Dum
1104 1070 1227 1101 flammas
1237 1068 1326 1098 Iovis,
1337 1070 1364 1092 et
1376 1067 1471 1092 sonitus
1481 1067 1604 1092 imitatur
1618 1068 1740 1101 Olympi.

1061 1141 1143 1173 Ibid.
1165 1143 1282 1172 sonitus
1300 1139 1481 1181 prqfundit:
1506 1144 1543 1170 ut
1564 1140 1746 1180 Euripides,

1018 1193 1113 1231 Supp.
1131 1195 1201 1223 775.
1221 1199 1343 1231 μολπας
1361 1205 1466 1235 21:94⁶oe-
1491 1202 1527 1222 ac
1541 1192 1655 1223 similia
1669 1203 1743 1224 cen-

1017 1249 1085 1273 tum
1100 1242 1262 1283 utriusque
1276 1242 1428 1273 sermonis
1441 1243 1549 1282 po'e'tae.
1595 1244 1627 1276 Si
1639 1243 1744 1281 libeat,

1016 1293 1107 1333 plura
1115 1293 1220 1324 videas
1234 1293 1267 1323 in
1283 1294 1365 1324 notis
1380 1294 1457 1324 meis
1473 1294 1513 1325 ad
1523 1294 1544 1326 i.
1553 1298 1605 1326 40.
1619 1305 1684 1326 non
1694 1295 1744 1326 in·

1017 1345 1180 1386 elegantia.

1060 1404 1137 1434 Ver.
1154 1407 1226 1434 401.
1248 1406 1331 1444 ipsus
1348 1406 1382 1435 in
1404 1411 1528 1436 oestum:
1553 1405 1597 1436 sic
1620 1406 1746 1445 conspi-

1017 1456 1099 1486 citur
1120 1466 1261 1495 expresse
1283 1456 1420 1495 positum
1441 1457 1475 1486 in
1498 1457 1535 1487 P.
1557 1457 1596 1488 L.
1621 1457 1669 1488 M.
1698 1463 1745 1491 Ω.

1019 1507 1092 1538 Hac
1121 1513 1228 1537 autem
1258 1507 1409 1547 scripturi
1435 1507 1510 1548 quid
1543 1507 1746 1546 luculentius,

1017 1558 1093 1599 quid
1108 1557 1314 1594 commodius,
1325 1558 1400 1599 quid
1416 1559 1584 1596 venustius,
1600 1559 1676 1600 quid
1690 1559 1746 1590 de-

1018 1609 1114 1650 nique
1136 1620 1174 1639 ex
1201 1610 1288 1640 omni
1302 1615 1390 1649 parte
1405 1610 1582 1649 perfectius,
1604 1610 1682 1651 fingi
1697 1609 1748 1641 vel

1018 1661 1117 1700 optari
1133 1661 1252 1699 potest?
1277 1662 1420 1692 Editores
1435 1668 1551 1698 tamen,
1579 1667 1625 1692 tot
1639 1662 1746 1692 crimi-

1018 1713 1111 1743 nibus
1126 1712 1366 1752 inexpiabilibus
1385 1713 1568 1752 devm-endi,
1598 1724 1662 1744 non
1687 1713 1748 1745 sibi

1018 1762 1163 1803 flagitiosi
1196 1765 1269 1794 satis
1296 1764 1329 1794 in
1353 1764 1493 1795 Lucretii
1519 1774 1646 1794 carmen
1661 1764 1748 1795 vide-

1018 1817 1143 1854 bantur,
1170 1816 1230 1846 nisi
1256 1817 1304 1847 his
1327 1817 1528 1858 nugamentis
1542 1817 1748 1857 despicatissi-

1018 1868 1080 1898 mis
1093 1878 1239 1898 acervum
1254 1867 1376 1900 sceleris
1391 1868 1675 1903 cumulatissimum
1695 1878 1747 1899 ro-

1018 1919 1202 1951 tundat-ent:

1182 2001 1266 2026 nubes
1276 2002 1436 2032 subcessere,
1448 2001 1499 2033 ipse
1512 2001 1538 2026 in
1551 2008 1593 2026 eas
1603 2004 1700 2027 ἱππ-

1022 2072 1133 2112 Apage
1144 2073 1211 2102 haec
1220 2072 1413 2106 odiosissima
1424 2078 1603 2102 commenta
1614 2082 1686 2102 cum
1697 2072 1748 2103 in-

1020 2122 1198 2153 ventoribus
1213 2123 1276 2152 suis
1291 2123 1324 2152 in
1341 2122 1456 2153 malam
1471 2133 1537 2153 rem
1547 2123 1698 2154 !-Vind.
1712 2128 1750 2158 Σ,

1022 2177 1084 2215 ipse
1099 2177 1132 2206 in
1148 2182 1252 2206 aestum
1260 2191 1273 2213 ,ὴ
1297 2175 1335 2206 V.
1352 2176 1400 2208 ed.
1417 2178 1481 2216 ipse
1496 2179 1530 2207 in
1545 2178 1690 2213 Ιιιεειιιπις
1709 2176 1751 2211 Ο.

1021 2232 1056 2257 Δ.
1082 2229 1144 2266 ipse
1165 2234 1194 2258 et
1209 2229 1242 2258 in
1256 2233 1373 2258 aestum.
1418 2227 1535 2258 Nullus
1561 2227 1750 2269 relinquitur:

1021 2278 1184 2309 dubitandi
1199 2278 1294 2310 locus.

1066 2337 1146 2370 Ibid.
1168 2344 1292 2370 aestum:
1318 2337 1425 2368 redeas
1446 2348 1523 2369 verr.
1539 2341 1611 2369 363.
1625 2341 1698 2370 566.
1719 2343 1752 2370 et

1021 2395 1119 2421 notas.

1065 2450 1139 2480 Ver.
1166 2453 1237 2480 402.
1260 2451 1451 2480 determinet:
1478 2449 1497 2479 i.
1513 2459 1539 2479 e.
1566 2448 1674 2486 finem,
1701 2447 1754 2479 vel

1020 2501 1202 2539 terminum,
1233 2500 1308 2542 figat
1332 2501 1534 2542 quoadusque
1556 2499 1656 2531 telum
1676 2499 1751 2530 mit-

1022 2552 1153 2583 tendum
1169 2553 1216 2583 sit.

1067 2611 1139 2644 Ver.
1156 2616 1226 2644 404.
1241 2614 1392 2654 liquidam
1409 2614 1531 2644 molem:
1555 2617 1592 2642 ut
1606 2610 1645 2641 de
1660 2609 1750 2640 Mar.

1024 2662 1219 2703 syiflumine
1236 2663 1276 2699 Q.
1293 2663 1428 2699 Curtius,
1445 2663 1488 2694 iii.
1508 2666 1532 2693 1.
1549 2665 1578 2694 5.
1595 2665 1617 2680 “
1632 2659 1754 2700 majore

1026 2717 1050 2732 “
1065 2713 1094 2743 vi
1109 2724 1144 2744 ac
1159 2716 1234 2745 mole
1250 2720 1398 2755 agentem
1415 2712 1546 2745 undas.”
1592 2711 1636 2742 Et
1646 2710 1750 2741 Luca-

1025 2777 1096 2805 nus,
1112 2777 1137 2797 v.
1155 2769 1227 2798 625.

1187 2851 1264 2873 tanta
1274 2849 1352 2873 maris
1361 2847 1434 2873 moles
1445 2846 1570 2873 crevisset
1584 2845 1612 2871 in
1623 2846 1712 2873 astra:

1025 2929 1099 2950 cum
1115 2919 1192 2953 Silio
1209 2919 1333 2958 Italico,
1349 2918 1396 2953 iii..
1407 2922 1457 2950 46.
