1926 3224
580 245 810 294 LIBER
861 244 1213 302 QUINTUS.
1588 247 1646 292 67

306 378 424 428 Inde,
446 377 515 418 ubi
535 378 609 427 vis,
631 377 762 433 aliqua
785 378 941 419 ratione
961 391 1120 426 avorsa,
1143 374 1320 425 recessit,

192 455 273 492 415
308 451 375 492 Ex
396 450 558 492 infinito
576 450 710 492 fuerat
730 464 1032 506 quaequomque
1051 457 1209 499 coorta,

162 633 274 672 perius,
291 632 330 662 ad
345 642 404 662 ver.
422 634 493 661 545.
516 629 643 670 hujusce
664 628 745 663 libri,
769 629 882 668 qun'da

163 685 352 724 cooperuisse.

204 735 277 764 Ver.
294 735 363 762 414.
387 733 480 762 Inde:
506 730 544 760 P.
561 729 602 760 V.
618 728 664 759 ed.
689 729 885 760 Unda—ubi

166 785 250 816 deest
270 790 309 814 Π.

207 835 280 864 Ver.
294 836 364 864 416.
384 833 606 863 Constitmcnt:
625 829 720 861 Vind.
739 836 779 860 Π.
792 834 827 862 Σ.
841 836 884 860 Ω..

167 887 404 916 Constituerunt.

206 935 285 966 Ibid.
324 936 528 966 Constiterant
552 934 676 964 imbres:
702 933 720 963 i.
749 943 775 963 e.
808 935 830 951 “
855 943 887 962 se

163 991 185 1007 “
201 987 240 1018 ad
267 986 471 1027 tranquillum
495 991 610 1015 statum
632 990 842 1024 represserunt
855 984 886 1014 :’'

165 1038 271 1069 confer
286 1039 324 1068 iv.
340 1041 411 1068 462.
428 1041 499 1067 465.
525 1035 668 1074 Ovidius,
683 1036 750 1066 fast.
767 1036 797 1066 ii.
814 1038 887 1067 455.

257 1105 372 1130 Flamina
384 1111 438 1129 non
450 1107 607 1129 coustant-.-

161 1174 182 1204 i.
199 1184 226 1205 e.
251 1173 368 1204 incerta
389 1179 471 1210 sunt,
495 1178 586 1213 atque
601 1171 746 1202 infidelia.
792 1171 888 1203 Unde

162 1225 262 1257 discas
278 1225 405 1265 Virgilii
427 1231 566 1255 mentem
591 1224 630 1254 ad
654 1225 730 1254 AEn.
748 1223 790 1254 iii.
813 1227 886 1255 518.

162 1277 291 1317 pulchre
305 1287 370 1307 esse
386 1276 517 1316 Heynio
532 1275 736 1306 declaratam:

327 1350 427 1372 cuncta
438 1345 513 1371 videt
524 1346 600 1382 coelo
607 1349 720 1370 constare
731 1352 840 1371 sereno:

162 1406 183 1436 i.
199 1416 224 1437 e.
247 1405 281 1435 in
297 1404 398 1435 stabili
413 1415 478 1435 esse
493 1414 529 1434 ac
544 1403 712 1444 tranquillo
727 1409 816 1439 statu,
839 1402 887 1432 ni-

163 1457 208 1488 hil
222 1457 339 1488 turbidi
353 1456 540 1487 minitantia.
588 1456 669 1486 Vide
685 1455 858 1494 Heynium.

207 1508 282 1539 Ver.
305 1511 377 1539 417.
403 1508 436 1539 Si
458 1507 527 1548 quis
551 1507 626 1537 velit
652 1507 762 1537 Graece
787 1506 890 1547 legere

166 1561 320 1593 nonnulla
334 1562 397 1591 huc
412 1559 593 1599 spectantia,
616 1558 642 1588 is
658 1558 748 1589 adeat
763 1558 888 1588 Plutar-

164 1615 272 1652 chum,
288 1613 328 1644 de
342 1614 420 1653 plac.
441 1613 516 1653 phil.
532 1613 553 1643 i.
568 1617 598 1643 4.
615 1612 707 1652 cujus
723 1611 891 1642 Creechius

164 1665 310 1695 meminit
334 1670 403 1704 post
429 1663 637 1700 Lambinum;
660 1668 691 1693 et
711 1662 892 1702 Diogenem

165 1716 339 1753 Lae'rtium,
362 1726 392 1746 x.
423 1720 473 1747 90.
510 1725 586 1745 nam
611 1714 779 1754 prolixiora
806 1719 890 1751 sunt,

165 1778 260 1809 quam
275 1779 346 1809 quae
361 1767 524 1799 commode
539 1767 573 1797 in
587 1768 644 1796 has
658 1767 777 1796 chartas
791 1771 891 1795 trans-

165 1820 240 1851 ferri
255 1820 391 1860 possint3
414 1826 446 1850 et
469 1819 547 1849 mihi
569 1817 821 1858 antiquissimum
847 1823 893 1848 est

166 1872 421 1913 magnitudinem
435 1871 507 1901 libri
526 1871 631 1901 minus
644 1869 824 1901 necessariis
839 1869 889 1900 in-

166 1923 308 1955 texendis
322 1934 387 1954 non
403 1923 574 1963 adaugere3
597 1928 690 1964 atque
711 1922 760 1952 his
781 1921 891 1952 saltem

167 1975 277 2006 diebus
290 1987 374 2015 5⁶⁵7oe
387 1975 495 2010 βιβλιον
505 1975 578 2014 jure
589 1973 733 2004 nomines
742 1986 825 2013 μειγα
835 1987 890 2004 za-

168 2040 225 2058 κον.
271 2027 440 2064 Caeterum,
470 2027 550 2056 hanc
580 2035 709 2055 omnem
730 2034 892 2065 cosmogo-

159 2079 266 2117 -niam,
281 2077 370 2119 quasi
384 2077 456 2107 totis
470 2077 586 2107 viribus
600 2076 720 2107 scilicet
733 2075 773 2106 de
788 2074 893 2115 palma

169 2139 243 2160 cum
267 2130 418 2170 magistro
440 2134 631 2166 concertans,
662 2127 811 2165 versibus,
841 2126 895 2167 qui

168 2188 350 2223 sequuntur,
365 2181 570 2222 politissimis,
596 2186 627 2211 et
647 2179 807 2219 impendio
822 2181 895 2210 sub-

169 2232 307 2272 limibus,
331 2234 529 2264 Mantuanus
544 2238 627 2262 vatos
649 2231 831 2271 complexus
851 2236 897 2261 est

170 2284 302 2314 breviter
315 2295 352 2315 ac
365 2284 558 2320 summatim,
580 2283 615 2313 in
630 2282 685 2313 ecl.
700 2281 739 2312 vi.
755 2285 807 2313 51.
830 2281 896 2312 Lu-

171 2335 315 2366 cretianis
328 2335 538 2367 locutionibus
551 2336 690 2366 multum
704 2344 792 2365 usus:

188 2421 311 2451 Namque
317 2420 440 2450 canebat,
450 2420 501 2450 uti,
510 2427 640 2452 magnum
651 2427 699 2452 per
706 2420 784 2444 inane
792 2421 896 2446 coacta,

188 2459 295 2485 Semina
304 2463 501 2491 terrarumque,
512 2460 676 2491 animaeque,
683 2458 827 2489 marisque,
834 2457 898 2482 fuis-

280 2501 350 2528 sent,

187 2539 221 2564 Et
231 2538 325 2569 liquidi
337 2538 416 2564 simui
427 2539 509 2570 ignis,
527 2543 559 2563 ut
569 2539 610 2563 his
621 2538 733 2564 exordia
746 2538 838 2570 primis

188 2579 296 2608 Omnia,
307 2582 335 2603 et
345 2578 401 2610 ipse
411 2582 487 2603 tener
493 2578 589 2602 mundi
600 2577 767 2603 concreverit
779 2577 862 2602 orbis:

187 2619 276 2649 Tum,
286 2619 382 2643 durare
389 2619 486 2648 solum,
498 2622 525 2643 et
537 2618 684 2643 discludere
695 2619 779 2643 Nerea
789 2620 884 2649 ponto,

189 2657 322 2689 coeperit,
333 2661 361 2683 et
371 2664 461 2683 rerum
470 2657 611 2689 paullatim
621 2663 727 2682 sumere
736 2656 851 2682 formas:

188 2699 302 2729 Jamque
312 2704 415 2722 novum
426 2700 508 2722 terrae
520 2699 646 2728 stupeant
660 2696 794 2721 lucescere
804 2695 898 2726 solem,

189 2736 275 2762 Altius
285 2740 368 2768 atque
377 2737 486 2766 cadant,
498 2736 628 2760 submotis
639 2735 765 2765 nubibus,
775 2736 888 2761 imbres:

189 2778 411 2810 incipiantsylvae
419 2779 628 2811 quumprimum
636 2785 754 2810 surgere,
760 2784 901 2810 quumque

189 2818 259 2843 Rara
268 2825 316 2850 per
325 2818 431 2852 ignotos
441 2822 530 2844 errent
540 2818 664 2843 animalia
675 2818 784 2843 montis.

189 2857 256 2882 Hinc
266 2857 376 2890 lapides,
386 2858 494 2891 Pyrrhae
503 2858 606 2889 jact0s3
625 2857 746 2883 Saturnia
757 2863 880 2889 regna—.

219 2931 292 2962 Ver.
309 2936 381 2964 418.
396 2939 508 2965 terram
521 2940 548 2966 ct
560 2935 679 2965 coelum:
697 2932 740 2964 sic
751 2933 789 2967 P.
800 2932 897 2964 Vind.

928 616 968 646 V.
980 616 1027 646 ed.
1045 616 1082 645 Β.
1098 615 1134 644 L.
1153 615 1199 644 M.
1217 621 1258 644 Π.
1275 619 1309 646 Σ.
1328 621 1372 645 n..
1395 625 1505 646 omnes
1518 615 1652 656 denique

926 672 1037 707 praeter
1053 671 1087 696 Δ.
1103 665 1154 695 cui
1170 671 1197 696 et
1215 665 1310 702 deest,
1327 671 1420 706 atque
1437 666 1477 696 Ο.
1501 667 1651 697 recentio—

926 728 1009 754 rem3
1031 716 1084 757 qui
1100 726 1172 746 cum
1188 716 1366 756 vulgaribus
1382 716 1473 747 editis
1488 719 1580 748 habet
1595 729 1652 748 (⁸ae-

926 771 988 799 lum
1006 780 1042 799 ac
1057 775 1180 803 terram,
1203 767 1243 798 ad
1268 767 1410 797 ordinem
1426 768 1654 809 lectionemque

928 820 1122 851 arbitrariam
1151 820 1318 850 hominum
1342 819 1422 849 nihil
1451 820 1484 850 in
1506 820 1654 850 Lucretio

929 872 1186 903 erubescentium.

973 924 1054 954 Ibid.
1080 925 1171 964 ponti
1195 923 1351 963 profunda
1361 937 1370 953 .·
1396 924 1414 953 i.
1442 933 1467 953 e.
1495 925 1652 956 θαλασσης

930 979 1036 1013 fimeta,
1059 975 1108 1005 vel
1122 977 1224 1011 βαθεαι·
1251 975 1297 1004 uti
1312 973 1489 1004 scholiastes
1504 975 1654 1013 interpre-

930 1032 1014 1057 tatus
1029 1032 1075 1056 est
1090 1025 1131 1055 ad
1148 1025 1186 1055 Il.
1203 1031 1238 1055 A.
1252 1028 1325 1056 558.
1365 1024 1510 1062 Ovidius,
1528 1024 1654 1055 halieut.

933 1081 983 1108 84.

962 1151 1016 1175 Nec
1028 1152 1120 1174 tamen
1132 1149 1159 1172 in
1170 1147 1271 1173 medias
1281 1147 1369 1178 pelagi
1379 1150 1407 1171 te
1417 1153 1527 1178 pergere
1537 1148 1610 1172 sedes

961 1190 1142 1219 Admoneam,
1153 1188 1275 1219 vastique
1285 1186 1363 1211 maris
1375 1190 1480 1212 tentare
1488 1187 1656 1219 profundum.

933 1253 974 1284 In
989 1253 1091 1293 priore
1103 1262 1192 1283 versu
1207 1262 1338 1290 mergere
1353 1250 1455 1280 multo
1468 1250 1568 1290 magis
1580 1256 1659 1281 essct

930 1305 1103 1344 poeticum
1127 1310 1158 1334 et
1187 1304 1231 1333 sic
1260 1302 1389 1332 fortasse
1415 1301 1657 1331 rescribendum.

934 1357 1101 1387 Suetonius
1122 1356 1158 1385 in
1183 1354 1324 1392 Tiberio,
1348 1359 1419 1384 sect.
1446 1356 1496 1384 40.
1526 1356 1549 1371 “
1565 1359 1660 1392 saepta

933 1412 955 1427 “
971 1408 1110 1448 undique
1125 1406 1287 1447 praeruptis
1302 1406 1464 1436 immensae
1485 1404 1659 1436 altitudinis

934 1464 956 1479 “
971 1460 1113 1499 rupibus,
1128 1465 1159 1489 et
1168 1458 1323 1499 prqfimdo
1338 1456 1465 1489 maris.''

976 1511 1051 1541 Ver.
1068 1513 1140 1541 419.
1163 1511 1238 1540 Solis
1253 1510 1360 1539 luna'i:
1385 1509 1429 1538 sic
1445 1508 1493 1539 M.
1511 1508 1551 1539 O.
1567 1513 1603 1539 Δ.
1614 1514 1659 1539 Ω.

933 1561 1101 1598 verissime;
1128 1559 1226 1590 Vind.
1251 1559 1290 1589 V.
1314 1558 1363 1589 ed.
1389 1559 1428 1590 L.
1457 1566 1498 1590 Π.
1525 1564 1560 1590 Σ.
1585 1561 1660 1591 Solis

933 1616 1032 1649 lunae,·
1048 1612 1088 1643 ad
1097 1611 1224 1642 solenne
1238 1611 1273 1641 in
1288 1611 1427 1642 Lucretii
1442 1610 1574 1641 librariis
1588 1621 1660 1650 pec-

934 1670 1048 1699 catum,
1063 1675 1091 1693 ιε
1107 1673 1232 1702 nempe,
1258 1672 1315 1701 pro
1339 1664 1390 1692 a'i:
1416 1662 1454 1692 P.
1478 1664 1610 1702 Solisque
1632 1668 1661 1692 et

934 1718 1034 1752 lunae;
1052 1716 1099 1745 uti
1114 1715 1217 1754 plures
1232 1714 1366 1750 edidere,
1379 1724 1417 1744 ex
1434 1715 1531 1753 ipsius
1542 1713 1603 1749 Pii,
1613 1714 1662 1744 vel

936 1767 1016 1798 alius
1037 1766 1202 1806 cujusdam
1224 1765 1411 1802 recentioris,
1434 1765 1544 1796 audaci
1567 1765 1662 1795 nimis

935 1819 1133 1851 correctione.

936 1872 1023 1909 Quid
1036 1870 1162 1902 autem?
1186 1869 1288 1900 multo
1303 1869 1459 1910 antiquior
1475 1869 1662 1908 corruptela,

934 1931 965 1957 et
980 1935 1049 1966 quae
1069 1923 1207 1953 virorum
1230 1921 1395 1952 doctorum
1417 1921 1542 1961 penitus
1564 1921 1664 1951 aciem

935 1980 1089 2021 effugerit,
1106 1979 1179 2010 huic
1190 1979 1292 2009 versui
1307 1978 1450 2016 inolevit3
1468 1988 1565 2018 quam
1576 1988 1662 2008 nunc

936 2032 1070 2073 denique
1085 2032 1184 2062 culter
1199 2032 1326 2062 criticus
1339 2031 1502 2066 exsecabit,
1526 2036 1557 2060 et
1579 2030 1662 2060 sani-

937 2090 1032 2114 tatem
1049 2083 1214 2123 pristinam
1230 2083 1379 2113 restituet.
1416 2082 1490 2111 Hoc
1505 2081 1600 2112 modo
1615 2081 1663 2111 ni-

938 2135 1057 2166 mirum
1073 2135 1213 2166 Lucretii
1228 2134 1367 2164 calamus
1383 2131 1533 2162 exaravit:

1002 2204 1076 2235 Solis,
1087 2204 1172 2235 luna’i,
1182 2210 1285 2232 curru&
1299 2209 1336 2228 ex
1347 2201 1440 2227 ordine
1450 2207 1560 2233 ponam.

942 2271 1022 2307 Quae
1038 2270 1155 2300 locutio
1169 2269 1328 2309 po'eticum
1344 2273 1491 2298 ornatum
1505 2265 1618 2305 resipit,
1634 2272 1666 2296 et

940 2333 1015 2353 cum
1029 2323 1121 2353 verbo
1137 2323 1298 2353 Fundarz't
1312 2320 1442 2350 demum
1457 2318 1603 2359 congruit
1612 2329 1667 2359 ap-

941 2375 1067 2405 tissime.
1110 2374 1215 2404 Locus
1239 2372 1346 2404 Ovidii
1364 2371 1454 2402 valde
1467 2371 1668 2410 tempestivus

940 2427 1119 2456 obversatur
1134 2425 1235 2463 nobis,
1249 2424 1282 2454 in
1297 2423 1384 2463 epist.
1399 2423 1461 2452 xvi.
1481 2425 1552 2454 109.

1006 2503 1154 2528 Fundatura
1166 2502 1232 2527 citas
1243 2501 1391 2526 flectuntur
1401 2501 1498 2525 robora
1507 2507 1604 2525 naves.

943 2571 1059 2612 Atque,
1083 2576 1119 2601 ut
1133 2570 1184 2600 hic
1199 2579 1307 2600 currus
1323 2570 1392 2599 solis
1408 2573 1520 2604 noster,
1536 2577 1611 2598 mox
1625 2567 1666 2597 si-

942 2623 1057 2653 militer
1082 2629 1149 2653 rota
1173 2623 1251 2653 solis.
1297 2621 1384 2656 Quot
1405 2620 1522 2651 vicibus
1549 2619 1669 2650 interea

942 2675 976 2704 in
990 2674 1148 2705 vocabulis
1162 2684 1269 2705 cursus
1291 2679 1322 2703 et
1343 2683 1452 2703 currus
1474 2672 1667 2702 membranae

942 2732 1071 2757 vetustae
1086 2727 1222 2761 turbent,
1233 2734 1329 2755 nemo
1339 2735 1425 2762 sane,
1437 2723 1492 2765 qui
1503 2733 1567 2754 non
1575 2722 1669 2762 plane

943 2779 1054 2817 hospes
1068 2777 1109 2807 sit
1122 2777 1156 2807 in
1170 2778 1230 2806 hoc
1243 2776 1406 2806 literarum
1429 2784 1553 2815 genere,
1575 2774 1668 2814 igno-

940 2839 1008 2859 rare
1022 2834 1137 2868 potest:
1157 2827 1290 2858 sufficiat
1300 2827 1406 2867 itaque
1418 2825 1508 2864 mihi,
1519 2825 1669 2855 lectorem

941 2881 1096 2911 remisisse
1109 2880 1150 2910 ad
1160 2878 1411 2910 Drakenborchii
1426 2876 1670 2908 commentarios

943 2933 976 2963 in
994 2932 1048 2963 Sil.
1065 2931 1136 2963 Ital.
1154 2931 1214 2962 xvi.
1228 2934 1300 2963 554.
1345 2930 1412 2962 Hic
1434 2939 1520 2962 error
1548 2930 1571 2961 J
1574 2937 1669 2960 uven-
