1926 3224
327 247 389 287 96

831 241 890 288 Τ.
928 236 1304 286 LUCRETII

472 371 721 416 Perveniunt
740 375 902 408 nostros
923 366 976 407 ad
996 380 1150 415 sensus,
1171 373 1212 405 et
1228 365 1320 410 loca
1337 364 1511 422 fulgent3

473 447 625 488 Forma
643 456 805 498 quoque
824 440 921 481 hinc
941 438 1034 480 solis
1053 438 1174 479 debet
1193 437 1388 494 filumque
1407 439 1550 489 videri,

473 519 590 562 Nihil
608 517 711 558 adeo
730 523 777 558 ut
795 514 925 570 possis
945 513 1049 568 pluS‚
1073 520 1143 554 aut
1162 513 1310 562 minus,
1333 512 1483 553 addere
1501 527 1606 554 vere.

363 596 443 636 575

328 779 462 811 quorum
473 768 582 799 eadem
596 767 660 798 fere
674 772 719 797 est
733 766 845 797 nostris
856 765 1036 803 interpreta-

327 821 381 851 tio.
423 823 447 838 “
463 819 567 859 Spatia
582 819 616 848 in
631 818 770 852 transitu,
784 818 818 846 in
829 817 892 846 suis
902 814 1044 846 interval-

330 874 353 889 “
368 870 415 907 lis,
443 870 520 900 nihil
546 869 711 899 detrahunt
733 878 750 897 e
765 877 890 907 corpore
905 867 1043 897 flamma.

328 923 353 939 “
367 920 476 950 rum:’‘
492 929 554 960 quo
563 929 655 949 sensu
670 917 795 948 nullum
810 925 895 957 optes
906 925 1047 958 apertum

328 971 441 1011 magis,
471 978 501 1001 et
530 970 720 1009 expeditum,
759 980 1047 1011 congruumque.—

328 1023 459 1052 librant.-
487 1021 523 1051 P.
553 1021 770 1062 corrigendum
799 1021 876 1060 vult,
906 1024 1026 1053 vibrant
1031 1038 1041 1058 ‚-

327 1073 422 1114 1onge
437 1073 692 1113 speciosissimam
714 1075 935 1113 metaphoram,
951 1085 1046 1116 quam

326 1125 441 1164 proprii
457 1124 550 1164 palati
564 1131 668 1164 torpor
683 1132 809 1165 gustare
820 1127 948 1167 nequiit,
958 1128 1047 1168 quasi

325 1176 553 1206 venustioribus
580 1175 750 1206 invidisset:
780 1177 872 1208 adeas
900 1185 1047 1209 annotata

324 1228 477 1266 superius,
499 1227 541 1257 iii.
558 1230 649 1258 1101.
692 1229 824 1259 Lr'brare
839 1229 953 1260 scilicet
973 1241 1043 1269 pro-

323 1278 389 1318 prie
404 1278 557 1318 significat
579 1282 600 1297 ‘⁴
618 1279 657 1309 de
682 1289 770 1309 ramo
795 1281 941 1311 corticem
963 1282 1043 1312 deri-

325 1333 349 1348 “
364 1329 473 1369 pere;”
506 1329 645 1370 adeoque
679 1331 870 1370 generaliore
906 1333 1042 1370 notione,

323 1392 476 1422 separare,
484 1381 628 1411 deterere.
653 1381 726 1410 Non
736 1381 874 1420 aliunde,
883 1384 929 1412 uti
944 1385 1043 1422 suspi-

325 1443 445 1471 camur,
459 1443 553 1473 quam
568 1432 642 1461 hinc
657 1442 793 1469 exorsus,
807 1433 847 1462 ad
862 1444 965 1464 veram
984 1435 1042 1466 Al-

323 1484 396 1514 cimi
415 1483 501 1514 Aviti
516 1488 654 1512 mentem
670 1483 828 1522 pervenire
843 1484 986 1525 quiveris,
1009 1487 1042 1517 in

324 1533 343 1565 ἰ.
363 1538 411 1564 14.

353 1617 412 1648 Jam
423 1618 500 1641 Pater
509 1616 686 1648 Omnipotens
696 1616 810 1642 librantis
822 1619 940 1650 pondere
953 1621 1028 1646 verbi

353 1656 480 1687 Undique
490 1656 607 1681 conectis
618 1657 776 1681 discreverat
785 1658 857 1683 arida
868 1659 983 1691 lymphis
992 1669 1000 1690 ;

353 1694 486 1720 Litoribus
497 1699 612 1727 pontum
624 1696 818 1728 constringens,
830 1697 942 1724 flumina
951 1700 1027 1731 ripis:

314 1768 449 1807 pondere
464 1768 544 1797 verbi
558 1766 682 1802 scilicet,
700 1766 795 1807 quod,
817 1767 936 1807 impetu
952 1780 1039 1812 mag.

320 1827 363 1847 no
377 1817 501 1854 cadenS,
516 1823 547 1846 et
562 1830 716 1858 τομωτερον
732 1819 800 1859 ὅπερ
810 1832 909 1851 τασαν
921 1836 1040 1863 μαχαι-

319 1882 367 1911 ραν
380 1868 518 1907 Etrusco»,
545 1868 644 1909 (epist.
665 1868 703 1898 ad
731 1869 813 1900 Heb.
829 1871 866 1901 iv.
886 1875 950 1914 12.)
973 1886 1040 1907 om-

318 1919 371 1949 nia
386 1919 505 1949 valebat
519 1929 666 1957 separare,
682 1929 718 1949 ac
732 1920 756 1949 si
772 1920 851 1951 foret
868 1923 948 1954 acies
963 1927 1038 1957 vali-

318 1969 452 2000 dissimae
481 1969 644 2010 cujusdam
673 1971 796 2007 securis,
826 1975 1041 2009 decorti'canlis

317 2023 467 2052 arborem.
511 2022 586 2052 Jam
609 2032 680 2052 vero
703 2029 826 2062 tempus
840 2027 938 2063 poscit
951 2028 1039 2058 deni-

317 2085 388 2115 que,
411 2074 519 2105 lector!
545 2080 580 2104 ut
595 2083 773 2114 cognoscas,
790 2082 820 2106 et
835 2076 867 2106 in
885 2078 948 2109 imo
964 2091 1035 2120 pec.

317 2131 383 2155 tore
412 2124 569 2160 recondas,
606 2125 810 2156 bellissimum
839 2129 1036 2169 versiculum,

316 2186 411 2217 quem
423 2176 554 2215 propriis
568 2176 733 2206 incudibus
741 2177 873 2208 editores
883 2179 1037 2213 deforma-

317 2228 434 2264 verint3
457 2237 570 2257 aurum
585 2227 734 2265 Lucretii,
749 2238 811 2268 quo
828 2230 952 2261 nullum
968 2233 1040 2264 soli-

316 2278 399 2316 dius,
428 2278 609 2319 fulgentiuS,
647 2279 873 2320 decoctiusque,
910 2285 1041 2323 propriae

315 2330 470 2370 rubiginis
485 2329 659 2360 adulterina
674 2330 867 2362 scabitudiue
878 2333 956 2363 nihil
965 2345 1036 2365 eru-

316 2383 474 2412 bescentes
489 2381 650 2418 infuscare,
664 2391 721 2412 nec
732 2382 851 2413 crimen
863 2390 957 2415 tantae
967 2396 1036 2425 per.

316 2433 398 2463 fidiae
412 2433 545 2463 reveriti:

347 2509 395 2533 Illa
406 2509 459 2542 ipra
468 2510 611 2535 intervalla
621 2510 684 2535 nihil
693 2512 727 2537 de
737 2518 849 2544 corpore
859 2512 939 2537 [thane
945 2517 955 2539 !
962 2517 990 2540 l!

314 2576 458 2608 Hoccine
474 2584 519 2608 est
533 2589 616 2617 vero,
630 2586 746 2610 veteres
761 2580 921 2619 scriptores
932 2580 1034 2619 edere,

314 2633 346 2657 et
359 2628 441 2658 curis
456 2629 568 2659 criticis
582 2630 752 2670 providere,
773 2641 813 2662 ne
834 2633 924 2662 bonae
939 2632 1035 2672 literae,

314 2679 390 2718 quid
405 2680 583 2712 detrimenti
598 2682 740 2722 oepiant?

504 2767 549 2794 Em
561 2776 600 2798 μη
612 2776 669 2792 wore
681 2777 725 2800 μοι
739 2778 788 2793 τοι·

544 2824 622 2841 -owrov
635 2815 696 2845 ηθος,
711 2817 758 2841 Zeu
770 2823 866 2851 σῶτερ]

312 2887 360 2916 Sis
374 2891 479 2916 autem
494 2886 575 2917 refer
589 2888 630 2919 ad
644 2891 762 2928 spatiis,
778 2891 812 2921 in
827 2901 888 2923 ver.
904 2894 943 2923 56
949 2893 977 2922 7.

531 593 747 648 Lunaque,
770 590 852 631 sive
873 587 1003 630 notho
1022 587 1150 629 fertur
1169 587 1258 628 loca
1276 587 1428 628 lumine
1447 586 1636 637 lustrans,

1135 762 1210 792 Ver.
1227 764 1296 793 570.
1321 763 1418 792 nihil:
1445 761 1481 791 P.
1502 762 1597 791 nihilo
1604 776 1614 797 ;
1639 766 1731 800 prout
1757 760 1808 791 edi

1091 812 1180 851 solet,
1193 819 1300 843 contra
1310 812 1404 842 libros
1414 819 1541 841 veteres:
1558 822 1642 848 nam,
1653 811 1738 852 quod
1752 811 1808 842 ad-

1090 863 1194 894 dicant
1216 864 1310 894 Vind.
1329 865 1366 894 B.
1380 875 1496 902 vereor,
1511 874 1550 894 ne
1564 874 1693 894 somnus
1713 864 1810 896 colla.

1090 915 1207 945 toribus
1242 915 1417 954 obrepserit.
1433 932 1476 938 --
1490 917 1672 945 contractior
1708 918 1805 954 ignis.-

1089 966 1187 997 Vind.
1212 967 1254 997 V.
1285 967 1335 997 ed.
1368 973 1408 996 Π.
1439 971 1474 997 Σ.
1496 969 1646 997 contracti
1669 969 1809 1007 originis.

1090 1017 1262 1052 Nimirum,
1282 1017 1397 1058 syllaba
1413 1017 1568 1056 postrema
1578 1018 1661 1048 vocis
1671 1026 1810 1050 contrac-

1088 1071 1148 1099 tior
1163 1069 1258 1099 semcl
1272 1068 1404 1105 divulsa,
1415 1068 1583 1098 dictionem
1594 1069 1682 1098 nihili
1693 1072 1810 1109 orignis

1089 1119 1121 1149 in
1137 1119 1304 1160 aliqualem
1320 1119 1429 1149 saltem
1445 1129 1508 1148 non
1523 1118 1702 1148 destitutam
1717 1129 1809 1150 sensu

1089 1180 1161 1200 mox
1176 1170 1332 1207 librarius,
1356 1175 1392 1199 ut
1414 1169 1470 1199 sibi
1494 1168 1622 1199 scitulus
1644 1168 1809 1209 videretur,

1088 1220 1147 1250 iret
1162 1220 1380 1250 immutatum:
1408 1219 1452 1249 ita
1466 1224 1641 1249 constanter
1655 1229 1738 1250 error
1759 1231 1808 1251 er-

1087 1283 1189 1303 rorem
1204 1273 1292 1312 parit.

1128 1334 1204 1364 Ver.
1221 1337 1291 1365 571.
1317 1333 1390 1364 Hoc
1412 1333 1522 1363 ordine
1548 1344 1653 1364 versus
1676 1334 1709 1364 hi
1733 1335 1805 1365 scri-

1087 1387 1204 1415 buntur
1230 1385 1263 1415 in
1279 1385 1375 1415 Vind.
1401 1385 1439 1415 V.
1466 1385 1512 1416 ed.
1540 1386 1575 1415 L.
1604 1386 1651 1416 M.
1679 1392 1725 1416 Ω.
1747 1397 1807 1417 ver.

1087 1438 1159 1465 572.
1175 1438 1247 1466 573.
1265 1438 1336 1466 574.
1356 1438 1427 1465 571.
1451 1435 1563 1465 deinde
1585 1437 1733 1475 repetitur
1747 1447 1809 1469 ver.

1087 1488 1158 1515 572.
1204 1485 1244 1515 In
1275 1485 1371 1515 Vind.
1406 1490 1440 1516 Σ.
1470 1496 1530 1516 ver.
1561 1489 1632 1517 571.
1663 1496 1719 1516 suo
1740 1487 1809 1518 loco

1087 1536 1182 1573 deest,
1198 1543 1229 1566 et
1244 1536 1382 1577 sequitur
1395 1547 1456 1567 ver.
1472 1540 1543 1568 574.
1579 1537 1688 1577 Hujus
1702 1544 1809 1569 autem

1086 1588 1190 1618 versus
1205 1588 1345 1627 repetitio
1359 1587 1443 1626 fecit,
1462 1594 1498 1618 ut
1512 1588 1654 1619 librarius
1671 1589 1709 1620 O.
1722 1589 1807 1620 codi-

1086 1639 1130 1668 cis
1154 1649 1229 1669 verr.
1253 1642 1325 1669 571.
1341 1642 1413 1669 573.
1432 1642 1505 1670 574.
1530 1639 1660 1669 omnino
1681 1646 1805 1679 praeter-

1086 1689 1230 1719 mitteret.
1275 1689 1409 1724 Interea,
1441 1689 1528 1719 nulla
1557 1695 1603 1719 est
1624 1700 1741 1728 caussa,
1768 1691 1807 1721 de

1084 1740 1145 1780 qua
1160 1746 1315 1779 receptam
1330 1740 1389 1770 loci
1405 1741 1659 1772 constitutionem
1683 1743 1731 1772 vel
1746 1743 1806 1773 im-

1084 1797 1214 1827 mutare,
1252 1791 1299 1821 vel
1327 1791 1479 1829 deserere,
1515 1792 1805 1830 velimus—Porro,

1085 1842 1151 1872 vice
1166 1845 1319 1882 quoniam,
1336 1843 1376 1873 V.
1393 1842 1440 1873 ed.
1455 1854 1552 1883 quom.

1085 1927 1088 1930 ⁴
1129 1906 1201 1936 Ver.
1226 1909 1296 1937 572.
1320 1914 1346 1937 et
1370 1908 1434 1938 loca
1449 1907 1594 1947 fulgent:
1620 1907 1639 1937 i.
1654 1918 1679 1938 e.
1704 1911 1726 1927 “
1741 1919 1806 1939 uno

1085 1960 1108 1975 “
1124 1957 1274 1986 continuo
1302 1957 1391 1995 lucis,
1417 1967 1472 1996 per
1494 1968 1588 1988 omne
1609 1959 1806 1990 intervallum

1087 2012 1109 2027 “
1126 2009 1256 2045 meatus,
1287 2009 1372 2039 sulco
1394 2009 1461 2039 loca
1483 2010 1587 2040 media
1608 2011 1805 2051 refulgent:”

1084 2059 1168 2100 quod
1201 2060 1461 2099 appositissimum
1492 2067 1537 2090 est
1572 2062 1670 2100 po'etae
1702 2072 1803 2101 scopo.

1081 2110 1225 2140 Editores
1240 2110 1335 2151 igitur
1352 2111 1581 2140 excusationem
1600 2122 1663 2141 non
1678 2113 1805 2151 habent,

1081 2162 1135 2201 qui
1150 2162 1348 2192 temerariam
1365 2168 1395 2192 et
1410 2162 1554 2192 inutilem
1570 2173 1705 2202 prorsus,
1718 2163 1805 2194 libris

1085 2213 1230 2243 omnibus
1255 2213 1438 2249 vetantibus,
1465 2215 1529 2244 imo
1554 2214 1803 2254 insulsissimam,

1085 2263 1307 2294 divinationem
1323 2264 1481 2302 Lambini,
1502 2268 1638 2304 tingunt,
1653 2276 1803 2306 propaga-

1084 2315 1200 2353 verint3
1222 2316 1307 2346 haud
1333 2316 1425 2346 aliam
1452 2318 1492 2346 ob
1517 2327 1594 2354 rem,
1617 2327 1710 2357 quam
1730 2319 1804 2358 quia

1080 2366 1246 2398 Lucretius
1275 2368 1366 2398 vellet
1387 2369 1518 2399 subinde
1541 2369 1802 2400 constructionem

1080 2419 1227 2449 orationis
1242 2430 1296 2459 per
1310 2430 1436 2450 suavem
1452 2421 1630 2450 varietatem
1642 2430 1800 2451 commen-

1080 2467 1161 2500 dare.
1208 2470 1382 2511 Indignum
1397 2471 1533 2502 facinus!

1121 2529 1195 2559 Ver.
1212 2533 1283 2561 573.
1295 2532 1411 2572 filum:
1437 2531 1479 2561 sic
1503 2536 1538 2561 Δ.
1561 2537 1591 2561 et
1612 2532 1692 2562 hanc
1706 2531 1799 2561 veris-

1078 2578 1190 2611 simam
1204 2581 1369 2612 lectionem
1386 2581 1547 2612 extuderat
1569 2582 1693 2622 egregia
1715 2581 1798 2610 Tur-

1077 2631 1148 2662 nebi
1163 2632 1311 2672 sagacitas
1332 2643 1369 2662 ex
1385 2635 1484 2670 illum,
1500 2632 1632 2662 lectione
1647 2631 1798 2661 librorum

1080 2682 1173 2713 Vind.
1190 2683 1230 2713 V.
1245 2683 1295 2714 ed.
1313 2684 1350 2713 B.
1366 2683 1403 2714 L.
1421 2689 1460 2713 Π.
1479 2687 1513 2713 Σ.
1535 2682 1575 2712 de
1590 2682 1637 2712 M.
1660 2681 1738 2711 nihil
1758 2681 1797 2711 li-

1077 2740 1165 2775 quet;
1191 2741 1237 2765 Ω.
1263 2736 1365 2770 minc,-
1393 2735 1427 2764 P.
1451 2736 1550 2769 lunae5
1573 2732 1657 2762 unde
1682 2743 1798 2773 magna

1077 2787 1232 2818 suboritur
1256 2787 1392 2827 suspicio
1415 2787 1453 2817 de
1468 2786 1549 2816 male
1564 2786 1626 2816 fido
1641 2788 1795 2817 membra-

1076 2848 1188 2868 narum
1212 2839 1278 2878 ejus
1300 2837 1492 2875 testimoni03
1514 2847 1609 2878 quam
1624 2847 1687 2867 non
1703 2837 1794 2868 dubi-

1075 2891 1208 2923 tavimus
1230 2891 1263 2922 in
1286 2891 1508 2924 Bononianum
1530 2890 1622 2922 illum
1644 2890 1794 2922 editorem
