1926 3224
660 218 896 268 LIBER
950 218 1254 269 SEX-TUS.

1559 229 1646 270 301

366 354 425 396 At
444 354 619 395 retinere
638 353 709 394 diu
730 352 893 408 pluviae,
915 351 1164 408 longumque
1183 350 1351 401 morari,

310 427 588 478 Consuerunt,
619 427 688 468 ubi
709 426 837 467 multa
857 425 1031 466 fluenter
1051 425 1205 466 semina
1225 438 1438 480 aquarum,

195 505 277 542 520
309 502 447 557 Atque
466 502 554 542 aliis
574 501 663 541 aliae
683 499 828 548 nubeS,
859 497 1093 552 nimbeique
1115 498 1309 554 rigantes,

309 575 498 629 Insuper,
531 582 652 628 atque
671 571 784 612 omni
807 570 926 626 volgo
946 570 998 610 de
1017 579 1148 623 parte,
1179 570 1385 622 feruntur3

308 648 519 702 Terraque
538 659 664 700 quom
682 643 844 684 fumans
864 641 1081 682 humorem
1102 650 1190 683 tota
1209 643 1406 686 redhalat.

363 719 489 769 Heic,
512 718 583 759 ubi
602 716 660 758 sol
681 716 819 768 radiis,
841 724 1123 772 tempestatem
1143 716 1251 758 inter
1270 732 1458 772 opacam,

160 899 207 925 ter
234 891 454 923 intellexerunt
481 891 587 923 locum
618 892 729 934 Odyss.
755 900 787 924 Η.
816 896 885 925 107.

159 945 214 986 qui
228 955 285 975 nos
299 945 437 984 profecto
459 945 492 975 in
519 944 672 975 sententia
698 944 822 985 propria
836 946 885 976 vel

159 995 348 1027 validissime
363 995 568 1026 confirmavit:

179 1080 215 1106 Al
227 1080 250 1107 δ’
259 1081 405 1107 ῚΣΤΟΥΣ
420 1080 514 1114 timon,
529 1091 576 1107 zm
589 1086 718 1111 ηλακατοι
729 1090 862 1118 arpennum,

175 1128 295 1162 Ἧμειαι,
307 1128 348 1154 οἶα.
359 1137 385 1154 τε
397 1133 483 1161 cuma
494 1129 621 1162 μακεδνῆς
633 1135 755 1164 αιγειροιο·

178 1177 313 1211 Koeqmwv
350 1174 374 1201 δ’
412 1178 579 1202 ΟΘΟΝΕΩΝ
613 1177 857 1202 ΑΠΟΛΕῙΒΕΤΔῙ

252 1224 373 1249 ’ΥΓΡΟΝ
394 1225 532 1250 ΕΛΑῙΟΝ.

162 1301 355 1341 Expendant
377 1294 444 1348 rem
467 1301 651 1342 sagaciores,
675 1307 706 1332 et
731 1301 800 1332 telis
815 1312 888 1332 acu-

159 1352 300 1391 tioribus,
331 1352 355 1383 si
372 1363 441 1393 quae
456 1352 517 1383 sint
532 1353 565 1382 in
581 1353 725 1392 pharetra
740 1353 884 1392 reposita,

160 1404 334 1435 conficiant.
379 1405 459 1442 Nos,
488 1404 572 1445 quod
600 1405 759 1444 potuimus
785 1405 886 1435 facere

159 1465 217 1495 pro
230 1456 350 1497 ingenii
366 1456 496 1486 modulo
517 1466 553 1487 ac
568 1455 729 1494 doctrinae,
752 1456 795 1486 sic
810 1456 884 1487 feci-

159 1518 240 1539 mus.

159 1567 319 1609 Denique,
346 1567 471 1608 vulgata
493 1567 585 1598 lectio
603 1570 678 1599 Cera
697 1568 844 1608 liquescat
869 1578 888 1598 a

159 1619 298 1660 Virgilio
319 1616 456 1649 favorem
482 1619 640 1659 acquirere
662 1618 756 1648 videri
780 1618 887 1657 possit,

157 1673 192 1704 in
208 1672 263 1704 ecl.
278 1672 340 1704 viii.
356 1678 384 1704 8.
409 1672 463 1703 sed
488 1673 589 1703 tritior
613 1678 660 1702 est
684 1672 884 1710 comparatio,

157 1735 254 1767 quam
269 1735 338 1767 quae
354 1725 407 1755 tali
423 1735 575 1755 consensu
593 1723 696 1765 juvari
711 1730 804 1765 queat
818 1723 884 1754 effi-

157 1776 284 1809 cacioer:

175 1857 268 1883 Limus
278 1862 310 1884 ut
322 1858 366 1883 hic
377 1857 504 1888 durescit,
515 1860 543 1883 et
552 1857 615 1882 haec
627 1859 658 1882 ut
669 1863 729 1882 cera
738 1856 861 1889 liquescit,

174 1897 238 1922 Uno
249 1897 400 1928 eodemque
409 1897 533 1929 igni—.

159 1967 276 1998 Valeat
299 1973 416 2007 autem,
447 1973 601 2008 quantum
627 1967 727 1998 valere
756 1967 883 1999 debeat:

157 2019 307 2051 Lucretio
328 2029 364 2050 ac
378 2019 586 2058 probabilitati
603 2030 660 2050 nos
675 2020 767 2050 unice
782 2018 886 2050 stude·

159 2080 240 2102 mus.

209 2122 291 2153 Ibid.
326 2124 423 2154 multa
452 2123 617 2163 liquescat:
657 2122 677 2153 i.
706 2132 732 2153 e.
770 2129 886 2160 πολλα,

160 2175 299 2205 multum.

201 2233 277 2263 Ver.
293 2236 365 2264 516.
386 2232 536 2274 atr-cique.-
571 2236 594 2252 “
610 2236 639 2265 vi
670 2233 797 2272 scilicet,
822 2239 887 2264 tam

163 2287 187 2304 “
203 2284 434 2315 cumulaturum
470 2295 634 2326 aquarum,
672 2296 767 2326 quam
803 2285 886 2315 venti

160 2339 184 2355 “
200 2336 405 2377 inurgentis.”
452 2337 503 2367 Sic
530 2337 648 2376 optime
670 2337 819 2376 scriptum
842 2342 888 2367 est

160 2387 195 2417 in
210 2387 247 2418 L.
264 2388 312 2418 M.
330 2388 369 2418 Ο.
387 2393 422 2418 Δ.
440 2394 483 2418 Ω.
506 2387 612 2428 vulgo,
634 2394 760 2428 utroque
766 2402 777 2423 ‚·
803 2388 887 2417 utin

160 2439 259 2470 Vind.
275 2438 314 2469 de
328 2439 468 2475 falsidici,
497 2439 543 2469 uti
558 2439 709 2479 suspicor,
732 2439 887 2470 collatoris

160 2489 352 2520 testimonio:
381 2489 418 2520 P.
434 2491 476 2520 V.
491 2490 539 2520 ed.
562 2493 723 2531 utrinque;
748 2495 782 2522 Σ.
804 2496 886 2521 uter-

159 2552 226 2582 que.
259 2541 335 2572 *Tot
349 2542 545 2572 varietatibus
564 2542 706 2583 ignorata
727 2548 884 2572 construc-

159 2594 204 2624 tio
219 2604 360 2624 caussam
374 2594 503 2633 peperit,
530 2594 608 2624 dum
627 2594 730 2624 insciti
744 2594 887 2624 homines

157 2655 323 2676 necessum
337 2647 493 2676 habebant
507 2646 547 2676 ad
561 2649 717 2678 cumulata
740 2660 774 2678 το
786 2648 817 2677 υἱ
835 2657 883 2677 re·

159 2697 241 2728 ferre
255 2697 380 2728 scilicet.

204 2758 286 2789 Ibid.
319 2758 458 2800 utrdque.
504 2759 643 2796 Quidam
672 2759 759 2791 codd.
784 2762 885 2791 utrin-

159 2819 226 2849 que.
270 2809 385 2840 Recte:
409 2810 525 2841 scilicet
539 2822 679 2852 superne,
704 2812 734 2841 vi
749 2817 780 2842 et
799 2810 888 2850 copia

161 2859 353 2899 nimborum,
380 2867 411 2891 et
427 2868 519 2892 vento
541 2865 582 2893 ad
604 2864 719 2899 lacera‚-
743 2862 812 2893 vide
828 2873 888 2893 ver.

160 2912 234 2942 509.
271 2911 315 2942 Et
344 2911 421 2944 ordo
449 2918 510 2945 est:
543 2917 566 2933 ‘⁴
584 2913 702 2945 Nubila
730 2913 889 2945 cumulata

932 897 953 913 “
970 899 1157 934 premuntur
1172 893 1210 930 vi,
1226 899 1257 924 et
1272 892 1388 934 impete
1402 893 1526 932 venti;‘'
1543 899 1579 925 ut
1594 904 1654 925 ver.

931 949 1000 977 734.
1088 948 1315 977 Bnunmus.

928 996 1074 1028 Lectores
1105 998 1229 1038 proprio
1261 998 1382 1038 judicio
1415 1004 1557 1029 utantur:
1598 1008 1655 1030 nos

926 1048 1040 1088 majori
1065 1059 1197 1078 numero
1229 1049 1457 1088 exemplarium
1485 1051 1654 1089 proborum

925 1105 1054 1130 stamus.
1077 1100 1202 1130 ‘Possis
1225 1110 1299 1129 sane
1322 1099 1452 1140 uertique
1474 1111 1593 1139 capere,
1619 1108 1657 1131 ut

925 1161 1006 1190 saepe
1018 1150 1104 1186 alias,
1127 1161 1183 1190 pro
1202 1150 1330 1190 utrcique
1345 1149 1404 1186 υἱᾶ,
1420 1157 1451 1180 et
1465 1152 1656 1192 conjungere

924 1203 955 1232 vi
969 1203 1123 1232 cumulata
1132 1217 1142 1237 ;
1167 1202 1227 1231 hoc
1242 1207 1347 1232 tamen
1358 1211 1415 1231 nec
1431 1210 1598 1232 venustum
1608 1204 1655 1233 fo-

929 1257 988 1290 ret,
1005 1258 1036 1282 et
1050 1253 1247 1292 ambiguum.

974 1311 1047 1341 Ver.
1063 1315 1135 1342 517.
1157 1314 1204 1343 vi:
1240 1318 1276 1343 Δ.
1306 1314 1591 1353 z'n.—premuntur:
1622 1319 1655 1346 Σ.

926 1369 1081 1402 premunt.

973 1423 1047 1453 Ver.
1065 1426 1136 1453 518.
1155 1425 1283 1454 retinere
1294 1425 1426 1464 pluvz'ae;
1449 1435 1506 1464 pro
1520 1428 1659 1464 retineri,

928 1475 977 1504 vel
993 1485 1025 1504 se
1040 1480 1158 1505 tenere:
1183 1468 1325 1506 absoluto
1340 1476 1423 1506 verbi
1445 1487 1518 1516 usu,
1540 1477 1657 1508 Lucre.

930 1527 976 1556 tio
1002 1526 1138 1556 multum
1164 1527 1320 1558 familiari.
1366 1528 1441 1558 Non
1466 1528 1556 1559 aliter
1584 1540 1659 1560 cum

931 1579 1023 1608 verbo
1038 1578 1176 1617 simplice
1195 1578 1322 1608 Gratius
1337 1579 1402 1619 egit
1415 1579 1449 1609 in
1464 1590 1573 1620 cyneg.
1586 1584 1659 1612 219.

932 1629 987 1659 ubi
1001 1629 1183 1660 consulendi
1198 1636 1272 1660 sunt
1286 1629 1383 1660 docti:

1339 1716 1388 1734 nec
1400 1709 1448 1734 sibi
1458 1710 1567 1735 turbam

959 1750 1106 1775 contraxit
1115 1751 1257 1780 comitem,
1268 1757 1318 1776 nec
1330 1757 1391 1775 vasa
1401 1751 1512 1776 tenentia
1525 1752 1616 1784 longe.

931 1824 965 1855 Si
980 1836 1058 1865 opus
1073 1831 1161 1864 esset,
1177 1836 1276 1866 quum
1288 1825 1322 1855 in
1337 1837 1356 1856 a
1372 1832 1403 1856 et
1419 1837 1446 1856 ιε
1461 1826 1658 1857 confunden.

929 1876 977 1907 dis
998 1877 1105 1907 scribae
1120 1876 1302 1906 Lucretiani
1324 1877 1438 1915 passim
1453 1877 1657 1916 peccaverint,

929 1934 1044 1958 conatu
1060 1938 1172 1967 parum
1186 1938 1316 1968 operoso
1337 1928 1382 1959 sic
1396 1934 1519 1968 poteras
1535 1939 1658 1961 versum

929 1980 1112 2011 reformare:

960 2065 997 2089 At
1008 2064 1123 2089 retinere
1134 2059 1179 2088 did
1187 2064 1298 2096 pluvia,
1309 2064 1477 2095 longumque
1487 2065 1597 2094 morari,

960 2105 1205 2128 consueram—z

930 2183 949 2216 i.
966 2194 992 2214 e.
1015 2186 1038 2201 “
1054 2185 1159 2214 nubila
1177 2184 1254 2224 (ver.
1272 2183 1360 2223 517.)
1383 2189 1574 2214 consuerunt
1583 2185 1657 2224 plu-

932 2243 954 2258 “
969 2242 1050 2270 viam
1066 2239 1229 2269 retinere.'’
1277 2238 1338 2269 Sed
1352 2239 1438 2268 enim
1460 2248 1517 2269 nos
1536 2245 1659 2279 recepta

930 2301 987 2331 pro
1002 2289 1282 2321 Lucretianissimis
1296 2291 1454 2320 habemus.

975 2349 1056 2381 Ibid.
1077 2352 1208 2381 retinere
1229 2351 1412 2390 morarique.
1456 2349 1563 2388 Maro,
1581 2348 1656 2379 AEn.

930 2413 960 2434 x.
975 2407 1048 2435 508.

993 2483 1048 2507 Nec
1059 2483 1188 2508 Turnum
1198 2482 1285 2514 segnis
1296 2481 1385 2507 retinet
1394 2488 1536 2507 mora—.

974 2552 1049 2583 Ver.
1062 2555 1134 2584 519.
1157 2551 1211 2582 Ad
1226 2553 1311 2582 hunc
1325 2551 1466 2588 modum,
1482 2561 1546 2582 non
1563 2551 1656 2582 illau-

930 2603 1026 2633 dabili
1050 2613 1134 2639 sane,
1166 2603 1214 2633 uti
1236 2603 1347 2641 sentio,
1376 2602 1553 2643 conjectura
1569 2603 1657 2642 prius

929 2656 1015 2685 hunc
1030 2665 1153 2685 versum
1177 2654 1426 2692 emcndawram,
1444 2664 1540 2695 quam
1557 2653 1656 2683 since-

930 2706 1085 2736 rissimam
1111 2716 1149 2736 ex
1178 2705 1337 2736 codicibus
1365 2705 1462 2736 MSS.
1492 2704 1659 2736 lectionem

930 2758 1092 2790 eruissem:

1171 2839 1259 2864 multa
1267 2838 1366 2864 cientur
1374 2837 1477 2864 semina
1486 2844 1627 2870 aquarum.

932 2912 1016 2943 Vide
1031 2912 1071 2944 iv.
1090 2915 1182 2944 1055.
1204 2917 1236 2944 et
1251 2916 1413 2944 exaratum
1427 2918 1472 2943 est
1483 2912 1607 2953 fienlur
1621 2909 1656 2946 in
