1926 3224
279 252 341 289 44

762 247 822 294 T.
869 247 1243 295 LUCRETII

310 377 394 414 ‘280
424 373 555 415 Haud
575 374 700 429 igitur
719 374 980 429 cessat'gigni
1000 374 1051 413 de
1071 374 1207 424 rebus,
1229 381 1269 413 et
1288 373 1332 412 in
1351 388 1414 414 res

424 446 637 495 Recidere,
659 444 827 486 adsidue
834 463 847 494 ;
879 446 1074 500 quoniam
1093 445 1220 487 fluere
1239 446 1380 487 omnia
1398 453 1566 488 constat.

478 519 638 576 Largus
657 519 755 560 item
775 519 916 574 liquidi
935 519 1027 561 funs
1046 520 1225 570 luminis,
1247 519 1437 561 aetherius
1458 520 1532 570 sol,

418 593 575 649 Inrigat
594 592 762 634 adsidue
782 593 930 634 coelum
949 594 1128 635 candore
1146 595 1317 644 recenti,

423 666 745 722 Subpeditatque
764 682 872 708 novo
898 667 1110 709 confestim
1134 667 1286 709 lumine
1306 667 1457 709 lumen.

308 744 390 780 285
422 740 547 790 Nam,
569 741 747 795 primum
769 742 968 797 quidquid
988 742 1155 800 fulgoris
1174 743 1343 798 disperit
1360 743 1413 792 ei,

422 813 727 869 Quoquomque
747 814 914 855 adcidit:
945 815 989 855 id
1008 815 1100 857 licet
1118 817 1215 857 hinc
1236 829 1481 873 cognoscere
1501 814 1645 870 possis;

422 886 564 936 Quod,
587 886 705 927 simul
725 901 772 927 ac
791 887 972 941 primum
991 888 1119 929 nubes
1139 888 1357 930 subcedere
1377 887 1450 928 soli

427 959 618 1014 Coepere,
640 967 681 1000 et
700 959 836 1001 radios
855 960 962 1002 inter
982 962 1096 1017 quasi
1115 976 1308 1016 rumpere
1327 961 1445 1010 lucis3

278 1130 418 1161 conferas
432 1130 451 1161 i.
469 1134 539 1163 924.
563 1131 606 1162 ἰίἰ.
625 1137 695 1163 284.
720 1134 825 1164 Possis
841 1133 935 1165 etiam
950 1146 997 1166 re-

274 1187 363 1220 gente
388 1181 582 1221 interpretari
606 1183 735 1214 forsitan
758 1185 844 1215 haud
868 1186 998 1217 absurde

276 1241 332 1270 per
356 1233 531 1263 dominante
537 1248 548 1269 ‚·
574 1233 614 1264 de
633 1234 695 1275 qua
721 1235 866 1274 dictione,
892 1237 999 1267 redeas

277 1282 318 1312 ad
331 1282 363 1312 ii.
382 1286 454 1314 957.
477 1283 530 1314 sed
545 1285 644 1324 posita
658 1285 752 1316 lectio
766 1286 860 1327 longe
880 1288 998 1327 simpli-

277 1334 341 1365 cior
355 1341 412 1373 est,
428 1346 474 1372 ac,
492 1337 582 1367 nobis
597 1338 704 1369 saltem
715 1338 886 1379 judicibus,
898 1340 998 1370 unde-

277 1396 401 1426 quaque
415 1388 619 1426 praestautior‚
635 1395 667 1419 et
680 1391 784 1420 sensui
796 1391 998 1421 commodior.

319 1446 402 1477 Ibid.
425 1449 549 1487 Inrigat
558 1451 697 1480 candore.
733 1451 892 1480 Orationis
902 1457 999 1486 tenor,

278 1496 378 1537 qualis
393 1499 432 1527 ab
453 1497 543 1528 initio
568 1500 759 1537 processerit,
783 1500 907 1530 summa
928 1511 1002 1530 cum

277 1548 463 1586 proprietate
491 1554 584 1589 atque
606 1549 761 1590 elegantia
789 1557 998 1581 conservatur:

279 1597 384 1628 videas
407 1609 512 1638 supra,
535 1599 574 1630 iv.
590 1603 661 1630 203.
688 1601 855 1637 Caeterum,
880 1601 920 1632 ad
942 1603 1001 1632 hu-

274 1649 362 1688 jusce
376 1648 542 1680 locutionis
556 1656 758 1687 venustatem,
781 1653 893 1691 saepius
914 1652 1001 1682 illus-

278 1705 392 1730 tratam
420 1701 518 1736 nobis,
549 1701 688 1742 loquitur
717 1702 858 1732 Achilles
880 1702 1001 1740 Tatius,

278 1752 335 1781 Sub
350 1751 451 1789 operis
464 1751 568 1781 initio:
595 1757 649 1781 Koet
666 1753 678 1782 ὅ
694 1753 770 1786 ἣλιος
788 1765 875 1793 ἤρεμα
892 1765 929 1783 τε
943 1760 1001 1783 λει-

278 1816 365 1840 μωως
397 1807 718 1833 ΚΑΤΑΣΠΟΡΑΔΗΝ
746 1809 905 1835 ΔῙΕΡΡΕῙ.
951 1804 1001 1834 Ita

278 1851 465 1892 legendum3
488 1863 563 1888 non,
579 1859 615 1883 ut
628 1853 662 1883 in
678 1853 778 1890 editis,
796 1869 879 1885 κατω
894 1867 1000 1895 σπορα-

279 1903 334 1937 ὃην.
379 1902 539 1933 Audacior
554 1909 599 1933 est
613 1904 750 1942 profecto
767 1905 931 1941 Pindarus,
947 1904 1000 1934 sed

279 1954 367 1984 omni
398 1953 492 1984 laude
520 1955 732 1985 cumulandus
754 1961 874 1993 tamen;
901 1965 1000 1996 quum

279 2005 349 2036 talis
362 2005 520 2036 temeritas
534 2012 633 2036 cautae
647 2007 854 2038 mediocritati
864 2007 998 2046 plebeio-

279 2070 351 2091 rum
379 2061 563 2100 scriptorum
586 2061 680 2102 longe
707 2062 747 2092 sit
775 2061 1000 2100 anteponenda.

280 2112 384 2147 Quem
399 2111 504 2150 velim,
520 2111 607 2142 locus
621 2118 720 2142 exstat
735 2113 767 2142 in
786 2113 836 2144 Ol.
851 2113 889 2143 vi.
906 2117 955 2145 92.

481 2218 519 2233 mr
530 2208 642 2239 ξαιθωσι
655 2218 702 2234 κου
716 2215 897 2243 παμπορφυροις

356 2256 483 2282 ΑΚΤῙΣῙ
504 2257 751 2283 ΒΕΒΡΕΓΜΕΝΟΣ
764 2254 838 2291 ἁέρον

355 2302 484 2335 Σωμα-.

282 2385 386 2425 Friget
402 2385 522 2426 Heynii
541 2387 698 2426 expositio.
738 2387 938 2418 Scholiastem
953 2386 997 2416 al·

278 2441 382 2467 terum
414 2437 594 2475 audiamus;
616 2439 706 2479 cujus
728 2440 819 2469 verba
848 2445 921 2469 sunt
941 2440 999 2468 hoc

278 2486 372 2517 modo
387 2488 614 2519 constituenda:
639 2499 698 2519 nec
723 2499 797 2519 sane
822 2499 944 2529 prorsus
959 2489 996 2518 li-

278 2544 362 2578 quet,
392 2549 431 2568 an
458 2550 522 2570 non
547 2540 643 2571 etiam
665 2540 706 2576 id,
732 2541 815 2581 quod
840 2541 997 2580 Heynius,

278 2589 421 2620 voluerit:
460 2598 578 2623 Ακτισιν
606 2607 661 2624 tun·
688 2604 770 2632 ηγεν,
802 2600 996 2633 &afta-poran-

277 2639 430 2681 3aoeuysm15
446 2644 567 2682 ξανέαις,
591 2658 640 2675 και
657 2658 739 2675 κατα
755 2651 832 2675 volu
847 2651 997 2686 πορφνρως·

278 2706 342 2723 awri
360 2707 405 2730 trs,
424 2695 478 2726 ὕπο
493 2695 615 2736 διαυγων
635 2711 680 2728 mr
705 2699 815 2736 ξανθων,
840 2711 889 2727 και
916 2709 998 2727 κατα

278 2751 355 2774 ‘toln
371 2754 520 2787 πορφυρων,
538 2749 731 2790 βεξρεγμενος,
755 2750 820 2780 γει-τ’
837 2761 895 2779 εστι
911 2747 995 2790 &Bpo-

277 2807 411 2834 σισμενος,
428 2806 552 2839 «τρνφερον
572 2813 663 2838 coepta.
708 2800 800 2830 Prior
821 2799 996 2830 scholiastes

277 2845 445 2883 prudenter
460 2857 492 2876 se
506 2848 633 2878 tandem
646 2851 784 2891 corrigit:
804 2858 929 2884 Λκτινας
946 2857 995 2880 λε-

277 2909 333 2935 751,
347 2909 400 2930 τας
414 2909 624 2933 αποπητη-κτοις
637 2913 697 2931 αιτο
712 2915 768 2932 των
783 2904 879 2932 avezan
894 2900 993 2943 δροσες,

1043 1148 1059 1167 n
1076 1137 1350 1165 ΛΑΜΠΗΔΟΝΑΣ
1367 1145 1422 1163 ‘rm
1437 1133 1529 1162 ανθωγ.
1574 1130 1649 1160 Non
1664 1128 1765 1170 magis

1041 1184 1224 1220 sublimiter,
1254 1193 1349 1224 quam
1379 1182 1527 1221 apposite,
1560 1179 1764 1218 Claudianus,

1042 1236 1125 1267 land.
1139 1236 1206 1266 Stil.
1220 1235 1251 1266 ii.
1270 1237 1342 1266 467.
1358 1234 1396 1264 de
1411 1235 1484 1265 sole:

1104 1317 1144 1341 Sic
1156 1316 1238 1346 fatus,
1248 1315 1348 1341 croceis
1359 1317 1470 1340 rorantes
1481 1313 1590 1346 ignibus,
1599 1313 1692 1338 hortos

1104 1355 1295 1387 Ingreditur—.

1046 1425 1147 1465 Digni
1161 1432 1235 1456 sunt
1248 1426 1417 1456 hominum
1433 1424 1624 1464 elegantium
1644 1424 1765 1454 miseri-

1045 1475 1161 1512 cordia,
1186 1476 1240 1515 qui
1264 1476 1369 1505 locum
1394 1475 1624 1505 nobilissimum
1647 1473 1767 1504 divina*

1045 1525 1182 1556 tionibus
1213 1526 1331 1567 jejunis
1366 1532 1531 1557 tentavere.
1583 1525 1660 1557 Jam
1695 1535 1768 1556 vero

1045 1577 1275 1616 nobismetipsis
1307 1577 1532 1616 impensissime
1560 1576 1766 1617 gratulamur,

1046 1627 1130 1667 quod
1152 1627 1321 1668 elegantias
1342 1638 1413 1658 suas
1436 1627 1563 1658 Maroni
1587 1627 1768 1658 resuscitare

1046 1678 1214 1716 valeamus,
1238 1683 1268 1708 et
1283 1679 1321 1708 ab
1336 1678 1525 1708 insulsorum
1548 1678 1765 1716 interpretum,

1046 1734 1138 1768 atque
1153 1728 1186 1757 in
1202 1728 1310 1767 primis
1320 1728 1450 1768 Heynii,
1460 1729 1605 1759 manibus
1615 1729 1766 1764 infaustis,

1044 1787 1100 1817 per
1120 1788 1212 1817 opem
1228 1779 1365 1809 Lucretii
1386 1779 1642 1818 strenuissimam,
1665 1779 1774 1810 vindi-a

1045 1840 1129 1866 care;
1147 1830 1236 1870 cujus
1250 1831 1438 1861 versiculum
1452 1831 1539 1871 quasi
1553 1831 1690 1861 studiose
1705 1843 1766 1862 παι-

1043 1883 1182 1922 ραφραζει,
1197 1881 1275 1912 dum
1286 1887 1410 1920 tempus
1417 1881 1558 1922 designat
1566 1882 1766 1919 matutinum,

1045 1933 1252 1971 Mantuanus,
1271 1933 1310 1963 ad
1325 1943 1392 1973 geo.
1409 1933 1428 1964 i.
1445 1937 1515 1963 288.

1091 2015 1118 2037 M
1122 2013 1177 2037 ulta
1188 2014 1255 2038 adeo
1265 2013 1352 2045 gelidi
1363 2014 1457 2039 melius
1467 2021 1493 2039 se
1504 2018 1585 2040 nocte
1594 2015 1702 2046 dedere,

1090 2053 1147 2077 Aut
1158 2058 1242 2082 quum
1253 2051 1302 2076 sole
1312 2059 1383 2076 novo
1393 2055 1475 2077 terras
1486 2052 1583 2077 inrorat
1593 2054 1671 2078 Eous.

1043 2125 1065 2140 “
1084 2124 1222 2160 Inrorat,
1251 2123 1502 2154 utusrnA'rt“
1541 2123 1674 2154 Servius.
1719 2124 1763 2154 Et

1041 2173 1126 2203 vides
1152 2174 1269 2204 Carum
1296 2184 1402 2204 meum
1420 2173 1550 2214 singulis
1573 2174 1673 2205 verbis
1697 2184 1762 2205 non

1042 2223 1252 2262 perfunctorie
1288 2225 1523 2255 adumbratum:
1558 2235 1632 2255 eum
1668 2225 1764 2266 igitur

1041 2284 1098 2313 pro
1135 2281 1309 2306 enarratore
1332 2275 1573 2314 prudentissimo
1596 2275 1764 2315 amplecta-

1041 2337 1121 2357 mur.
1168 2327 1272 2365 Certe,
1302 2330 1380 2358 roris
1408 2329 1555 2367 simplicis
1591 2327 1764 2358 intellectus

1042 2389 1106 2409 non
1131 2385 1176 2409 est
1201 2379 1331 2409 omnino
1353 2379 1413 2409 loci
1434 2389 1527 2418 scopo
1541 2378 1674 2410 alienus:
1700 2378 1762 2415 sed,

1042 2431 1068 2461 si
1083 2431 1135 2467 sic,
1158 2432 1226 2472 jam
1241 2432 1390 2470 monitus,
1404 2432 1550 2470 accipias;
1573 2442 1631 2462 nec
1644 2432 1761 2461 Lucre-

1042 2482 1127 2517 tiam,
1144 2492 1201 2513 uec
1217 2482 1397 2523 virgiliani,
1413 2493 1521 2513 manes
1536 2483 1590 2513 tibi
1605 2482 1678 2520 sint,
1693 2491 1761 2521 pre-

1041 2543 1106 2570 cor,
1121 2532 1212 2564 boni!
1232 2533 1392 2563 Maximos
1403 2534 1507 2573 po'e'tas
1520 2533 1634 2563 imitari
1649 2531 1762 2567 volens,

1042 2585 1074 2614 in
1092 2584 1276 2615 deteriorem
1291 2592 1411 2625 partem
1426 2585 1503 2616 abiit
1516 2584 1638 2615 lascivia
1665 2583 1760 2614 Clau-

1042 2635 1143 2673 diani;
1168 2643 1198 2666 et
1213 2637 1443 2667 odiosissimum
1460 2637 1564 2666 Eoum
1579 2648 1668 2676 μιαρᾳ
1679 2634 1763 2675 δροσῳ

1043 2694 1138 2718 terras
1159 2689 1342 2729 irrigantem
1364 2689 1492 2719 licenter
1512 2686 1646 2724 exhibet,
1669 2692 1763 2726 atque

1042 2740 1135 2769 etiam
1151 2740 1331 2770 mortalium
1345 2740 1527 2770 miserorum
1537 2737 1646 2775 oculis,
1657 2737 1757 2768 nefas!

1038 2790 1268 2828 immeientem;
1291 2791 1330 2821 de
1347 2795 1422 2828 rapt.
1438 2789 1527 2819 Pros.
1543 2788 1575 2818 ii.
1592 2791 1662 2818 121.

1071 2872 1140 2895 Dum
1153 2879 1228 2896 meus
1239 2871 1362 2896 humectat
1364 2869 1497 2899 flaventes
1508 2868 1617 2894 Lucifer
1626 2873 1712 2899 θεῖος,

1069 2912 1172 2936 Roranti
1182 2914 1334 2944 praevectus
1344 2917 1443 2943 equo—-
