1926 3224
553 274 785 323 LIBER
838 272 1190 331 QUINTUS.

1542 279 1597 316 41

319 405 430 446 Ae'ra
448 419 559 446 nunc
579 407 704 463 igitur
723 407 872 456 dicam,
894 406 993 462 quid
1013 419 1185 460 corpore
1204 410 1291 445 toto

145 480 227 520 275
260 479 616 522 innumerabiliter
635 483 772 536 privas
793 490 975 523 mutatur
994 483 1037 521 in
1058 481 1202 522 horas:

116 635 252 676 Vulgata
275 636 365 666 lectio
390 640 437 665 est
455 637 612 673 gramine;
647 644 748 674 neque
770 634 834 664 suis

113 686 330 726 interpretibus
339 687 386 714 hae
398 685 558 715 futilitates
569 690 743 714 caruerunt.
767 685 832 714 De.

114 738 216 779 nique,
239 748 346 767 vocem
369 746 432 766 non
460 736 586 776 illepide
611 736 769 766 transtulit
793 736 832 766 ad

112 795 230 819 ventum
248 787 378 823 Gellius,
394 788 454 817 xvi.
476 791 591 818 ll.—-“
608 792 699 827 atque
709 787 751 816 ita
761 797 831 825 pro-

111 841 134 856 “
151 838 238 868 fectis
254 843 380 867 ventum
397 838 552 868 Austrum
572 848 689 878 magno
704 837 831 877 spiritus

111 891 134 907 ‘⁶
148 890 269 928 agmine
284 888 402 918 venisse
420 889 618 919 obviam—.”

152 938 233 969 Ibid.
254 942 376 979 agmine
391 942 492 976 dulcz·‚·
523 941 563 970 ob
577 942 669 971 salem
686 940 831 971 relictum

111 990 239 1021 scilicet:
265 997 412 1021 annotata
433 992 539 1022 redeas
562 992 602 1022 ad
623 993 653 1022 ii.
670 995 741 1023 471.
766 993 832 1023 Pli-

110 1041 192 1080 nius,
216 1049 280 1073 nat.
297 1043 365 1073 hist.
381 1043 462 1073 xxxi.
483 1046 534 1075 57.
558 1046 580 1061 ‘⁴
598 1053 672 1073 nam
697 1043 730 1073 in
754 1043 834 1074 terra

111 1096 134 1111 “
149 1096 271 1124 marina
287 1106 378 1135 aqua,
404 1095 513 1135 argilla
524 1097 691 1134 percolata,
713 1098 830 1126 dulces-

111 1148 134 1164 “
150 1146 221 1176 cit.''
254 1147 375 1177 Verum
398 1148 482 1178 enim
497 1158 578 1184 vero,
595 1148 673 1178 dum
688 1149 769 1178 hanc
784 1148 831 1177 hi-

110 1197 207 1227 larem
223 1204 314 1238 atque
328 1198 502 1238 elegantem
512 1199 676 1228 materiam
691 1199 830 1229 concele-

110 1248 245 1283 bramus,
268 1248 343 1288 quid
358 1249 499 1287 impedit,
525 1259 587 1289 quo
610 1250 715 1279 minus
737 1250 830 1279 versi-

111 1300 169 1329 bus
193 1300 329 1329 venustis
355 1301 376 1330 J
379 1300 488 1330 uvenci
518 1310 650 1330 manum
679 1301 832 1332 medicam

109 1349 350 1382 admoveamus?
366 1351 420 1390 qui
433 1350 581 1390 leguntur
592 1351 626 1380 in
637 1351 710 1382 hist.
724 1362 831 1393 evang.

111 1401 156 1432 iii.
172 1405 243 1433 465.

141 1482 218 1506 Talia
228 1483 299 1508 dicta
310 1484 394 1513 dedit,
405 1484 571 1515 Galilaeaque
585 1491 645 1509 rura
654 1485 771 1516 reliquit3

143 1522 321 1554 Judaeamque
331 1523 410 1554 petit,
422 1524 475 1554 qua
486 1524 594 1555 pinguia
604 1531 665 1548 tura
675 1525 782 1549 silenter

142 1562 249 1594 Agmine
259 1564 378 1594 Jordanis
389 1564 478 1588 viridis
486 1564 595 1596 perrepit
604 1571 730 1589 amoeno:

110 1641 171 1671 levi
179 1644 257 1681 pede
272 1642 398 1680 scilicet,
414 1642 578 1682 tacitoque,
594 1648 706 1681 praeter
720 1645 829 1674 ambu-

108 1693 160 1724 lat.
205 1694 303 1732 Libri,
332 1705 410 1734 quos
439 1695 548 1732 habeo,
581 1698 769 1735 prorumpit,
801 1702 832 1726 et

103 1747 247 1784 prorupit
253 1759 263 1780 ;
290 1744 385 1775 fluvio
400 1744 503 1775 silenti
519 1755 555 1775 ac
577 1745 698 1784 placido
719 1756 832 1784 parum

107 1802 323 1836 congruenter.
387 1797 600 1827 Sincerissima
640 1804 687 1828 est
728 1804 832 1828 nostra

109 1847 297 1879 emendatio.
332 1848 483 1885 Avienus,
498 1850 561 1880 orb.
579 1849 657 1879 desc.
674 1852 745 1880 540.

239 1921 391 1953 prorepentis
402 1921 455 1952 qua
466 1925 529 1947 sunt
539 1923 608 1947 vada
620 1922 721 1947 caerula
731 1923 813 1948 Nerei.

108 1984 251 2025 Cognata
272 1995 332 2015 vox
353 1995 437 2024 serpo
459 1985 572 2024 passim
588 1985 621 2015 in
636 1983 695 2016 hoc
708 1996 768 2016 usu
784 1986 828 2016 le-

105 2035 197 2076 gitur.
243 2031 375 2071 Quoties
394 2041 500 2065 autem
514 2047 571 2076 per
586 2042 617 2066 et
628 2047 686 2076 pro
703 2042 828 2067 contur-

104 2089 228 2126 bentur,
252 2097 346 2117 nemo
370 2087 484 2125 nescit3
506 2093 537 2117 et
552 2087 691 2118 librarios
705 2089 827 2130 aliquo-

106 2139 163 2169 ties
187 2139 399 2178 permiscuisse
425 2150 495 2179 repo
519 2145 550 2169 et
575 2151 694 2180 rumpo,
725 2140 833 2171 docuit

109 2199 168 2219 nos
183 2189 472 2226 Drakenborchius,
489 2190 530 2220 ad
547 2190 599 2221 Sil.
617 2191 657 2222 It.
678 2191 742 2222 xiii.
759 2194 831 2223 532.

105 2251 146 2271 ne
160 2251 296 2281 quaeram
312 2241 414 2273 latius.
460 2242 606 2273 Phrasim
622 2243 740 2274 interea
752 2255 826 2284 pro-

105 2298 254 2332 repentem
271 2295 420 2332 Nereum,
443 2293 492 2324 vel
508 2305 633 2334 serpens
647 2306 746 2334 mare,
762 2306 828 2327 non

106 2344 212 2373 minus
226 2350 333 2383 aptum
353 2347 481 2385 pedibus
503 2346 621 2386 utique,
646 2357 740 2386 quam
756 2354 829 2378 sunt

105 2392 223 2433 Fluvii,
236 2395 412 2427 Maeonides
426 2397 602 2434 illustrabit,
626 2398 672 2428 uti
687 2408 725 2428 ex
740 2409 829 2439 aequo

106 2447 322 2486 illustrabitur,
344 2449 385 2479 ad
400 2449 440 2480 Il.
455 2456 490 2480 A.
507 2453 582 2481 558.

105 2525 337 2551 ΑΡΓΥΡΟΠΕΖΑ
349 2526 475 2557 ΘΕΤῙΣ,
488 2527 609 2563 θυγατκρ
621 2528 700 2554 &Moto
711 2534 827 2564 γεροντος·

103 2591 188 2632 quod
211 2591 290 2622 nihil
312 2591 399 2622 aliud
420 2598 474 2628 est,
506 2594 586 2624 mihi
607 2594 708 2632 crede,
732 2605 828 2636 quam

102 2645 239 2684 liquidus
248 2657 302 2685 pes
317 2646 461 2685 proximo
475 2656 565 2677 versu
580 2648 730 2678 Lucretii.
768 2650 826 2680 Li-

102 2697 214 2734 quidus
236 2696 330 2726 etiam
341 2703 466 2736 pontus,
492 2709 596 2738 aequor
610 2700 774 2739 liquidum,
797 2705 828 2730 et

103 2746 228 2784 similia,
241 2749 440 2788 scriptoribus
456 2749 699 2791 frequentantur.
722 2752 825 2782 Inter-

104 2799 236 2837 pretatio
264 2800 405 2840 epitheti,
439 2811 533 2841 quam
563 2807 594 2832 et
621 2803 828 2842 paraphrastae

103 2850 274 2880 commenti
289 2857 372 2888 sunt,
395 2857 427 2882 et
449 2852 628 2889 scholiastae,
654 2853 726 2884 licet
750 2853 826 2884 Ovi-

105 2899 177 2930 dius
191 2901 403 2943 adstipuletur,
418 2903 453 2934 in
468 2904 553 2945 epist.
569 2915 618 2935 xx.
634 2909 687 2936 60.
704 2915 829 2946 magnae

106 2961 200 2994 nugae
215 2960 300 2994 sunt,
326 2966 385 2987 nec
407 2956 633 2998 sapientissimo
654 2963 740 2998 patre
754 2957 827 2999 po'e'-

876 640 980 664 tarum
995 633 1108 673 dignae.
1154 634 1272 663 Vereor
1295 643 1380 671 sane,
1403 643 1444 664 ne
1468 632 1526 663 sim
1551 632 1597 661 ni-

877 684 971 722 mius;
991 694 1048 714 nec
1066 694 1083 713 a
1099 693 1150 713 me
1164 689 1269 713 tamen
1287 684 1450 722 impetrare
1465 693 1599 723 possum,

877 744 911 767 ut
926 748 990 768 non
1006 737 1118 767 rectius
1130 737 1288 767 ordinatos
1299 743 1330 766 et
1341 737 1489 766 sincerius
1504 736 1599 773 scrip-

875 795 923 819 tos
945 789 1086 829 linquam
1108 788 1295 819 Tertulliani
1323 799 1439 826 versus,
1462 788 1508 818 uti
1531 797 1599 826 per-

875 841 1030 876 hibentur,
1055 839 1216 880 quosdam,
1253 839 1291 869 de
1316 839 1384 879 jud.
1413 839 1496 869 dom.
1530 841 1600 868 257.

874 891 1085 922 amoenitatem
1101 890 1243 921 Paradisi
1259 890 1477 920 describentes:

908 963 975 985 Fons
987 961 1039 985 illic
1050 961 1158 992 placidis
1167 960 1219 985 leni
1230 961 1288 985 fluit
1299 960 1397 992 agmine
1408 960 1523 991 campis:

909 1002 1031 1031 Quatuor
1041 1000 1102 1024 inde
1113 1000 1201 1031 rigant
1212 1000 1320 1031 partitas
1333 999 1444 1023 flumina
1455 1002 1549 1023 terras.

908 1041 999 1071 Frigus
1010 1046 1063 1064 non
1075 1041 1159 1064 variat
1171 1040 1274 1064 hiberni
1285 1040 1374 1064 sideris
1384 1046 1490 1063 auram:

908 1082 970 1109 Ver,
979 1083 1056 1111 puto,
1064 1086 1170 1111 semper
1179 1079 1237 1109 alit,
1248 1079 1354 1103 vestitos
1366 1079 1484 1108 floribus,
1494 1078 1587 1104 horton

906 1122 939 1144 Et
948 1120 1044 1150 reficit,
1047 1119 1135 1151 fotam
1147 1119 1252 1144 meliori
1263 1118 1383 1148 flamine,
1394 1121 1505 1143 terram.

877 1191 917 1222 In
946 1191 1039 1227 libris,
1063 1194 1140 1231 ugit,
1166 1192 1301 1228 vestitus,
1335 1192 1450 1226 hortus,
1469 1188 1598 1229 foetam5

876 1250 906 1273 et
921 1249 1048 1283 quartus
1063 1253 1168 1272 versus
1190 1242 1318 1272 tertium
1339 1239 1491 1280 praecedit.
1539 1239 1601 1277 Cy-

875 1294 1002 1333 prianus
1016 1293 1122 1331 etiam,
1148 1293 1183 1323 in
1206 1293 1316 1323 eodem
1333 1296 1519 1332 argumento
1534 1299 1600 1319 ver-

876 1352 971 1384 satus,
988 1345 1191 1382 emaculetur,
1206 1355 1310 1385 genes.
1334 1347 1384 1376 55.

908 1420 1019 1444 AEdibus
1029 1419 1057 1443 in
1069 1419 1163 1444 mediis
1174 1426 1241 1451 puro
1253 1418 1313 1442 fluit
1323 1418 1422 1450 agmine
1433 1417 1553 1446 flumen;

908 1460 988 1490 Quod
998 1460 1065 1490 rigat
1074 1459 1188 1490 insignes
1199 1458 1302 1489 liquidis
1313 1458 1347 1483 de
1359 1458 1484 1482 fluctibus
1495 1457 1586 1484 hortos,

909 1498 1130 1529 Quadrifidosque
1141 1500 1207 1521 secat
1217 1498 1337 1522 undante
1350 1502 1387 1521 ex
1398 1496 1475 1521 sonte
1484 1498 1598 1520 meatus.

878 1568 999 1608 Vulgo,
1014 1574 1112 1604 ortus;
1136 1568 1224 1597 nullo
1241 1578 1341 1598 sensu.

918 1621 994 1651 Ver.
1010 1623 1082 1651 275.
1105 1627 1200 1651 secta.-
1228 1626 1262 1650 Δ.
1284 1620 1545 1659 sema—detulit.-
1563 1617 1599 1647 P.

877 1671 915 1701 V.
931 1671 978 1701 ed.
994 1677 1110 1706 autem,
1127 1673 1240 1701 retulit.

919 1722 999 1752 Ibid.
1024 1722 1075 1752 Ita
1091 1722 1197 1751 leviter
1211 1728 1243 1752 et
1271 1722 1428 1752 mobiliter
1452 1721 1522 1751 fluit
1548 1719 1600 1750 hic

875 1784 990 1810 versus,
1006 1779 1042 1803 ut
1057 1774 1223 1803 Lucretius
1239 1773 1382 1810 fluvium,
1406 1783 1459 1811 per
1475 1773 1599 1802 alveum

875 1834 969 1855 suum
984 1829 1159 1854 currentem
1177 1833 1212 1853 ac
1227 1822 1513 1858 labentem‚nostris
1524 1832 1599 1851 ocu·

874 1875 914 1906 lis
928 1875 1078 1915 subjicere
1093 1874 1242 1905 videatur.
1265 1874 1359 1914 Lege,
1375 1873 1401 1902 si
1417 1883 1517 1910 vacas,
1531 1882 1600 1912 quae

875 1928 1051 1958 notavimus
1066 1926 1106 1956 ad
1121 1926 1213 1956 illum
1228 1926 1335 1956 locum
1351 1924 1489 1962 Horatii,
1508 1922 1599 1962 epod.

875 1979 934 2009 xvi.
951 1981 1002 2009 48.

904 2038 981 2064 Levis
994 2040 1120 2071 crepante
1132 2037 1232 2070 lympha
1243 2037 1328 2063 desilit
1340 2036 1412 2069 pede.

1369 2076 1555 2109 Lambinus.

920 2139 1004 2170 Ibid.
1037 2141 1086 2170 via
1109 2145 1198 2170 secla.
1244 2137 1408 2179 Virgilius,
1441 2136 1516 2166 AEn.
1547 2135 1596 2166 vii.

877 2195 948 2223 717.

902 2261 1028 2291 Quosque
1038 2267 1134 2289 secans,
1147 2258 1306 2289 infaustum,
1318 2257 1438 2283 interluit
1456 2256 1535 2286 Allia,
1552 2262 1599 2280 no-

994 2306 1068 2324 men.

874 2357 1094 2395 Mamertinus,
1125 2357 1159 2386 in
1192 2358 1317 2396 geneth.
1363 2354 1497 2385 Maxim.
1534 2353 1597 2383 xvi.

872 2413 971 2440 4.—“
987 2408 1049 2449 qua
1073 2408 1216 2449 fervidus
1247 2413 1341 2446 caput
1372 2406 1542 2437 Danubius
1565 2416 1597 2435 e-

872 2463 894 2479 “
909 2460 1011 2496 volvit,
1048 2458 1172 2499 quaque
1210 2458 1354 2489 horridus
1385 2464 1467 2488 secat
1499 2456 1591 2487 Albis

871 2517 894 2532 “
914 2513 1193 2544 Germaniam—.”
1263 2512 1314 2542 Sic
1361 2510 1591 2551 reponendum:

871 2566 974 2606 vulg0,
987 2565 1166 2607 fervidum,·
1190 2563 1245 2594 sed
1269 2563 1317 2593 vel
1331 2572 1449 2603 magna
1463 2559 1597 2592 flumina

871 2618 922 2649 vix
950 2617 983 2647 in
994 2617 1145 2658 fontibus,
1168 2616 1241 2646 licet
1262 2615 1296 2645 in
1318 2614 1426 2645 cursus
1439 2624 1595 2654 processu,

860 2670 1012 2711 fervenu*
1036 2668 1184 2698 Valerius
1208 2666 1347 2703 Flaccus,
1370 2666 1410 2696 iv.
1442 2669 1514 2696 601.
1547 2664 1596 2694 his

871 2726 962 2760 aptus
977 2718 1186 2759 superveniet:

932 2787 1060 2812 Proxima
1070 2785 1224 2811 Thermodon
1235 2786 1275 2810 his
1283 2786 1339 2816 jam
1352 2788 1418 2810 secat
1427 2791 1532 2809 arva--

916 2854 998 2885 Ibid.
1019 2855 1136 2894 liquido
1146 2855 1244 2893 pede:
1268 2852 1288 2883 i.
1304 2863 1331 2883 e.
1352 2862 1450 2891 purus
1471 2851 1595 2886 humor,

871 2907 938 2937 sine
953 2905 1105 2944 sordibus,
1128 2915 1187 2936 nec
1208 2904 1325 2935 alienas
1338 2904 1440 2935 undas
1455 2904 1595 2938 trahens;

872 2962 909 2987 ut
926 2957 965 2994 Q.
983 2955 1111 2988 Curtius
1122 2955 1244 2988 locutus
1259 2960 1314 2991 est,
1331 2954 1370 2986 ad
1385 2953 1427 2984 iii.
1446 2957 1473 2985 1.
1488 2955 1517 2983 5.
1540 2951 1594 2982 ubi

832 3017 898 3047 ΒΞ
