<?xml version="1.0" encoding="UTF-8"?>
<!DOCTYPE html PUBLIC "-//W3C//DTD XHTML 1.0 Transitional//EN"
    "http://www.w3.org/TR/xhtml1/DTD/xhtml1-transitional.dtd">
<html xmlns="http://www.w3.org/1999/xhtml" xml:lang="en" lang="en">
 <head>
  <title>
</title>
<meta http-equiv="Content-Type" content="text/html;charset=utf-8" />
  <meta name='ocr-system' content='tesseract 3.04.00' />
  <meta name='ocr-capabilities' content='ocr_page ocr_carea ocr_par ocr_line ocrx_word'/>
</head>
<body>
  <div class='ocr_page' id='page_1' title='image "./tlucretiicarider03lucruoft_0330.png"; bbox 0 0 1926 3224; ppageno 0'>
   <div class='ocr_carea' id='block_1_1' title="bbox 295 231 387 272">
    <p class='ocr_par' dir='ltr' id='par_1_1' title="bbox 295 231 387 272">
     <span class='ocr_line' id='line_1_1' title="bbox 295 231 387 272; baseline 0.011 -1"><span class='ocrx_word' id='word_1_1' title='bbox 295 231 387 272; x_wconf 82' lang='lat'>308</span> 
     </span>
    </p>
   </div>
   <div class='ocr_carea' id='block_1_2' title="bbox 802 222 1286 273">
    <p class='ocr_par' dir='ltr' id='par_1_2' title="bbox 802 222 1286 273">
     <span class='ocr_line' id='line_1_2' title="bbox 802 222 1286 273; baseline 0.004 -2"><span class='ocrx_word' id='word_1_2' title='bbox 802 224 862 271; x_wconf 94' lang='grc' dir='ltr'>Τ.</span> <span class='ocrx_word' id='word_1_3' title='bbox 909 222 1286 273; x_wconf 89' lang='lat' dir='ltr'>LUCRETII</span> 
     </span>
    </p>
   </div>
   <div class='ocr_carea' id='block_1_3' title="bbox 429 352 1511 483">
    <p class='ocr_par' dir='ltr' id='par_1_3' title="bbox 429 352 1511 483">
     <span class='ocr_line' id='line_1_3' title="bbox 429 352 1511 410; baseline 0.001 -14"><span class='ocrx_word' id='word_1_4' title='bbox 429 354 482 397; x_wconf 91' lang='lat' dir='ltr'>In</span> <span class='ocrx_word' id='word_1_5' title='bbox 502 354 649 396; x_wconf 88' lang='lat' dir='ltr'>clinata</span> <span class='ocrx_word' id='word_1_6' title='bbox 671 353 829 393; x_wconf 79' lang='lat' dir='ltr'>minent</span> <span class='ocrx_word' id='word_1_7' title='bbox 847 352 892 393; x_wconf 85' lang='lat' dir='ltr'>in</span> <span class='ocrx_word' id='word_1_8' title='bbox 911 353 1114 403; x_wconf 78' lang='lat' dir='ltr'>eamdem,</span> <span class='ocrx_word' id='word_1_9' title='bbox 1135 353 1313 409; x_wconf 88' lang='lat' dir='ltr'>prodita,</span> <span class='ocrx_word' id='word_1_10' title='bbox 1334 362 1511 410; x_wconf 84' lang='lat' dir='ltr'>partem3</span> 
     </span>
     <span class='ocr_line' id='line_1_4' title="bbox 432 426 1428 483; baseline 0.001 -14"><span class='ocrx_word' id='word_1_11' title='bbox 432 428 738 481; x_wconf 79' lang='lat' dir='ltr'>Protractaeque</span> <span class='ocrx_word' id='word_1_12' title='bbox 757 426 892 467; x_wconf 87' lang='lat' dir='ltr'>trabes</span> <span class='ocrx_word' id='word_1_13' title='bbox 911 427 1153 481; x_wconf 88' lang='lat' dir='ltr'>inpendent,</span> <span class='ocrx_word' id='word_1_14' title='bbox 1183 428 1243 468; x_wconf 87' lang='lat' dir='ltr'>ire</span> <span class='ocrx_word' id='word_1_15' title='bbox 1261 437 1428 483; x_wconf 82' lang='lat' dir='ltr'>paratae.</span> 
     </span>
    </p>
   </div>
   <div class='ocr_carea' id='block_1_4' title="bbox 311 501 1598 999">
    <p class='ocr_par' dir='ltr' id='par_1_4' title="bbox 311 501 1598 999">
     <span class='ocr_line' id='line_1_5' title="bbox 428 501 1415 558; baseline 0 -15"><span class='ocrx_word' id='word_1_16' title='bbox 428 502 484 543; x_wconf 84' lang='lat' dir='ltr'>Et</span> <span class='ocrx_word' id='word_1_17' title='bbox 503 508 692 542; x_wconf 88' lang='lat' dir='ltr'>metuunt</span> <span class='ocrx_word' id='word_1_18' title='bbox 711 501 852 558; x_wconf 84' lang='lat' dir='ltr'>magni</span> <span class='ocrx_word' id='word_1_19' title='bbox 873 508 1064 542; x_wconf 82' lang='lat' dir='ltr'>naturam</span> <span class='ocrx_word' id='word_1_20' title='bbox 1083 502 1250 543; x_wconf 89' lang='lat' dir='ltr'>credere</span> <span class='ocrx_word' id='word_1_21' title='bbox 1268 502 1415 544; x_wconf 89' lang='lat' dir='ltr'>mundi</span> 
     </span>
     <span class='ocr_line' id='line_1_6' title="bbox 314 575 1428 631; baseline -0.001 -14"><span class='ocrx_word' id='word_1_22' title='bbox 314 579 394 617; x_wconf 83' lang='lat'>565</span> <span class='ocrx_word' id='word_1_23' title='bbox 428 575 605 617; x_wconf 77' lang='lat' dir='ltr'>Exitiale</span> <span class='ocrx_word' id='word_1_24' title='bbox 624 575 789 631; x_wconf 86' lang='lat' dir='ltr'>aliquod</span> <span class='ocrx_word' id='word_1_25' title='bbox 809 583 970 630; x_wconf 90' lang='lat' dir='ltr'>tempus</span> <span class='ocrx_word' id='word_1_26' title='bbox 991 575 1227 631; x_wconf 87' lang='lat' dir='ltr'>clademque</span> <span class='ocrx_word' id='word_1_27' title='bbox 1246 590 1428 626; x_wconf 84' lang='lat' dir='ltr'>manere,</span> 
     </span>
     <span class='ocr_line' id='line_1_7' title="bbox 429 648 1598 698; baseline 0 -8"><span class='ocrx_word' id='word_1_28' title='bbox 429 649 571 698; x_wconf 84' lang='lat' dir='ltr'>Quom</span> <span class='ocrx_word' id='word_1_29' title='bbox 590 648 756 690; x_wconf 86' lang='lat' dir='ltr'>videant</span> <span class='ocrx_word' id='word_1_30' title='bbox 774 656 931 690; x_wconf 85' lang='lat' dir='ltr'><strong>tantam</strong></span> <span class='ocrx_word' id='word_1_31' title='bbox 950 648 1150 690; x_wconf 81' lang='lat' dir='ltr'>terrarum</span> <span class='ocrx_word' id='word_1_32' title='bbox 1171 650 1407 691; x_wconf 87' lang='lat' dir='ltr'>incumbere</span> <span class='ocrx_word' id='word_1_33' title='bbox 1426 649 1598 691; x_wconf 86' lang='lat' dir='ltr'>molem?</span> 
     </span>
     <span class='ocr_line' id='line_1_8' title="bbox 427 721 1468 777; baseline 0.001 -14"><span class='ocrx_word' id='word_1_34' title='bbox 427 722 571 773; x_wconf 80' lang='lat' dir='ltr'>Quod,</span> <span class='ocrx_word' id='word_1_35' title='bbox 593 722 671 763; x_wconf 90' lang='lat' dir='ltr'>nisi</span> <span class='ocrx_word' id='word_1_36' title='bbox 691 721 894 777; x_wconf 82' lang='lat' dir='ltr'>respirent</span> <span class='ocrx_word' id='word_1_37' title='bbox 914 723 1061 772; x_wconf 89' lang='lat' dir='ltr'>ventei‚</span> <span class='ocrx_word' id='word_1_38' title='bbox 1083 723 1143 763; x_wconf 92' lang='lat' dir='ltr'>vis</span> <span class='ocrx_word' id='word_1_39' title='bbox 1163 723 1273 764; x_wconf 88' lang='lat' dir='ltr'>nulla</span> <span class='ocrx_word' id='word_1_40' title='bbox 1291 722 1468 764; x_wconf 84' lang='lat' dir='ltr'>refrenet</span> 
     </span>
     <span class='ocr_line' id='line_1_9' title="bbox 434 796 1560 852; baseline 0.001 -16"><span class='ocrx_word' id='word_1_41' title='bbox 434 796 533 846; x_wconf 88' lang='lat' dir='ltr'>Res,</span> <span class='ocrx_word' id='word_1_42' title='bbox 554 811 688 851; x_wconf 91' lang='lat' dir='ltr'>neque</span> <span class='ocrx_word' id='word_1_43' title='bbox 708 796 760 836; x_wconf 88' lang='lat' dir='ltr'>ab</span> <span class='ocrx_word' id='word_1_44' title='bbox 780 797 908 837; x_wconf 87' lang='lat' dir='ltr'>exitio</span> <span class='ocrx_word' id='word_1_45' title='bbox 927 797 1055 851; x_wconf 87' lang='lat' dir='ltr'><strong>possit</strong></span> <span class='ocrx_word' id='word_1_46' title='bbox 1073 797 1371 852; x_wconf 84' lang='lat' dir='ltr'>reprehendere</span> <span class='ocrx_word' id='word_1_47' title='bbox 1389 797 1560 838; x_wconf 85' lang='lat' dir='ltr'>eunteis:</span> 
     </span>
     <span class='ocr_line' id='line_1_10' title="bbox 427 869 1528 926; baseline 0.001 -16"><span class='ocrx_word' id='word_1_48' title='bbox 427 869 568 919; x_wconf 91' lang='lat' dir='ltr'>Nunc,</span> <span class='ocrx_word' id='word_1_49' title='bbox 590 869 686 924; x_wconf 86' lang='lat' dir='ltr'>quia</span> <span class='ocrx_word' id='word_1_50' title='bbox 706 869 908 923; x_wconf 83' lang='lat' dir='ltr'>respirant</span> <span class='ocrx_word' id='word_1_51' title='bbox 928 869 1105 920; x_wconf 85' lang='lat' dir='ltr'>alternis,</span> <span class='ocrx_word' id='word_1_52' title='bbox 1127 871 1252 925; x_wconf 90' lang='lat' dir='ltr'>inque</span> <span class='ocrx_word' id='word_1_53' title='bbox 1270 880 1528 926; x_wconf 88' lang='lat' dir='ltr'>gravescunt,</span> 
     </span>
     <span class='ocr_line' id='line_1_11' title="bbox 311 942 1537 999; baseline -0.002 -14"><span class='ocrx_word' id='word_1_54' title='bbox 311 944 396 985; x_wconf 85' lang='lat'>570</span> <span class='ocrx_word' id='word_1_55' title='bbox 427 943 498 994; x_wconf 80' lang='lat' dir='ltr'>Et,</span> <span class='ocrx_word' id='word_1_56' title='bbox 521 942 636 998; x_wconf 85' lang='lat' dir='ltr'>quasi</span> <span class='ocrx_word' id='word_1_57' title='bbox 655 942 864 994; x_wconf 79' lang='lat' dir='ltr'>conlectei,</span> <span class='ocrx_word' id='word_1_58' title='bbox 887 943 1074 995; x_wconf 87' lang='lat' dir='ltr'>redeunt,</span> <span class='ocrx_word' id='word_1_59' title='bbox 1097 944 1328 999; x_wconf 88' lang='lat' dir='ltr'>ceduntque</span> <span class='ocrx_word' id='word_1_60' title='bbox 1347 943 1537 999; x_wconf 80' lang='lat' dir='ltr'>repulsei3</span> 
     </span>
    </p>
   </div>
   <div class='ocr_carea' id='block_1_5' title="bbox 276 1100 1006 1956">
    <p class='ocr_par' dir='ltr' id='par_1_5' title="bbox 276 1100 1006 1956">
     <span class='ocr_line' id='line_1_12' title="bbox 281 1100 1002 1134; baseline 0.004 -3"><span class='ocrx_word' id='word_1_61' title='bbox 281 1103 305 1120; x_wconf 86' lang='lat'><strong>“</strong></span> <span class='ocrx_word' id='word_1_62' title='bbox 323 1101 363 1132; x_wconf 89' lang='lat' dir='ltr'>In</span> <span class='ocrx_word' id='word_1_63' title='bbox 379 1101 497 1132; x_wconf 88' lang='lat' dir='ltr'>Piceno</span> <span class='ocrx_word' id='word_1_64' title='bbox 521 1107 612 1132; x_wconf 84' lang='lat' dir='ltr'>terroe</span> <span class='ocrx_word' id='word_1_65' title='bbox 633 1106 714 1132; x_wconf 76' lang='lat' dir='ltr'>mom</span> <span class='ocrx_word' id='word_1_66' title='bbox 730 1100 888 1132; x_wconf 80' lang='lat' dir='ltr'>domicilia</span> <span class='ocrx_word' id='word_1_67' title='bbox 902 1102 1002 1134; x_wconf 82' lang='lat' dir='ltr'>ruinis</span> 
     </span>
     <span class='ocr_line' id='line_1_13' title="bbox 279 1152 1000 1194; baseline 0.001 -11"><span class='ocrx_word' id='word_1_68' title='bbox 279 1156 303 1172; x_wconf 76' lang='lat'>‘⁶</span> <span class='ocrx_word' id='word_1_69' title='bbox 318 1159 483 1192; x_wconf 83' lang='lat' dir='ltr'>prostrata:</span> <span class='ocrx_word' id='word_1_70' title='bbox 509 1152 664 1194; x_wconf 88' lang='lat' dir='ltr'>quaedam,</span> <span class='ocrx_word' id='word_1_71' title='bbox 683 1153 830 1183; x_wconf 86' lang='lat' dir='ltr'>convulsa</span> <span class='ocrx_word' id='word_1_72' title='bbox 845 1154 917 1184; x_wconf 90' lang='lat' dir='ltr'>sede</span> <span class='ocrx_word' id='word_1_73' title='bbox 932 1153 1000 1191; x_wconf 64' lang='lat' dir='ltr'>sua,</span> 
     </span>
     <span class='ocr_line' id='line_1_14' title="bbox 278 1203 1002 1239; baseline -0.003 -5"><span class='ocrx_word' id='word_1_74' title='bbox 278 1206 302 1223; x_wconf 88' lang='lat'><strong>“</strong></span> <span class='ocrx_word' id='word_1_75' title='bbox 318 1205 469 1234; x_wconf 79' lang='lat' dir='ltr'>inclinata</span> <span class='ocrx_word' id='word_1_76' title='bbox 498 1203 705 1234; x_wconf 78' lang='lat' dir='ltr'>manserunc.’&#39;</span> <span class='ocrx_word' id='word_1_77' title='bbox 764 1203 869 1239; x_wconf 81' lang='lat' dir='ltr'>Quem</span> <span class='ocrx_word' id='word_1_78' title='bbox 897 1203 1002 1233; x_wconf 87' lang='lat' dir='ltr'>locum</span> 
     </span>
     <span class='ocr_line' id='line_1_15' title="bbox 281 1253 1005 1293; baseline -0.004 -8"><span class='ocrx_word' id='word_1_79' title='bbox 281 1264 376 1285; x_wconf 88' lang='lat' dir='ltr'>nemo</span> <span class='ocrx_word' id='word_1_80' title='bbox 384 1253 534 1284; x_wconf 85' lang='lat' dir='ltr'>candidus</span> <span class='ocrx_word' id='word_1_81' title='bbox 543 1253 746 1293; x_wconf 85' lang='lat' dir='ltr'>cordatusque</span> <span class='ocrx_word' id='word_1_82' title='bbox 757 1253 913 1293; x_wconf 83' lang='lat' dir='ltr'>negaverit</span> <span class='ocrx_word' id='word_1_83' title='bbox 923 1263 1005 1283; x_wconf 92' lang='lat' dir='ltr'>com-</span> 
     </span>
     <span class='ocr_line' id='line_1_16' title="bbox 278 1303 1004 1343; baseline -0.004 -7"><span class='ocrx_word' id='word_1_84' title='bbox 278 1305 435 1336; x_wconf 86' lang='lat' dir='ltr'>mendatae</span> <span class='ocrx_word' id='word_1_85' title='bbox 459 1305 617 1343; x_wconf 89' lang='lat' dir='ltr'>scripturae</span> <span class='ocrx_word' id='word_1_86' title='bbox 641 1303 729 1333; x_wconf 81' lang='lat' dir='ltr'>valde</span> <span class='ocrx_word' id='word_1_87' title='bbox 751 1304 927 1342; x_wconf 89' lang='lat' dir='ltr'>appositum</span> <span class='ocrx_word' id='word_1_88' title='bbox 950 1303 1004 1333; x_wconf 81' lang='lat' dir='ltr'>ad-</span> 
     </span>
     <span class='ocr_line' id='line_1_17' title="bbox 278 1355 1001 1396; baseline -0.007 -7"><span class='ocrx_word' id='word_1_89' title='bbox 278 1368 352 1389; x_wconf 83' lang='lat' dir='ltr'>esse.</span> <span class='ocrx_word' id='word_1_90' title='bbox 388 1358 423 1387; x_wconf 91' lang='lat' dir='ltr'>P.</span> <span class='ocrx_word' id='word_1_91' title='bbox 451 1357 490 1387; x_wconf 93' lang='lat' dir='ltr'>O.</span> <span class='ocrx_word' id='word_1_92' title='bbox 515 1363 559 1386; x_wconf 83' lang='grc' dir='ltr'>Ω..</span> <span class='ocrx_word' id='word_1_93' title='bbox 592 1358 727 1391; x_wconf 62' lang='lat' dir='ltr'>mimmii,-</span> <span class='ocrx_word' id='word_1_94' title='bbox 759 1356 854 1385; x_wconf 83' lang='lat' dir='ltr'>etiam</span> <span class='ocrx_word' id='word_1_95' title='bbox 877 1355 1001 1396; x_wconf 86' lang='lat' dir='ltr'>elegan-</span> 
     </span>
     <span class='ocr_line' id='line_1_18' title="bbox 279 1407 1003 1448; baseline -0.008 -8"><span class='ocrx_word' id='word_1_96' title='bbox 279 1415 338 1448; x_wconf 85' lang='lat' dir='ltr'>ter,</span> <span class='ocrx_word' id='word_1_97' title='bbox 358 1409 419 1439; x_wconf 88' lang='lat' dir='ltr'>nisi</span> <span class='ocrx_word' id='word_1_98' title='bbox 434 1418 544 1440; x_wconf 79' lang='lat' dir='ltr'>caussa</span> <span class='ocrx_word' id='word_1_99' title='bbox 553 1407 621 1447; x_wconf 85' lang='lat' dir='ltr'>jam</span> <span class='ocrx_word' id='word_1_100' title='bbox 636 1407 762 1437; x_wconf 85' lang='lat' dir='ltr'>admota</span> <span class='ocrx_word' id='word_1_101' title='bbox 777 1407 890 1446; x_wconf 81' lang='lat' dir='ltr'>pariter</span> <span class='ocrx_word' id='word_1_102' title='bbox 905 1408 1003 1447; x_wconf 83' lang='lat' dir='ltr'>impe.</span> 
     </span>
     <span class='ocr_line' id='line_1_19' title="bbox 278 1459 1004 1493; baseline -0.004 0"><span class='ocrx_word' id='word_1_103' title='bbox 278 1462 366 1493; x_wconf 85' lang='lat' dir='ltr'>diret.</span> <span class='ocrx_word' id='word_1_104' title='bbox 413 1461 492 1490; x_wconf 78' lang='lat' dir='ltr'>Sane</span> <span class='ocrx_word' id='word_1_105' title='bbox 508 1460 636 1489; x_wconf 90' lang='lat' dir='ltr'>verbum</span> <span class='ocrx_word' id='word_1_106' title='bbox 651 1461 769 1489; x_wconf 81' lang='lat' dir='ltr'>minant</span> <span class='ocrx_word' id='word_1_107' title='bbox 792 1459 937 1489; x_wconf 89' lang='lat' dir='ltr'>domibus</span> <span class='ocrx_word' id='word_1_108' title='bbox 962 1462 1004 1490; x_wconf 86' lang='lat' dir='ltr'>ad</span> 
     </span>
     <span class='ocr_line' id='line_1_20' title="bbox 279 1510 1002 1550; baseline -0.003 -6"><span class='ocrx_word' id='word_1_109' title='bbox 279 1515 385 1544; x_wconf 78' lang='lat' dir='ltr'>coelnm</span> <span class='ocrx_word' id='word_1_110' title='bbox 399 1512 489 1542; x_wconf 75' lang='lat' dir='ltr'>editis</span> <span class='ocrx_word' id='word_1_111' title='bbox 504 1510 642 1548; x_wconf 83' lang='lat' dir='ltr'>apprime</span> <span class='ocrx_word' id='word_1_112' title='bbox 658 1510 811 1550; x_wconf 84' lang='lat' dir='ltr'>congruit.</span> <span class='ocrx_word' id='word_1_113' title='bbox 859 1511 1002 1542; x_wconf 82' lang='lat' dir='ltr'>Ammia-</span> 
     </span>
     <span class='ocr_line' id='line_1_21' title="bbox 277 1561 1003 1598; baseline -0.003 -4"><span class='ocrx_word' id='word_1_114' title='bbox 277 1574 338 1594; x_wconf 87' lang='lat' dir='ltr'>nus</span> <span class='ocrx_word' id='word_1_115' title='bbox 358 1561 573 1598; x_wconf 77' lang='lat' dir='ltr'>Marcellinus,</span> <span class='ocrx_word' id='word_1_116' title='bbox 599 1561 682 1590; x_wconf 82' lang='lat' dir='ltr'>xxix.</span> <span class='ocrx_word' id='word_1_117' title='bbox 707 1564 808 1592; x_wconf 92' lang='lat'>6.—“</span> <span class='ocrx_word' id='word_1_118' title='bbox 824 1571 1003 1593; x_wconf 91' lang='lat' dir='ltr'>murorum-</span> 
     </span>
     <span class='ocr_line' id='line_1_22' title="bbox 278 1611 1006 1655; baseline 0.001 -12"><span class='ocrx_word' id='word_1_119' title='bbox 278 1618 301 1633; x_wconf 84' lang='lat'><strong><em>“</em></strong></span> <span class='ocrx_word' id='word_1_120' title='bbox 314 1624 374 1655; x_wconf 86' lang='lat' dir='ltr'>que</span> <span class='ocrx_word' id='word_1_121' title='bbox 385 1612 555 1642; x_wconf 84' lang='lat' dir='ltr'>maximam</span> <span class='ocrx_word' id='word_1_122' title='bbox 565 1617 697 1650; x_wconf 83' lang='lat' dir='ltr'>partem,</span> <span class='ocrx_word' id='word_1_123' title='bbox 706 1612 790 1650; x_wconf 85' lang='lat' dir='ltr'>pacis</span> <span class='ocrx_word' id='word_1_124' title='bbox 801 1611 1006 1644; x_wconf 85' lang='lat' dir='ltr'>diuturnitate</span> 
     </span>
     <span class='ocr_line' id='line_1_23' title="bbox 276 1664 1004 1705; baseline 0 -9"><span class='ocrx_word' id='word_1_125' title='bbox 276 1670 299 1685; x_wconf 90' lang='lat'>“</span> <span class='ocrx_word' id='word_1_126' title='bbox 312 1670 504 1704; x_wconf 67' lang='lat' dir='ltr'>enumquam,</span> <span class='ocrx_word' id='word_1_127' title='bbox 527 1670 558 1694; x_wconf 84' lang='lat' dir='ltr'>et</span> <span class='ocrx_word' id='word_1_128' title='bbox 579 1665 771 1701; x_wconf 86' lang='lat' dir='ltr'>subversam,</span> <span class='ocrx_word' id='word_1_129' title='bbox 791 1664 929 1705; x_wconf 89' lang='lat' dir='ltr'>adusque</span> <span class='ocrx_word' id='word_1_130' title='bbox 944 1667 1004 1696; x_wconf 80' lang='lat' dir='ltr'>cel-</span> 
     </span>
     <span class='ocr_line' id='line_1_24' title="bbox 278 1715 1004 1754; baseline -0.004 -6"><span class='ocrx_word' id='word_1_131' title='bbox 278 1721 301 1736; x_wconf 89' lang='lat'>“</span> <span class='ocrx_word' id='word_1_132' title='bbox 317 1728 420 1748; x_wconf 85' lang='lat' dir='ltr'>sarum</span> <span class='ocrx_word' id='word_1_133' title='bbox 446 1717 580 1746; x_wconf 78' lang='lat' dir='ltr'>turrium</span> <span class='ocrx_word' id='word_1_134' title='bbox 607 1716 707 1745; x_wconf 69' lang='lat' dir='ltr'>&#39;artinas</span> <span class='ocrx_word' id='word_1_135' title='bbox 737 1715 907 1754; x_wconf 82' lang='lat' dir='ltr'>expediit.”</span> <span class='ocrx_word' id='word_1_136' title='bbox 954 1716 1004 1746; x_wconf 86' lang='lat' dir='ltr'>Sic</span> 
     </span>
     <span class='ocr_line' id='line_1_25' title="bbox 277 1765 1001 1809; baseline -0.006 -10"><span class='ocrx_word' id='word_1_137' title='bbox 277 1768 462 1809; x_wconf 78' lang='lat' dir='ltr'>legendum:</span> <span class='ocrx_word' id='word_1_138' title='bbox 481 1765 586 1806; x_wconf 83' lang='lat' dir='ltr'>vulgo,</span> <span class='ocrx_word' id='word_1_139' title='bbox 599 1772 811 1804; x_wconf 59' lang='lat' dir='ltr'>contemptam</span> <span class='ocrx_word' id='word_1_140' title='bbox 828 1776 898 1806; x_wconf 87' lang='lat' dir='ltr'>quae</span> <span class='ocrx_word' id='word_1_141' title='bbox 913 1776 1001 1796; x_wconf 87' lang='lat' dir='ltr'>men-</span> 
     </span>
     <span class='ocr_line' id='line_1_26' title="bbox 277 1818 1001 1857; baseline -0.007 -6"><span class='ocrx_word' id='word_1_142' title='bbox 277 1820 319 1851; x_wconf 89' lang='lat' dir='ltr'>da</span> <span class='ocrx_word' id='word_1_143' title='bbox 340 1818 505 1857; x_wconf 83' lang='lat' dir='ltr'>scriptione</span> <span class='ocrx_word' id='word_1_144' title='bbox 535 1823 746 1857; x_wconf 71' lang='lat' dir='ltr'>com-amptum</span> <span class='ocrx_word' id='word_1_145' title='bbox 775 1822 923 1857; x_wconf 82' lang='lat' dir='ltr'>generata</span> <span class='ocrx_word' id='word_1_146' title='bbox 945 1823 1001 1847; x_wconf 88' lang='lat' dir='ltr'>est.</span> 
     </span>
     <span class='ocr_line' id='line_1_27' title="bbox 278 1867 1001 1908; baseline -0.006 -7"><span class='ocrx_word' id='word_1_147' title='bbox 278 1871 414 1908; x_wconf 85' lang='lat' dir='ltr'>Nempe,</span> <span class='ocrx_word' id='word_1_148' title='bbox 432 1867 645 1897; x_wconf 84' lang='lat' dir='ltr'>floridissimus</span> <span class='ocrx_word' id='word_1_149' title='bbox 656 1867 819 1897; x_wconf 76' lang='lat' dir='ltr'>historicus</span> <span class='ocrx_word' id='word_1_150' title='bbox 834 1868 1001 1898; x_wconf 75' lang='lat' dir='ltr'>Maronem</span> 
     </span>
     <span class='ocr_line' id='line_1_28' title="bbox 278 1919 806 1956; baseline -0.008 -2"><span class='ocrx_word' id='word_1_151' title='bbox 278 1920 420 1954; x_wconf 81' lang='lat' dir='ltr'>aemulari</span> <span class='ocrx_word' id='word_1_152' title='bbox 435 1920 539 1956; x_wconf 84' lang='lat' dir='ltr'>voluit,</span> <span class='ocrx_word' id='word_1_153' title='bbox 555 1919 595 1950; x_wconf 91' lang='lat' dir='ltr'>ad</span> <span class='ocrx_word' id='word_1_154' title='bbox 612 1921 686 1950; x_wconf 87' lang='lat' dir='ltr'>AEn.</span> <span class='ocrx_word' id='word_1_155' title='bbox 701 1919 740 1950; x_wconf 86' lang='lat' dir='ltr'>iv.</span> <span class='ocrx_word' id='word_1_156' title='bbox 755 1923 806 1950; x_wconf 81' lang='lat'>88.</span> 
     </span>
    </p>
   </div>
   <div class='ocr_carea' id='block_1_6' title="bbox 310 2001 966 2072">
    <p class='ocr_par' dir='ltr' id='par_1_6' title="bbox 310 2001 966 2072">
     <span class='ocr_line' id='line_1_29' title="bbox 441 2001 962 2034; baseline 0.002 -8"><span class='ocrx_word' id='word_1_157' title='bbox 441 2002 560 2034; x_wconf 81' lang='lat' dir='ltr'>pendent</span> <span class='ocrx_word' id='word_1_158' title='bbox 572 2009 652 2034; x_wconf 78' lang='lat' dir='ltr'>opera</span> <span class='ocrx_word' id='word_1_159' title='bbox 662 2002 822 2034; x_wconf 86' lang='lat' dir='ltr'>interrupta,</span> <span class='ocrx_word' id='word_1_160' title='bbox 833 2001 962 2034; x_wconf 78' lang='lat' dir='ltr'>minaeque</span> 
     </span>
     <span class='ocr_line' id='line_1_30' title="bbox 310 2040 966 2072; baseline -0.002 -5"><span class='ocrx_word' id='word_1_161' title='bbox 310 2044 445 2067; x_wconf 85' lang='lat' dir='ltr'>Murorum</span> <span class='ocrx_word' id='word_1_162' title='bbox 455 2040 587 2072; x_wconf 81' lang='lat' dir='ltr'>ingentes,</span> <span class='ocrx_word' id='word_1_163' title='bbox 598 2044 752 2072; x_wconf 74' lang='lat' dir='ltr'>equumque</span> <span class='ocrx_word' id='word_1_164' title='bbox 763 2041 887 2067; x_wconf 83' lang='lat' dir='ltr'>machina</span> <span class='ocrx_word' id='word_1_165' title='bbox 897 2042 966 2066; x_wconf 83' lang='lat' dir='ltr'>coelo.</span> 
     </span>
    </p>
   </div>
   <div class='ocr_carea' id='block_1_7' title="bbox 309 2015 432 2024">
    <p class='ocr_par' dir='ltr' id='par_1_7' title="bbox 309 2015 432 2024">
     <span class='ocr_line' id='line_1_31' title="bbox 309 2015 432 2024; baseline 0 1200"><span class='ocrx_word' id='word_1_166' title='bbox 309 2015 432 2024; x_wconf 95' lang='lat' dir='ltr'> </span> 
     </span>
    </p>
   </div>
   <div class='ocr_carea' id='block_1_8' title="bbox 279 2119 1001 2210">
    <p class='ocr_par' dir='ltr' id='par_1_8' title="bbox 279 2119 1001 2210">
     <span class='ocr_line' id='line_1_32' title="bbox 280 2119 1001 2152; baseline -0.003 0"><span class='ocrx_word' id='word_1_167' title='bbox 280 2119 345 2152; x_wconf 91' lang='lat' dir='ltr'>Ubi</span> <span class='ocrx_word' id='word_1_168' title='bbox 360 2119 464 2150; x_wconf 86' lang='lat' dir='ltr'>videas</span> <span class='ocrx_word' id='word_1_169' title='bbox 481 2119 624 2149; x_wconf 86' lang='lat' dir='ltr'>Servium</span> <span class='ocrx_word' id='word_1_170' title='bbox 639 2129 674 2149; x_wconf 86' lang='lat' dir='ltr'>ac</span> <span class='ocrx_word' id='word_1_171' title='bbox 690 2119 921 2150; x_wconf 82' lang='lat' dir='ltr'>Burmannum.</span> <span class='ocrx_word' id='word_1_172' title='bbox 954 2120 1001 2151; x_wconf 86' lang='lat' dir='ltr'>Si-</span> 
     </span>
     <span class='ocr_line' id='line_1_33' title="bbox 279 2169 971 2210; baseline 0 -9"><span class='ocrx_word' id='word_1_173' title='bbox 279 2171 396 2202; x_wconf 89' lang='lat' dir='ltr'>militer</span> <span class='ocrx_word' id='word_1_174' title='bbox 412 2169 557 2201; x_wconf 83' lang='lat' dir='ltr'>Avienus</span> <span class='ocrx_word' id='word_1_175' title='bbox 571 2179 704 2210; x_wconf 89' lang='lat' dir='ltr'>quoque,</span> <span class='ocrx_word' id='word_1_176' title='bbox 722 2180 764 2200; x_wconf 90' lang='lat' dir='ltr'>or.</span> <span class='ocrx_word' id='word_1_177' title='bbox 781 2171 882 2201; x_wconf 85' lang='lat' dir='ltr'>marit.</span> <span class='ocrx_word' id='word_1_178' title='bbox 901 2174 971 2201; x_wconf 84' lang='lat'>138.</span> 
     </span>
    </p>
   </div>
   <div class='ocr_carea' id='block_1_9' title="bbox 340 2250 940 2316">
    <p class='ocr_par' dir='ltr' id='par_1_9' title="bbox 340 2250 940 2316">
     <span class='ocr_line' id='line_1_34' title="bbox 340 2250 940 2283; baseline -0.002 -7"><span class='ocrx_word' id='word_1_179' title='bbox 340 2251 498 2283; x_wconf 83' lang='lat' dir='ltr'>Rigidaeque</span> <span class='ocrx_word' id='word_1_180' title='bbox 509 2257 597 2282; x_wconf 70' lang='grc' dir='ltr'>τηρεε,</span> <span class='ocrx_word' id='word_1_181' title='bbox 612 2254 694 2282; x_wconf 87' lang='lat' dir='ltr'>atque</span> <span class='ocrx_word' id='word_1_182' title='bbox 704 2251 842 2276; x_wconf 86' lang='lat' dir='ltr'>montium</span> <span class='ocrx_word' id='word_1_183' title='bbox 853 2250 940 2281; x_wconf 64' lang='lat' dir='ltr'>minae,</span> 
     </span>
     <span class='ocr_line' id='line_1_35' title="bbox 341 2291 636 2316; baseline -0.003 0"><span class='ocrx_word' id='word_1_184' title='bbox 341 2291 402 2316; x_wconf 83' lang='lat' dir='ltr'>Coelo</span> <span class='ocrx_word' id='word_1_185' title='bbox 414 2291 636 2316; x_wconf 72' lang='lat' dir='ltr'>uiseruntur—.</span> 
     </span>
    </p>
   </div>
   <div class='ocr_carea' id='block_1_10' title="bbox 279 2362 1008 2503">
    <p class='ocr_par' dir='ltr' id='par_1_10' title="bbox 279 2362 1008 2503">
     <span class='ocr_line' id='line_1_36' title="bbox 281 2362 1005 2403; baseline -0.003 -9"><span class='ocrx_word' id='word_1_186' title='bbox 281 2363 336 2394; x_wconf 91' lang='lat' dir='ltr'>Ad</span> <span class='ocrx_word' id='word_1_187' title='bbox 359 2372 468 2392; x_wconf 89' lang='lat' dir='ltr'>meum</span> <span class='ocrx_word' id='word_1_188' title='bbox 491 2362 588 2402; x_wconf 86' lang='lat' dir='ltr'>igitur</span> <span class='ocrx_word' id='word_1_189' title='bbox 613 2368 741 2403; x_wconf 85' lang='lat' dir='ltr'>gustum</span> <span class='ocrx_word' id='word_1_190' title='bbox 757 2368 789 2392; x_wconf 89' lang='lat' dir='ltr'>et</span> <span class='ocrx_word' id='word_1_191' title='bbox 803 2362 965 2393; x_wconf 86' lang='lat' dir='ltr'>arbitrium</span> <span class='ocrx_word' id='word_1_192' title='bbox 979 2362 1005 2393; x_wconf 89' lang='lat' dir='ltr'>si</span> 
     </span>
     <span class='ocr_line' id='line_1_37' title="bbox 279 2413 1008 2454; baseline -0.001 -9"><span class='ocrx_word' id='word_1_193' title='bbox 279 2414 375 2445; x_wconf 89' lang='lat' dir='ltr'>modo</span> <span class='ocrx_word' id='word_1_194' title='bbox 390 2413 561 2445; x_wconf 85' lang='lat' dir='ltr'>deferretur</span> <span class='ocrx_word' id='word_1_195' title='bbox 585 2424 645 2451; x_wconf 68' lang='grc' dir='ltr'>τες,</span> <span class='ocrx_word' id='word_1_196' title='bbox 671 2423 729 2444; x_wconf 90' lang='lat' dir='ltr'>nec</span> <span class='ocrx_word' id='word_1_197' title='bbox 753 2414 853 2454; x_wconf 88' lang='lat' dir='ltr'>major</span> <span class='ocrx_word' id='word_1_198' title='bbox 878 2424 949 2453; x_wconf 89' lang='lat' dir='ltr'>pars</span> <span class='ocrx_word' id='word_1_199' title='bbox 973 2423 1008 2444; x_wconf 92' lang='lat' dir='ltr'>e-</span> 
     </span>
     <span class='ocr_line' id='line_1_38' title="bbox 281 2464 1005 2503; baseline -0.001 -7"><span class='ocrx_word' id='word_1_200' title='bbox 281 2465 513 2496; x_wconf 83' lang='lat' dir='ltr'>mendatiorum</span> <span class='ocrx_word' id='word_1_201' title='bbox 535 2464 679 2495; x_wconf 85' lang='lat' dir='ltr'>codicum</span> <span class='ocrx_word' id='word_1_202' title='bbox 704 2466 850 2503; x_wconf 84' lang='lat' dir='ltr'>obstaret,</span> <span class='ocrx_word' id='word_1_203' title='bbox 871 2464 915 2495; x_wconf 81' lang='lat' dir='ltr'>ita</span> <span class='ocrx_word' id='word_1_204' title='bbox 938 2475 1005 2495; x_wconf 85' lang='lat' dir='ltr'>ver-</span> 
     </span>
    </p>
   </div>
   <div class='ocr_carea' id='block_1_11' title="bbox 282 2518 711 2551">
    <p class='ocr_par' dir='ltr' id='par_1_11' title="bbox 282 2518 711 2551">
     <span class='ocr_line' id='line_1_39' title="bbox 282 2518 711 2551; baseline -0.005 0"><span class='ocrx_word' id='word_1_205' title='bbox 282 2530 354 2551; x_wconf 85' lang='lat' dir='ltr'>sum</span> <span class='ocrx_word' id='word_1_206' title='bbox 372 2519 576 2550; x_wconf 83' lang='lat' dir='ltr'>constitutum</span> <span class='ocrx_word' id='word_1_207' title='bbox 591 2518 711 2549; x_wconf 87' lang='lat' dir='ltr'>darem:</span> 
     </span>
    </p>
   </div>
   <div class='ocr_carea' id='block_1_12' title="bbox 310 2599 984 2632">
    <p class='ocr_par' dir='ltr' id='par_1_12' title="bbox 310 2599 984 2632">
     <span class='ocr_line' id='line_1_40' title="bbox 310 2599 984 2632; baseline -0.001 -7"><span class='ocrx_word' id='word_1_208' title='bbox 310 2599 441 2626; x_wconf 82' lang='lat' dir='ltr'>Inclinata</span> <span class='ocrx_word' id='word_1_209' title='bbox 450 2600 549 2625; x_wconf 74' lang='lat' dir='ltr'>minant</span> <span class='ocrx_word' id='word_1_210' title='bbox 559 2600 586 2624; x_wconf 86' lang='lat' dir='ltr'>in</span> <span class='ocrx_word' id='word_1_211' title='bbox 597 2600 733 2630; x_wconf 80' lang='lat' dir='ltr'>eamdem,</span> <span class='ocrx_word' id='word_1_212' title='bbox 744 2600 858 2632; x_wconf 81' lang='lat' dir='ltr'>prodita,</span> <span class='ocrx_word' id='word_1_213' title='bbox 869 2602 984 2631; x_wconf 82' lang='lat' dir='ltr'>partem.</span> 
     </span>
    </p>
   </div>
   <div class='ocr_carea' id='block_1_13' title="bbox 281 2662 1006 2805">
    <p class='ocr_par' dir='ltr' id='par_1_13' title="bbox 281 2662 1006 2805">
     <span class='ocr_line' id='line_1_41' title="bbox 282 2662 1005 2703; baseline -0.001 -10"><span class='ocrx_word' id='word_1_214' title='bbox 282 2663 350 2694; x_wconf 85' lang='lat' dir='ltr'>Nee</span> <span class='ocrx_word' id='word_1_215' title='bbox 364 2663 484 2694; x_wconf 84' lang='lat' dir='ltr'>inficias</span> <span class='ocrx_word' id='word_1_216' title='bbox 498 2663 608 2693; x_wconf 91' lang='lat' dir='ltr'>iverim</span> <span class='ocrx_word' id='word_1_217' title='bbox 630 2669 742 2694; x_wconf 87' lang='lat' dir='ltr'>nostrae</span> <span class='ocrx_word' id='word_1_218' title='bbox 766 2663 857 2693; x_wconf 87' lang='lat' dir='ltr'>tmesi</span> <span class='ocrx_word' id='word_1_219' title='bbox 873 2662 1005 2703; x_wconf 82' lang='lat' dir='ltr'>Virgili-</span> 
     </span>
     <span class='ocr_line' id='line_1_42' title="bbox 281 2713 1006 2751; baseline -0.001 -7"><span class='ocrx_word' id='word_1_220' title='bbox 281 2723 338 2744; x_wconf 91' lang='lat' dir='ltr'>um</span> <span class='ocrx_word' id='word_1_221' title='bbox 353 2714 498 2744; x_wconf 88' lang='lat' dir='ltr'>nonnihil</span> <span class='ocrx_word' id='word_1_222' title='bbox 516 2715 633 2745; x_wconf 87' lang='lat' dir='ltr'>interea</span> <span class='ocrx_word' id='word_1_223' title='bbox 643 2714 805 2751; x_wconf 85' lang='lat' dir='ltr'>adversari,</span> <span class='ocrx_word' id='word_1_224' title='bbox 819 2713 858 2744; x_wconf 85' lang='lat' dir='ltr'>ad</span> <span class='ocrx_word' id='word_1_225' title='bbox 870 2714 945 2744; x_wconf 87' lang='lat' dir='ltr'>AEn.</span> <span class='ocrx_word' id='word_1_226' title='bbox 954 2713 1006 2744; x_wconf 80' lang='lat' dir='ltr'>xii.</span> 
     </span>
     <span class='ocr_line' id='line_1_43' title="bbox 282 2765 694 2805; baseline 0 -9"><span class='ocrx_word' id='word_1_227' title='bbox 282 2767 333 2796; x_wconf 88' lang='grc'>59.</span> <span class='ocrx_word' id='word_1_228' title='bbox 356 2765 509 2805; x_wconf 85' lang='lat' dir='ltr'>regimine</span> <span class='ocrx_word' id='word_1_229' title='bbox 525 2766 590 2805; x_wconf 88' lang='lat' dir='ltr'>pari</span> <span class='ocrx_word' id='word_1_230' title='bbox 606 2777 694 2796; x_wconf 83' lang='lat' dir='ltr'>usus:</span> 
     </span>
    </p>
   </div>
   <div class='ocr_carea' id='block_1_14' title="bbox 417 2836 975 2864">
    <p class='ocr_par' dir='ltr' id='par_1_14' title="bbox 417 2836 975 2864">
     <span class='ocr_line' id='line_1_44' title="bbox 417 2836 975 2864; baseline 0 -3"><span class='ocrx_word' id='word_1_231' title='bbox 417 2837 443 2861; x_wconf 82' lang='lat' dir='ltr'>in</span> <span class='ocrx_word' id='word_1_232' title='bbox 453 2842 481 2862; x_wconf 87' lang='lat' dir='ltr'>te</span> <span class='ocrx_word' id='word_1_233' title='bbox 495 2838 583 2863; x_wconf 85' lang='lat' dir='ltr'>omnis</span> <span class='ocrx_word' id='word_1_234' title='bbox 593 2840 688 2864; x_wconf 85' lang='lat' dir='ltr'>domus</span> <span class='ocrx_word' id='word_1_235' title='bbox 699 2838 821 2863; x_wconf 76' lang='lat' dir='ltr'>inclinata</span> <span class='ocrx_word' id='word_1_236' title='bbox 833 2836 975 2863; x_wconf 88' lang='lat' dir='ltr'>recumbit.</span> 
     </span>
    </p>
   </div>
   <div class='ocr_carea' id='block_1_15' title="bbox 314 2849 407 2857">
    <p class='ocr_par' dir='ltr' id='par_1_15' title="bbox 314 2849 407 2857">
     <span class='ocr_line' id='line_1_45' title="bbox 314 2849 407 2857; baseline 0 0"><span class='ocrx_word' id='word_1_237' title='bbox 314 2849 407 2857; x_wconf 95' lang='lat' dir='ltr'> </span> 
     </span>
    </p>
   </div>
   <div class='ocr_carea' id='block_1_16' title="bbox 283 2906 1006 2950">
    <p class='ocr_par' dir='ltr' id='par_1_16' title="bbox 283 2906 1006 2950">
     <span class='ocr_line' id='line_1_46' title="bbox 283 2906 1006 2950; baseline 0 -12"><span class='ocrx_word' id='word_1_238' title='bbox 283 2907 348 2939; x_wconf 84' lang='lat' dir='ltr'>Sed</span> <span class='ocrx_word' id='word_1_239' title='bbox 362 2907 448 2938; x_wconf 86' lang='lat' dir='ltr'>enim</span> <span class='ocrx_word' id='word_1_240' title='bbox 464 2908 622 2950; x_wconf 81' lang='lat' dir='ltr'>integrum</span> <span class='ocrx_word' id='word_1_241' title='bbox 636 2910 675 2940; x_wconf 86' lang='lat' dir='ltr'>sit</span> <span class='ocrx_word' id='word_1_242' title='bbox 693 2909 851 2950; x_wconf 82' lang='lat' dir='ltr'>judicium</span> <span class='ocrx_word' id='word_1_243' title='bbox 877 2906 1006 2939; x_wconf 83' lang='lat' dir='ltr'>lectoris.</span> 
     </span>
    </p>
   </div>
   <div class='ocr_carea' id='block_1_17' title="bbox 1044 1098 1814 1191">
    <p class='ocr_par' dir='ltr' id='par_1_17' title="bbox 1044 1098 1814 1191">
     <span class='ocr_line' id='line_1_47' title="bbox 1044 1098 1814 1139; baseline -0.001 -6"><span class='ocrx_word' id='word_1_244' title='bbox 1044 1102 1254 1139; x_wconf 86' lang='lat' dir='ltr'>-Caeterum‚</span> <span class='ocrx_word' id='word_1_245' title='bbox 1269 1099 1363 1130; x_wconf 86' lang='lat' dir='ltr'>Vind.</span> <span class='ocrx_word' id='word_1_246' title='bbox 1375 1100 1419 1130; x_wconf 90' lang='lat' dir='ltr'>V.</span> <span class='ocrx_word' id='word_1_247' title='bbox 1431 1098 1480 1130; x_wconf 86' lang='lat' dir='ltr'>ed.</span> <span class='ocrx_word' id='word_1_248' title='bbox 1495 1100 1611 1135; x_wconf 66' lang='lat' dir='ltr'>eadem</span> <span class='ocrx_word' id='word_1_249' title='bbox 1630 1104 1663 1130; x_wconf 86' lang='lat' dir='ltr'>et</span> <span class='ocrx_word' id='word_1_250' title='bbox 1674 1099 1771 1133; x_wconf 86' lang='lat' dir='ltr'>Vind.</span> <span class='ocrx_word' id='word_1_251' title='bbox 1807 1108 1814 1121; x_wconf 40' lang='lat' dir='ltr'>N</span> 
     </span>
     <span class='ocr_line' id='line_1_48' title="bbox 1046 1154 1205 1191; baseline -0.006 -9"><span class='ocrx_word' id='word_1_252' title='bbox 1046 1157 1080 1182; x_wconf 96' lang='grc' dir='ltr'>Δ.</span> <span class='ocrx_word' id='word_1_253' title='bbox 1091 1154 1205 1191; x_wconf 77' lang='lat' dir='ltr'>prodit.</span> 
     </span>
    </p>
   </div>
   <div class='ocr_carea' id='block_1_18' title="bbox 1043 1208 1774 1505">
    <p class='ocr_par' dir='ltr' id='par_1_18' title="bbox 1043 1208 1774 1505">
     <span class='ocr_line' id='line_1_49' title="bbox 1093 1208 1774 1250; baseline 0.003 -10"><span class='ocrx_word' id='word_1_254' title='bbox 1093 1210 1172 1240; x_wconf 89' lang='lat' dir='ltr'>Ibid.</span> <span class='ocrx_word' id='word_1_255' title='bbox 1198 1211 1340 1250; x_wconf 78' lang='lat' dir='ltr'>prodita:</span> <span class='ocrx_word' id='word_1_256' title='bbox 1378 1208 1398 1239; x_wconf 88' lang='lat' dir='ltr'>i.</span> <span class='ocrx_word' id='word_1_257' title='bbox 1420 1218 1449 1239; x_wconf 90' lang='lat' dir='ltr'>e.</span> <span class='ocrx_word' id='word_1_258' title='bbox 1477 1219 1571 1249; x_wconf 78' lang='lat' dir='ltr'>porro</span> <span class='ocrx_word' id='word_1_259' title='bbox 1593 1211 1680 1249; x_wconf 78' lang='lat' dir='ltr'>data,</span> <span class='ocrx_word' id='word_1_260' title='bbox 1709 1210 1774 1242; x_wconf 84' lang='lat' dir='ltr'>sive</span> 
     </span>
     <span class='ocr_line' id='line_1_50' title="bbox 1043 1259 1773 1302; baseline 0.005 -13"><span class='ocrx_word' id='word_1_261' title='bbox 1043 1261 1195 1300; x_wconf 74' lang='lat' dir='ltr'>prqy&#39;ecta;</span> <span class='ocrx_word' id='word_1_262' title='bbox 1219 1261 1253 1290; x_wconf 90' lang='lat' dir='ltr'>in</span> <span class='ocrx_word' id='word_1_263' title='bbox 1269 1259 1416 1299; x_wconf 86' lang='lat' dir='ltr'>primario</span> <span class='ocrx_word' id='word_1_264' title='bbox 1430 1260 1512 1290; x_wconf 86' lang='lat' dir='ltr'>vocis</span> <span class='ocrx_word' id='word_1_265' title='bbox 1526 1270 1632 1292; x_wconf 87' lang='lat' dir='ltr'>sensu:</span> <span class='ocrx_word' id='word_1_266' title='bbox 1650 1267 1686 1292; x_wconf 87' lang='lat' dir='ltr'>ut</span> <span class='ocrx_word' id='word_1_267' title='bbox 1699 1272 1773 1302; x_wconf 86' lang='lat' dir='ltr'>pro-</span> 
     </span>
     <span class='ocr_line' id='line_1_51' title="bbox 1047 1310 1774 1350; baseline 0.004 -9"><span class='ocrx_word' id='word_1_268' title='bbox 1047 1311 1130 1341; x_wconf 81' lang='lat' dir='ltr'>fecto</span> <span class='ocrx_word' id='word_1_269' title='bbox 1144 1311 1296 1350; x_wconf 83' lang='lat' dir='ltr'>superius,</span> <span class='ocrx_word' id='word_1_270' title='bbox 1319 1310 1362 1341; x_wconf 86' lang='lat' dir='ltr'>iii.</span> <span class='ocrx_word' id='word_1_271' title='bbox 1378 1314 1449 1341; x_wconf 79' lang='lat'>602.</span> <span class='ocrx_word' id='word_1_272' title='bbox 1495 1311 1671 1343; x_wconf 90' lang='lat' dir='ltr'>Commode</span> <span class='ocrx_word' id='word_1_273' title='bbox 1684 1319 1774 1344; x_wconf 84' lang='lat' dir='ltr'>vetus</span> 
     </span>
     <span class='ocr_line' id='line_1_52' title="bbox 1045 1365 1774 1407; baseline 0.004 -12"><span class='ocrx_word' id='word_1_274' title='bbox 1045 1365 1207 1405; x_wconf 75' lang='lat' dir='ltr'>glossator:</span> <span class='ocrx_word' id='word_1_275' title='bbox 1224 1367 1365 1402; x_wconf 77' lang='lat' dir='ltr'>Prodita,</span> <span class='ocrx_word' id='word_1_276' title='bbox 1377 1370 1641 1396; x_wconf 75' lang='grc' dir='ltr'><strong>ΠΡΟΚΕΙΜΕΝΗ.</strong></span> <span class='ocrx_word' id='word_1_277' title='bbox 1661 1366 1774 1407; x_wconf 81' lang='lat' dir='ltr'>Neque</span> 
     </span>
     <span class='ocr_line' id='line_1_53' title="bbox 1045 1416 1771 1456; baseline 0.003 -9"><span class='ocrx_word' id='word_1_278' title='bbox 1045 1417 1135 1447; x_wconf 87' lang='lat' dir='ltr'>aliter</span> <span class='ocrx_word' id='word_1_279' title='bbox 1150 1417 1184 1446; x_wconf 89' lang='lat' dir='ltr'>in</span> <span class='ocrx_word' id='word_1_280' title='bbox 1198 1416 1424 1456; x_wconf 83' lang='lat' dir='ltr'>appositissimo</span> <span class='ocrx_word' id='word_1_281' title='bbox 1449 1416 1592 1456; x_wconf 87' lang='lat' dir='ltr'>exemplo</span> <span class='ocrx_word' id='word_1_282' title='bbox 1619 1417 1771 1449; x_wconf 67' lang='lat' dir='ltr'>Mantua-</span> 
     </span>
     <span class='ocr_line' id='line_1_54' title="bbox 1047 1469 1347 1505; baseline 0 -7"><span class='ocrx_word' id='word_1_283' title='bbox 1047 1479 1116 1505; x_wconf 84' lang='lat' dir='ltr'>nus,</span> <span class='ocrx_word' id='word_1_284' title='bbox 1134 1469 1208 1498; x_wconf 85' lang='lat' dir='ltr'>AEn.</span> <span class='ocrx_word' id='word_1_285' title='bbox 1228 1479 1258 1498; x_wconf 87' lang='lat' dir='ltr'>x.</span> <span class='ocrx_word' id='word_1_286' title='bbox 1277 1471 1347 1500; x_wconf 82' lang='lat'>695.</span> 
     </span>
    </p>
   </div>
   <div class='ocr_carea' id='block_1_19' title="bbox 1078 1551 1762 1584">
    <p class='ocr_par' dir='ltr' id='par_1_19' title="bbox 1078 1551 1762 1584">
     <span class='ocr_line' id='line_1_55' title="bbox 1078 1551 1762 1584; baseline 0.004 -8"><span class='ocrx_word' id='word_1_287' title='bbox 1078 1565 1140 1572; x_wconf 94' lang='lat'><strong>—</strong></span> <span class='ocrx_word' id='word_1_288' title='bbox 1147 1551 1222 1577; x_wconf 85' lang='lat' dir='ltr'>velut</span> <span class='ocrx_word' id='word_1_289' title='bbox 1234 1559 1321 1584; x_wconf 83' lang='lat' dir='ltr'>rupes,</span> <span class='ocrx_word' id='word_1_290' title='bbox 1331 1554 1439 1576; x_wconf 83' lang='lat' dir='ltr'>vastum</span> <span class='ocrx_word' id='word_1_291' title='bbox 1450 1557 1513 1583; x_wconf 86' lang='lat' dir='ltr'>quae</span> <span class='ocrx_word' id='word_1_292' title='bbox 1523 1551 1606 1584; x_wconf 76' lang='lat' dir='ltr'>prodit</span> <span class='ocrx_word' id='word_1_293' title='bbox 1618 1551 1646 1577; x_wconf 85' lang='lat' dir='ltr'>in</span> <span class='ocrx_word' id='word_1_294' title='bbox 1655 1557 1762 1584; x_wconf 83' lang='lat' dir='ltr'>aequor.</span> 
     </span>
    </p>
   </div>
   <div class='ocr_carea' id='block_1_20' title="bbox 1048 1620 1774 1805">
    <p class='ocr_par' dir='ltr' id='par_1_20' title="bbox 1048 1620 1774 1805">
     <span class='ocr_line' id='line_1_56' title="bbox 1092 1620 1773 1654; baseline 0.004 -3"><span class='ocrx_word' id='word_1_295' title='bbox 1092 1621 1166 1652; x_wconf 85' lang='lat' dir='ltr'>Ver.</span> <span class='ocrx_word' id='word_1_296' title='bbox 1182 1625 1252 1653; x_wconf 81' lang='lat'>564.</span> <span class='ocrx_word' id='word_1_297' title='bbox 1278 1623 1337 1652; x_wconf 81' lang='lat' dir='ltr'>Ee:</span> <span class='ocrx_word' id='word_1_298' title='bbox 1363 1620 1461 1652; x_wconf 83' lang='lat' dir='ltr'>Vind.</span> <span class='ocrx_word' id='word_1_299' title='bbox 1479 1621 1521 1651; x_wconf 88' lang='lat' dir='ltr'>V.</span> <span class='ocrx_word' id='word_1_300' title='bbox 1544 1621 1592 1652; x_wconf 88' lang='lat' dir='ltr'>ed.</span> <span class='ocrx_word' id='word_1_301' title='bbox 1615 1625 1650 1654; x_wconf 91' lang='grc' dir='ltr'>Σ.</span> <span class='ocrx_word' id='word_1_302' title='bbox 1678 1623 1773 1653; x_wconf 84' lang='lat' dir='ltr'>Te.—</span> 
     </span>
     <span class='ocr_line' id='line_1_57' title="bbox 1051 1672 1774 1711; baseline 0.001 -8"><span class='ocrx_word' id='word_1_303' title='bbox 1051 1672 1216 1709; x_wconf 78' lang='lat' dir='ltr'>Caeterum,</span> <span class='ocrx_word' id='word_1_304' title='bbox 1227 1673 1371 1704; x_wconf 86' lang='lat' dir='ltr'>Bentleio</span> <span class='ocrx_word' id='word_1_305' title='bbox 1381 1672 1519 1703; x_wconf 86' lang='lat' dir='ltr'>obsecuti</span> <span class='ocrx_word' id='word_1_306' title='bbox 1534 1682 1654 1711; x_wconf 85' lang='lat' dir='ltr'>sumus,</span> <span class='ocrx_word' id='word_1_307' title='bbox 1665 1679 1774 1704; x_wconf 85' lang='lat' dir='ltr'>notam</span> 
     </span>
     <span class='ocr_line' id='line_1_58' title="bbox 1048 1722 1774 1765; baseline 0.003 -12"><span class='ocrx_word' id='word_1_308' title='bbox 1048 1722 1298 1763; x_wconf 69' lang='lat' dir='ltr'>interrogationis</span> <span class='ocrx_word' id='word_1_309' title='bbox 1327 1722 1542 1763; x_wconf 67' lang='lat' dir='ltr'>praescribenti.</span> <span class='ocrx_word' id='word_1_310' title='bbox 1611 1723 1774 1765; x_wconf 48' lang='lat' dir='ltr'>Virgilius</span> 
     </span>
     <span class='ocr_line' id='line_1_59' title="bbox 1049 1774 1267 1805; baseline 0.005 -1"><span class='ocrx_word' id='word_1_311' title='bbox 1049 1774 1125 1805; x_wconf 89' lang='lat' dir='ltr'>AEn.</span> <span class='ocrx_word' id='word_1_312' title='bbox 1140 1774 1178 1804; x_wconf 89' lang='lat' dir='ltr'>vi.</span> <span class='ocrx_word' id='word_1_313' title='bbox 1194 1777 1267 1805; x_wconf 89' lang='lat'>807.</span> 
     </span>
    </p>
   </div>
   <div class='ocr_carea' id='block_1_21' title="bbox 1079 1849 1773 1877">
    <p class='ocr_par' dir='ltr' id='par_1_21' title="bbox 1079 1849 1773 1877">
     <span class='ocr_line' id='line_1_60' title="bbox 1079 1849 1773 1877; baseline 0.006 -4"><span class='ocrx_word' id='word_1_314' title='bbox 1079 1851 1111 1873; x_wconf 80' lang='lat' dir='ltr'>Et</span> <span class='ocrx_word' id='word_1_315' title='bbox 1121 1849 1276 1874; x_wconf 77' lang='lat' dir='ltr'>dubitamus</span> <span class='ocrx_word' id='word_1_316' title='bbox 1286 1850 1374 1875; x_wconf 86' lang='lat' dir='ltr'>adhuc</span> <span class='ocrx_word' id='word_1_317' title='bbox 1384 1850 1514 1875; x_wconf 83' lang='lat' dir='ltr'>virtutem</span> <span class='ocrx_word' id='word_1_318' title='bbox 1525 1850 1674 1876; x_wconf 85' lang='lat' dir='ltr'>extendere</span> <span class='ocrx_word' id='word_1_319' title='bbox 1684 1849 1773 1877; x_wconf 66' lang='lat' dir='ltr'>factis?</span> 
     </span>
    </p>
   </div>
   <div class='ocr_carea' id='block_1_22' title="bbox 1045 1918 1772 2053">
    <p class='ocr_par' dir='ltr' id='par_1_22' title="bbox 1045 1918 1772 2053">
     <span class='ocr_line' id='line_1_61' title="bbox 1048 1918 1687 1960; baseline 0.003 -12"><span class='ocrx_word' id='word_1_320' title='bbox 1048 1918 1325 1953; x_wconf 83' lang='lat' dir='ltr'>Quemadmodum</span> <span class='ocrx_word' id='word_1_321' title='bbox 1340 1918 1374 1949; x_wconf 89' lang='lat' dir='ltr'>in</span> <span class='ocrx_word' id='word_1_322' title='bbox 1389 1919 1553 1960; x_wconf 86' lang='lat' dir='ltr'>georgicis,</span> <span class='ocrx_word' id='word_1_323' title='bbox 1567 1918 1598 1949; x_wconf 90' lang='lat' dir='ltr'>ii.</span> <span class='ocrx_word' id='word_1_324' title='bbox 1614 1922 1687 1950; x_wconf 80' lang='lat'>455.</span> 
     </span>
     <span class='ocr_line' id='line_1_62' title="bbox 1090 1970 1772 2003; baseline 0.004 -3"><span class='ocrx_word' id='word_1_325' title='bbox 1090 1971 1164 2000; x_wconf 89' lang='lat' dir='ltr'>Ver.</span> <span class='ocrx_word' id='word_1_326' title='bbox 1177 1974 1249 2002; x_wconf 83' lang='lat'>566.</span> <span class='ocrx_word' id='word_1_327' title='bbox 1263 1978 1381 2002; x_wconf 78' lang='lat' dir='ltr'>tantam</span> <span class='ocrx_word' id='word_1_328' title='bbox 1393 1981 1403 1998; x_wconf 92' lang='grc'><strong>.·</strong></span> <span class='ocrx_word' id='word_1_329' title='bbox 1419 1970 1516 2001; x_wconf 88' lang='lat' dir='ltr'>Vind.</span> <span class='ocrx_word' id='word_1_330' title='bbox 1529 1971 1569 2001; x_wconf 91' lang='lat' dir='ltr'>V.</span> <span class='ocrx_word' id='word_1_331' title='bbox 1579 1970 1628 2001; x_wconf 80' lang='lat' dir='ltr'>ed.</span> <span class='ocrx_word' id='word_1_332' title='bbox 1643 1977 1772 2003; x_wconf 78' lang='lat' dir='ltr'>tantum.</span> 
     </span>
     <span class='ocr_line' id='line_1_63' title="bbox 1045 2021 1565 2053; baseline 0 -1"><span class='ocrx_word' id='word_1_333' title='bbox 1045 2028 1259 2053; x_wconf 77' lang='lat' dir='ltr'>—lerrarum:</span> <span class='ocrx_word' id='word_1_334' title='bbox 1285 2021 1383 2052; x_wconf 88' lang='lat' dir='ltr'>Vind.</span> <span class='ocrx_word' id='word_1_335' title='bbox 1398 2028 1565 2052; x_wconf 80' lang='lat' dir='ltr'>tantarum.</span> 
     </span>
    </p>
   </div>
   <div class='ocr_carea' id='block_1_23' title="bbox 1045 2083 1776 2945">
    <p class='ocr_par' dir='ltr' id='par_1_23' title="bbox 1046 2083 1776 2536">
     <span class='ocr_line' id='line_1_64' title="bbox 1090 2083 1774 2122; baseline 0.001 -7"><span class='ocrx_word' id='word_1_336' title='bbox 1090 2083 1163 2114; x_wconf 86' lang='lat' dir='ltr'>Ver.</span> <span class='ocrx_word' id='word_1_337' title='bbox 1179 2087 1251 2115; x_wconf 85' lang='lat'>567.</span> <span class='ocrx_word' id='word_1_338' title='bbox 1274 2086 1382 2122; x_wconf 78' lang='lat' dir='ltr'>ventei‚</span> <span class='ocrx_word' id='word_1_339' title='bbox 1396 2086 1439 2115; x_wconf 83' lang='lat' dir='ltr'>vis</span> <span class='ocrx_word' id='word_1_340' title='bbox 1454 2086 1550 2114; x_wconf 84' lang='lat' dir='ltr'>nulla.</span> <span class='ocrx_word' id='word_1_341' title='bbox 1589 2084 1673 2115; x_wconf 89' lang='lat' dir='ltr'>Mihi</span> <span class='ocrx_word' id='word_1_342' title='bbox 1688 2084 1774 2116; x_wconf 87' lang='lat' dir='ltr'>vide-</span> 
     </span>
     <span class='ocr_line' id='line_1_65' title="bbox 1046 2135 1775 2168; baseline 0.001 -2"><span class='ocrx_word' id='word_1_343' title='bbox 1046 2146 1081 2166; x_wconf 88' lang='lat' dir='ltr'>or</span> <span class='ocrx_word' id='word_1_344' title='bbox 1110 2137 1195 2166; x_wconf 88' lang='lat' dir='ltr'>hunc</span> <span class='ocrx_word' id='word_1_345' title='bbox 1224 2135 1330 2166; x_wconf 90' lang='lat' dir='ltr'>locum</span> <span class='ocrx_word' id='word_1_346' title='bbox 1359 2135 1529 2166; x_wconf 71' lang='lat' dir='ltr'>certissima</span> <span class='ocrx_word' id='word_1_347' title='bbox 1555 2135 1775 2168; x_wconf 86' lang='lat' dir='ltr'>emendatione</span> 
     </span>
     <span class='ocr_line' id='line_1_66' title="bbox 1046 2186 1774 2227; baseline 0.004 -11"><span class='ocrx_word' id='word_1_348' title='bbox 1046 2186 1223 2217; x_wconf 84' lang='lat' dir='ltr'>restituisse.</span> <span class='ocrx_word' id='word_1_349' title='bbox 1270 2186 1386 2227; x_wconf 81' lang='lat' dir='ltr'>Vulgo,</span> <span class='ocrx_word' id='word_1_350' title='bbox 1415 2189 1497 2217; x_wconf 80' lang='lat' dir='ltr'>venti</span> <span class='ocrx_word' id='word_1_351' title='bbox 1522 2197 1583 2216; x_wconf 78' lang='lat' dir='ltr'>non</span> <span class='ocrx_word' id='word_1_352' title='bbox 1614 2188 1695 2217; x_wconf 82' lang='lat' dir='ltr'>ulla:</span> <span class='ocrx_word' id='word_1_353' title='bbox 1736 2187 1774 2219; x_wconf 85' lang='lat' dir='ltr'>P.</span> 
     </span>
     <span class='ocr_line' id='line_1_67' title="bbox 1046 2236 1774 2276; baseline 0.003 -8"><span class='ocrx_word' id='word_1_354' title='bbox 1046 2244 1163 2276; x_wconf 84' lang='lat' dir='ltr'>autern,</span> <span class='ocrx_word' id='word_1_355' title='bbox 1193 2240 1275 2269; x_wconf 78' lang='lat' dir='ltr'>venti</span> <span class='ocrx_word' id='word_1_356' title='bbox 1294 2241 1322 2269; x_wconf 83' lang='lat' dir='ltr'>si</span> <span class='ocrx_word' id='word_1_357' title='bbox 1343 2239 1446 2274; x_wconf 72' lang='lat' dir='ltr'>‘nulla;</span> <span class='ocrx_word' id='word_1_358' title='bbox 1472 2236 1569 2267; x_wconf 85' lang='lat' dir='ltr'>Vind.</span> <span class='ocrx_word' id='word_1_359' title='bbox 1595 2237 1637 2268; x_wconf 89' lang='lat' dir='ltr'>V.</span> <span class='ocrx_word' id='word_1_360' title='bbox 1663 2237 1711 2269; x_wconf 89' lang='lat' dir='ltr'>ed.</span> <span class='ocrx_word' id='word_1_361' title='bbox 1738 2243 1774 2272; x_wconf 92' lang='grc' dir='ltr'>Σ.</span> 
     </span>
     <span class='ocr_line' id='line_1_68' title="bbox 1046 2288 1774 2325; baseline -0.003 -5"><span class='ocrx_word' id='word_1_362' title='bbox 1046 2292 1142 2320; x_wconf 74' lang='lat' dir='ltr'>veneis</span> <span class='ocrx_word' id='word_1_363' title='bbox 1156 2291 1242 2320; x_wconf 82' lang='lat' dir='ltr'>nulla</span> <span class='ocrx_word' id='word_1_364' title='bbox 1249 2304 1260 2325; x_wconf 85' lang='lat'>,·</span> <span class='ocrx_word' id='word_1_365' title='bbox 1293 2288 1332 2319; x_wconf 93' lang='grc' dir='ltr'>Ο.</span> <span class='ocrx_word' id='word_1_366' title='bbox 1349 2291 1444 2320; x_wconf 79' lang='lat' dir='ltr'>ventis</span> <span class='ocrx_word' id='word_1_367' title='bbox 1459 2299 1520 2318; x_wconf 78' lang='lat' dir='ltr'>non</span> <span class='ocrx_word' id='word_1_368' title='bbox 1535 2289 1618 2325; x_wconf 83' lang='lat' dir='ltr'>ulla,·</span> <span class='ocrx_word' id='word_1_369' title='bbox 1643 2293 1679 2319; x_wconf 92' lang='grc' dir='ltr'>Δ.</span> <span class='ocrx_word' id='word_1_370' title='bbox 1703 2301 1774 2322; x_wconf 84' lang='lat' dir='ltr'>ven-</span> 
     </span>
     <span class='ocr_line' id='line_1_69' title="bbox 1049 2339 1776 2379; baseline 0.001 -8"><span class='ocrx_word' id='word_1_371' title='bbox 1049 2342 1087 2371; x_wconf 77' lang='lat' dir='ltr'>tis</span> <span class='ocrx_word' id='word_1_372' title='bbox 1102 2346 1130 2372; x_wconf 79' lang='lat' dir='ltr'>et</span> <span class='ocrx_word' id='word_1_373' title='bbox 1144 2351 1205 2371; x_wconf 84' lang='lat' dir='ltr'>non</span> <span class='ocrx_word' id='word_1_374' title='bbox 1220 2342 1294 2370; x_wconf 82' lang='lat' dir='ltr'>ulla.</span> <span class='ocrx_word' id='word_1_375' title='bbox 1320 2339 1444 2370; x_wconf 85' lang='lat' dir='ltr'>Similes</span> <span class='ocrx_word' id='word_1_376' title='bbox 1455 2349 1527 2369; x_wconf 87' lang='lat' dir='ltr'>vero</span> <span class='ocrx_word' id='word_1_377' title='bbox 1542 2339 1776 2379; x_wconf 77' lang='lat' dir='ltr'>depravationes</span> 
     </span>
     <span class='ocr_line' id='line_1_70' title="bbox 1049 2390 1776 2431; baseline 0.003 -10"><span class='ocrx_word' id='word_1_378' title='bbox 1049 2397 1178 2421; x_wconf 88' lang='lat' dir='ltr'>centum</span> <span class='ocrx_word' id='word_1_379' title='bbox 1189 2391 1257 2431; x_wconf 84' lang='lat' dir='ltr'>jam</span> <span class='ocrx_word' id='word_1_380' title='bbox 1271 2390 1408 2421; x_wconf 86' lang='lat' dir='ltr'>vidimus</span> <span class='ocrx_word' id='word_1_381' title='bbox 1423 2391 1457 2420; x_wconf 89' lang='lat' dir='ltr'>in</span> <span class='ocrx_word' id='word_1_382' title='bbox 1479 2390 1566 2426; x_wconf 90' lang='lat' dir='ltr'>locis,</span> <span class='ocrx_word' id='word_1_383' title='bbox 1589 2391 1642 2421; x_wconf 92' lang='lat' dir='ltr'>ubi</span> <span class='ocrx_word' id='word_1_384' title='bbox 1664 2391 1776 2423; x_wconf 81' lang='lat' dir='ltr'>vocula</span> 
     </span>
     <span class='ocr_line' id='line_1_71' title="bbox 1048 2442 1774 2484; baseline -0.001 -9"><span class='ocrx_word' id='word_1_385' title='bbox 1048 2447 1093 2475; x_wconf 79' lang='lat' dir='ltr'>vis</span> <span class='ocrx_word' id='word_1_386' title='bbox 1121 2443 1513 2484; x_wconf 78' lang='lat' dir='ltr'>conspicitur.—refrenet:</span> <span class='ocrx_word' id='word_1_387' title='bbox 1539 2442 1636 2474; x_wconf 92' lang='lat' dir='ltr'>Vind.</span> <span class='ocrx_word' id='word_1_388' title='bbox 1664 2443 1703 2474; x_wconf 90' lang='lat' dir='ltr'>V.</span> <span class='ocrx_word' id='word_1_389' title='bbox 1726 2444 1774 2477; x_wconf 85' lang='lat' dir='ltr'>ed.</span> 
     </span>
     <span class='ocr_line' id='line_1_72' title="bbox 1052 2493 1660 2536; baseline -0.002 -10"><span class='ocrx_word' id='word_1_390' title='bbox 1052 2501 1096 2526; x_wconf 84' lang='grc' dir='ltr'>Ω.</span> <span class='ocrx_word' id='word_1_391' title='bbox 1117 2495 1274 2536; x_wconf 75' lang='lat' dir='ltr'>refremet5</span> <span class='ocrx_word' id='word_1_392' title='bbox 1301 2495 1348 2525; x_wconf 87' lang='lat' dir='ltr'>M.</span> <span class='ocrx_word' id='word_1_393' title='bbox 1364 2499 1471 2524; x_wconf 85' lang='lat' dir='ltr'>autem</span> <span class='ocrx_word' id='word_1_394' title='bbox 1485 2505 1518 2525; x_wconf 83' lang='lat' dir='ltr'>re</span> <span class='ocrx_word' id='word_1_395' title='bbox 1521 2493 1660 2534; x_wconf 67' lang='lat' dir='ltr'>festinet.</span> 
     </span>
    </p>

    <p class='ocr_par' dir='ltr' id='par_1_24' title="bbox 1045 2544 1773 2945">
     <span class='ocr_line' id='line_1_73' title="bbox 1092 2544 1773 2585; baseline 0.003 -10"><span class='ocrx_word' id='word_1_396' title='bbox 1092 2546 1167 2576; x_wconf 89' lang='lat' dir='ltr'>Ver.</span> <span class='ocrx_word' id='word_1_397' title='bbox 1183 2549 1254 2577; x_wconf 89' lang='lat'>568.</span> <span class='ocrx_word' id='word_1_398' title='bbox 1275 2547 1507 2585; x_wconf 80' lang='lat' dir='ltr'>reprehendere:</span> <span class='ocrx_word' id='word_1_399' title='bbox 1532 2545 1575 2575; x_wconf 92' lang='lat' dir='ltr'>sic</span> <span class='ocrx_word' id='word_1_400' title='bbox 1597 2545 1634 2576; x_wconf 91' lang='lat' dir='ltr'>L.</span> <span class='ocrx_word' id='word_1_401' title='bbox 1657 2545 1705 2576; x_wconf 88' lang='lat' dir='ltr'>M.</span> <span class='ocrx_word' id='word_1_402' title='bbox 1733 2544 1773 2577; x_wconf 89' lang='grc' dir='ltr'>Ο.</span> 
     </span>
     <span class='ocr_line' id='line_1_74' title="bbox 1051 2596 1772 2638; baseline -0.001 -9"><span class='ocrx_word' id='word_1_403' title='bbox 1051 2602 1086 2629; x_wconf 85' lang='grc' dir='ltr'>Δ.</span> <span class='ocrx_word' id='word_1_404' title='bbox 1103 2603 1137 2630; x_wconf 91' lang='grc' dir='ltr'>Σ.</span> <span class='ocrx_word' id='word_1_405' title='bbox 1153 2597 1256 2638; x_wconf 88' lang='lat' dir='ltr'>vulgo,</span> <span class='ocrx_word' id='word_1_406' title='bbox 1271 2599 1463 2637; x_wconf 78' lang='lat' dir='ltr'>reprendere:</span> <span class='ocrx_word' id='word_1_407' title='bbox 1490 2597 1528 2627; x_wconf 92' lang='lat' dir='ltr'>P.</span> <span class='ocrx_word' id='word_1_408' title='bbox 1546 2597 1587 2627; x_wconf 93' lang='lat' dir='ltr'>V.</span> <span class='ocrx_word' id='word_1_409' title='bbox 1602 2596 1649 2627; x_wconf 88' lang='lat' dir='ltr'>ed.</span> <span class='ocrx_word' id='word_1_410' title='bbox 1667 2597 1704 2627; x_wconf 92' lang='lat' dir='ltr'>B.</span> <span class='ocrx_word' id='word_1_411' title='bbox 1719 2598 1772 2628; x_wconf 86' lang='lat' dir='ltr'>de-</span> 
     </span>
     <span class='ocr_line' id='line_1_75' title="bbox 1045 2646 1769 2689; baseline -0.003 -10"><span class='ocrx_word' id='word_1_412' title='bbox 1045 2650 1412 2689; x_wconf 81' lang='lat' dir='ltr'>prehendere.—eunteis,</span> <span class='ocrx_word' id='word_1_413' title='bbox 1441 2648 1504 2678; x_wconf 90' lang='lat' dir='ltr'>sive</span> <span class='ocrx_word' id='word_1_414' title='bbox 1526 2649 1642 2679; x_wconf 74' lang='lat' dir='ltr'>euntis:</span> <span class='ocrx_word' id='word_1_415' title='bbox 1667 2646 1710 2677; x_wconf 85' lang='lat' dir='ltr'>sic</span> <span class='ocrx_word' id='word_1_416' title='bbox 1732 2646 1769 2677; x_wconf 92' lang='lat' dir='ltr'>P.</span> 
     </span>
     <span class='ocr_line' id='line_1_76' title="bbox 1050 2697 1772 2740; baseline -0.004 -8"><span class='ocrx_word' id='word_1_417' title='bbox 1050 2701 1146 2732; x_wconf 88' lang='lat' dir='ltr'>Vind.</span> <span class='ocrx_word' id='word_1_418' title='bbox 1170 2702 1207 2732; x_wconf 94' lang='lat' dir='ltr'>B.</span> <span class='ocrx_word' id='word_1_419' title='bbox 1223 2701 1259 2732; x_wconf 83' lang='lat' dir='ltr'>L.</span> <span class='ocrx_word' id='word_1_420' title='bbox 1279 2701 1327 2731; x_wconf 88' lang='lat' dir='ltr'>M.</span> <span class='ocrx_word' id='word_1_421' title='bbox 1345 2700 1384 2731; x_wconf 89' lang='lat' dir='ltr'>O.</span> <span class='ocrx_word' id='word_1_422' title='bbox 1408 2705 1444 2731; x_wconf 88' lang='grc' dir='ltr'>Δ.</span> <span class='ocrx_word' id='word_1_423' title='bbox 1466 2705 1501 2731; x_wconf 91' lang='grc' dir='ltr'><strong>Σ.</strong></span> <span class='ocrx_word' id='word_1_424' title='bbox 1524 2699 1664 2740; x_wconf 85' lang='lat' dir='ltr'>vulgares</span> <span class='ocrx_word' id='word_1_425' title='bbox 1685 2697 1772 2735; x_wconf 83' lang='lat' dir='ltr'>editi,</span> 
     </span>
     <span class='ocr_line' id='line_1_77' title="bbox 1048 2749 1771 2788; baseline -0.006 -4"><span class='ocrx_word' id='word_1_426' title='bbox 1048 2760 1185 2788; x_wconf 62' lang='lat' dir='ltr'>manteau</span> <span class='ocrx_word' id='word_1_427' title='bbox 1211 2759 1247 2783; x_wconf 89' lang='lat' dir='ltr'>ut</span> <span class='ocrx_word' id='word_1_428' title='bbox 1272 2752 1450 2783; x_wconf 83' lang='lat' dir='ltr'>consultum</span> <span class='ocrx_word' id='word_1_429' title='bbox 1478 2756 1551 2781; x_wconf 80' lang='lat' dir='ltr'>eant</span> <span class='ocrx_word' id='word_1_430' title='bbox 1571 2749 1683 2780; x_wconf 89' lang='lat' dir='ltr'>melius</span> <span class='ocrx_word' id='word_1_431' title='bbox 1708 2749 1771 2780; x_wconf 89' lang='lat' dir='ltr'>lec-</span> 
     </span>
     <span class='ocr_line' id='line_1_78' title="bbox 1050 2800 1771 2843; baseline -0.007 -9"><span class='ocrx_word' id='word_1_432' title='bbox 1050 2804 1188 2834; x_wconf 86' lang='lat' dir='ltr'>tionibus</span> <span class='ocrx_word' id='word_1_433' title='bbox 1208 2803 1410 2843; x_wconf 84' lang='lat' dir='ltr'>praecedentis</span> <span class='ocrx_word' id='word_1_434' title='bbox 1423 2800 1539 2832; x_wconf 73' lang='lat' dir='ltr'>versus:</span> <span class='ocrx_word' id='word_1_435' title='bbox 1567 2800 1620 2830; x_wconf 88' lang='lat' dir='ltr'>sed</span> <span class='ocrx_word' id='word_1_436' title='bbox 1636 2810 1674 2830; x_wconf 87' lang='lat' dir='ltr'>ex</span> <span class='ocrx_word' id='word_1_437' title='bbox 1688 2800 1771 2830; x_wconf 85' lang='lat' dir='ltr'>arbi-</span> 
     </span>
     <span class='ocr_line' id='line_1_79' title="bbox 1051 2850 1770 2894; baseline -0.007 -10"><span class='ocrx_word' id='word_1_438' title='bbox 1051 2855 1110 2885; x_wconf 85' lang='lat' dir='ltr'>trio</span> <span class='ocrx_word' id='word_1_439' title='bbox 1124 2865 1261 2894; x_wconf 89' lang='lat' dir='ltr'>prorsus;</span> <span class='ocrx_word' id='word_1_440' title='bbox 1285 2854 1416 2894; x_wconf 84' lang='lat' dir='ltr'>ipsemet</span> <span class='ocrx_word' id='word_1_441' title='bbox 1436 2852 1533 2889; x_wconf 89' lang='lat' dir='ltr'>enim,</span> <span class='ocrx_word' id='word_1_442' title='bbox 1557 2851 1583 2881; x_wconf 87' lang='lat' dir='ltr'>si</span> <span class='ocrx_word' id='word_1_443' title='bbox 1598 2851 1647 2881; x_wconf 85' lang='lat' dir='ltr'>vel</span> <span class='ocrx_word' id='word_1_444' title='bbox 1662 2850 1770 2890; x_wconf 84' lang='lat' dir='ltr'>singu-</span> 
     </span>
     <span class='ocr_line' id='line_1_80' title="bbox 1051 2900 1772 2945; baseline -0.007 -9"><span class='ocrx_word' id='word_1_445' title='bbox 1051 2905 1124 2936; x_wconf 85' lang='lat' dir='ltr'>laris</span> <span class='ocrx_word' id='word_1_446' title='bbox 1152 2906 1230 2936; x_wconf 86' lang='lat' dir='ltr'>liber</span> <span class='ocrx_word' id='word_1_447' title='bbox 1256 2905 1344 2945; x_wconf 88' lang='lat' dir='ltr'>probi</span> <span class='ocrx_word' id='word_1_448' title='bbox 1372 2902 1509 2934; x_wconf 84' lang='lat' dir='ltr'>nominis</span> <span class='ocrx_word' id='word_1_449' title='bbox 1528 2908 1648 2934; x_wconf 80' lang='lat' dir='ltr'>euntem</span> <span class='ocrx_word' id='word_1_450' title='bbox 1674 2900 1772 2938; x_wconf 81' lang='lat' dir='ltr'>daret,</span> 
     </span>
    </p>
   </div>
  </div>
 </body>
</html>
