1926 3224
553 291 787 342 LIBER
835 290 1190 349 QUINTUS.

175 429 256 466 235
288 423 426 466 Tellus
445 424 533 479 ipsa
551 425 675 480 parit,
699 423 938 479 Naturaque
958 422 1116 464 daedala
1135 436 1284 463 rerum.

347 498 572 552 Principio,
594 497 790 552 quoniam
811 499 936 537 terra'i'
955 510 1118 550 corpus,
1141 504 1181 536 et
1201 495 1364 544 humor,

289 572 578 625 Aurarumque
598 570 702 610 leves
727 570 894 617 animae,
922 568 1145 622 calideique
1165 583 1350 622 vapores,

289 644 328 685 E
348 644 493 699 quibus
512 631 603 682 haec
622 656 760 683 rerum
781 640 1001 682 consistere
1021 654 1181 681 summa
1200 641 1374 690 videtur,

288 715 442 757 Omnia
460 716 600 758 nativo
620 730 668 757 ac
687 714 850 756 mortali
870 728 1043 770 corpore
1067 721 1256 755 constant
1262 731 1275 763 ς

144 876 164 891 “
180 870 325 911 conjuge,
347 870 461 907 liberis,
484 876 524 906 et,
548 871 632 912 quod
655 876 700 901 est
714 871 748 901 in
764 870 868 902 liberis

145 926 168 941 ‘⁶
182 921 357 958 amabilius,
387 921 490 952 adhuc
519 922 609 952 annis
638 922 867 960 innocentibus,

144 977 166 993 “
182 979 214 1004 et
238 973 341 1004 adhuc
366 973 530 1003 dimidiata
555 975 646 1004 verba
667 973 869 1011 tentantibus,

145 1027 331 1066 “loquelam
354 1025 421 1064 ipso
443 1025 624 1055 offensantis
643 1027 760 1065 linguoe
771 1025 867 1065 frag-

144 1080 167 1096 “
182 1079 264 1108 ‘mine
293 1076 501 1108 dulciorem.”
552 1076 605 1107 Ad
639 1087 733 1117 quem
763 1076 869 1107 locum

145 1128 271 1159 videndi
301 1135 375 1159 sunt
403 1127 666 1166 Elmenhorstius,
696 1127 869 1165 Heraldus,

144 1181 369 1222 Davisiusque:
403 1182 580 1212 committas
603 1181 697 1212 etiam
724 1186 868 1211 nostrum

143 1233 286 1271 inferius,
310 1243 370 1263 ver.
388 1237 479 1264 1021.
503 1233 632 1274 hujusce
647 1232 729 1271 libri,
746 1242 781 1263 ac
799 1233 866 1263 Sta-

144 1283 237 1322 tium,
258 1283 360 1314 Theb.
385 1283 424 1314 ἰν.
448 1286 520 1315 790.
558 1284 712 1325 Denique,
738 1289 775 1313 ut
797 1283 866 1313 diu-

143 1334 206 1365 tius
221 1335 380 1371 immorer,
395 1334 491 1364 talem
507 1334 665 1375 loquelam
678 1335 869 1364 Ammianus

144 1385 352 1416 Marcellinus
370 1387 566 1425 putredulam
590 1386 776 1424 vocavisset3
797 1386 819 1416 i.
844 1396 869 1416 e.

143 1436 178 1466 in
199 1436 299 1467 frusta
319 1437 407 1476 quasi
430 1436 674 1467 comminutam:
701 1437 791 1476 cujus
805 1438 873 1466 haec

146 1493 219 1518 sunt
247 1488 340 1518 verba
365 1487 400 1516 in
425 1487 500 1518 xxii.
524 1490 645 1517 16.-“
660 1492 697 1517 ut
723 1487 872 1516 immania

149 1542 171 1558 “
190 1538 379 1569 frementem
402 1538 527 1568 leonem
550 1539 724 1578 putredulis
751 1538 876 1568 vocibus

149 1593 170 1610 “
187 1590 274 1621 canis
289 1590 412 1620 catulus
425 1589 552 1630 longius
565 1588 832 1620 circumlatrans.'’

190 1641 264 1671 Ver.
284 1644 354 1670 255.
377 1640 441 1670 Pro
455 1650 516 1670 non
532 1639 710 1678 posteriore,
728 1646 769 1669 Π.
788 1646 852 1670 aut.

190 1690 272 1722 Ibid.
294 1690 441 1722 maem'bus
455 1690 536 1720 alcis.
559 1688 725 1730 Virgilius,
740 1689 815 1720 AEn.
830 1690 871 1719 ix.

148 1747 221 1778 805.

179 1820 213 1845 Ni
221 1821 332 1845 Turnus
341 1819 421 1845 cedat
431 1819 603 1844 Teucrorum
616 1817 737 1843 moenibus
748 1818 816 1843 altis.

191 1891 268 1921 Ver.
278 1893 349 1921 234.
370 1892 511 1925 Queisua
524 1896 677 1921 tutentur:
693 1889 712 1919 i.
725 1899 750 1920 e.
766 1892 786 1908 “
797 1899 872 1930 qua-

149 1947 169 1963 “
184 1944 211 1974 si
226 1943 290 1974 sint
310 1943 333 1973 ii
351 1943 537 1981 animantes,
560 1943 674 1983 quibus
695 1953 822 1983 corpora
844 1949 876 1973 et

148 1999 170 2015 “
185 1995 363 2027 habitacula
388 1996 450 2026 sint
478 1996 614 2026 vestibus
641 1996 798 2037 armisque
819 1995 874 2026 de-

148 2050 170 2066 “
185 2046 378 2077 fendenda:'‘
415 2057 478 2087 quo
508 2046 588 2077 nihil
616 2046 792 2087 elegantius
821 2052 879 2078 aut

149 2098 336 2139 exquisitius
349 2097 475 2129 offendi.
520 2099 603 2129 Boni
614 2104 720 2129 tamen
733 2099 876 2137 editores,

150 2150 236 2189 parvi
258 2150 407 2181 facientes
421 2150 607 2181 unanimem
625 2150 776 2181 librorum
791 2157 874 2182 vete-

151 2211 223 2232 rum
251 2211 450 2239 consensum,
472 2211 510 2232 ex
539 2201 665 2232 arbitrio
689 2202 877 2242 scripserunt

156 2254 256 2287 Quez‘s.
278 2252 316 2283 P.
342 2263 416 2283 sane
438 2253 532 2284 habet
550 2255 640 2290 Quae;
665 2259 697 2284 et
715 2259 750 2284 Δ.
773 2260 878 2284 noster

151 2302 285 2343 vulgatis
299 2303 500 2344 suffragatur,
523 2314 596 2334 cum
613 2303 733 2335 Aldina
747 2304 878 2344 posteri-

153 2364 224 2384 ore:
249 2353 303 2385 sed
316 2355 365 2385 his
387 2355 608 2386 recentioribus
630 2362 738 2386 contra
759 2362 879 2386 vetusta

153 2404 343 2444 exemplaria
355 2406 488 2436 minime
497 2406 877 2438 auscultaverim.—Prae-

153 2462 246 2492 terea,
276 2466 333 2495 pro
363 2460 498 2497 quando,
533 2464 573 2489 Π.
600 2461 761 2498 quoniam‚·
796 2458 880 2500 quod

155 2507 242 2547 apice
267 2517 333 2538 uno
358 2507 528 2549 discrepat:
553 2508 605 2550 qii,
629 2507 815 2549 qffi.—Mox
838 2510 878 2540 V.

155 2558 203 2589 ed.
229 2560 320 2598 petit,
343 2568 399 2597 pro
425 2562 531 2598 parit:
567 2569 692 2599 nempe,
713 2562 812 2598 parit,
834 2560 881 2591 uti

153 2609 311 2648 probabile
337 2615 392 2647 est,
422 2609 457 2639 in
477 2612 562 2649 perit
587 2610 703 2640 abierat
727 2610 881 2650 primum;

154 2659 225 2690 vide
239 2660 279 2690 ad
291 2660 329 2691 iv.
347 2662 420 2691 775.
438 2659 562 2698 deinde,
579 2660 613 2689 in
622 2662 710 2700 petit.

199 2711 281 2742 Ibid.
304 2715 407 2743 omniu
438 2713 540 2743 Tellus
560 2714 665 2752 parit:
690 2712 774 2743 unde
796 2713 881 2752 apud

155 2762 343 2802 Pindarum,
367 2763 448 2794 Isth.
464 2763 505 2794 iv.
519 2767 570 2796 69.
586 2774 623 2794 ea
636 2763 725 2794 audit
739 2777 878 2806 παγκαρ-

156 2826 208 2848 πσς
226 2817 313 2846 Xaur-

197 2865 273 2896 Ver.
289 2869 361 2897 255.
386 2866 426 2896 In
449 2866 600 2907 ambiguo
615 2872 661 2896 est
675 2866 863 2897 constructio
869 2878 879 2904 ;

157 2925 214 2946 nec
227 2916 336 2958 liquet,
352 2928 392 2948 an
407 2918 500 2949 vellet
514 2919 615 2958 poeta,
635 2920 756 2949 daeclala
774 2920 879 2950 Natu-

156 2977 192 2995 ra
206 2978 326 3004 rerum5
355 2979 394 2999 an
411 2978 525 3006 rursus
551 2971 679 3002 Natura
695 2971 815 3002 daedala
833 2981 880 3002 re-

911 881 992 907 rum;
1009 870 1028 900 i.
1046 880 1070 900 e.
1083 867 1245 900 artificiosa
1261 868 1390 899 creatrix
1405 878 1526 900 rerum:
1545 868 1637 899 adea}

911 921 950 951 iv.
966 924 1039 952 555.
1077 921 1158 950 Haec
1173 921 1251 950 ratio
1266 920 1355 950 nobis
1369 920 1434 950 visa
1449 927 1494 950 est
1508 920 1634 961 elegan-

911 971 981 1001 tior.

956 1021 1036 1051 Ibid.
1065 1023 1166 1052 Tellus
1175 1023 1280 1061 parit:
1305 1021 1351 1051 uti
1366 1021 1495 1060 scriptor
1510 1021 1548 1052 ad
1566 1023 1636 1052 He-

911 1074 1010 1103 braeos
1033 1071 1293 1112 elegantissimus,
1316 1071 1355 1101 vi.
1373 1075 1400 1102 7.
1426 1079 1465 1105 Γπ
1482 1087 1550 1114 γαρ,
1574 1074 1634 1105 ἦ-

913 1136 1041 1155 τικτεσαι
1056 1127 1233 1159 βοτανκν-;
1260 1129 1295 1152 ut
1310 1129 1406 1153 mater
1421 1122 1545 1153 scilicet.
1578 1123 1635 1153 Vi-

912 1175 984 1205 deas
1006 1184 1156 1214 perquam
1177 1173 1305 1203 doctum
1329 1174 1430 1203 virum
1454 1175 1505 1204 De
1523 1175 1635 1209 Rhoe'r,

912 1227 952 1258 ad
967 1228 1079 1266 Porph.
1099 1226 1138 1256 de
1153 1226 1228 1256 abst.
1245 1225 1264 1255 i.
1281 1229 1330 1256 30.
1352 1235 1426 1255 cum
1450 1225 1585 1255 Heinsio
1608 1233 1637 1255 et

911 1279 1106 1313 Burmanno,
1129 1276 1168 1307 ad
1186 1276 1277 1307 Ovid.
1293 1281 1365 1306 met.
1381 1286 1430 1305 xv.
1447 1279 1498 1307 92.

955 1329 1032 1359 Ver.
1045 1332 1118 1359 236.
1140 1329 1301 1368 quoniam:
1328 1327 1369 1357 V.
1392 1326 1439 1357 ed.
1462 1338 1548 1367 quom
1555 1342 1566 1362 ;
1593 1326 1633 1357 O.

914 1382 1076 1421 quomodo;
1104 1384 1138 1410 Δ.
1154 1381 1292 1419 quand05
1320 1385 1360 1409 Π.
1377 1389 1455 1409 cum.

958 1431 1033 1461 Ver.
1051 1433 1121 1461 257.
1145 1431 1304 1460 Aurarum
1322 1432 1448 1459 animae.-
1473 1429 1580 1459 redeas
1599 1429 1638 1459 ad

916 1481 936 1510 i.
953 1483 1024 1512 716.
1049 1480 1199 1511 Similiter
1215 1480 1381 1516 Horatius,
1397 1481 1446 1511 od.
1462 1481 1499 1511 ἰν.
1518 1485 1567 1512 12.
1582 1485 1610 1511 9.

979 1553 1116 1584 Inpellunt
1122 1552 1216 1577 anime
1227 1552 1309 1577 lintea
1319 1554 1445 1578 Thracia:
1456 1561 1463 1577 :

918 1622 1020 1662 magis
1048 1627 1155 1652 autem
1187 1622 1326 1661 apposite
1358 1622 1531 1661 Ausonius,
1554 1622 1640 1662 idyll.

916 1674 978 1704 viii.
996 1677 1026 1703 8.

1387 1747 1421 1771 da
1433 1754 1495 1772 vere
1503 1747 1601 1772 salubri

977 1786 1087 1817 Apricas
1099 1789 1238 1809 ventorum
1250 1786 1421 1810 animas—.

917 1855 1006 1886 Hinc
1020 1855 1147 1894 insuper
1161 1853 1336 1884 indubitata
1346 1855 1564 1885 emendatione
1573 1855 1639 1886 lau-

917 1906 1075 1936 tissimum
1106 1907 1249 1935 mactabo
1282 1905 1440 1936 Ciceronis
1470 1906 1575 1936 locum
1606 1907 1640 1937 in

919 1957 1052 1992 Arateis,
1069 1966 1129 1986 ver.
1147 1959 1216 1986 185.

935 2046 1015 2075 Nam,
1030 2051 1146 2075 quorum
1156 2044 1251 2076 stirpes
1262 2044 1341 2069 tellus
1351 2044 1478 2084 amplegra
1488 2045 1641 2076 prehendit,

935 2086 1002 2109 Haec
1013 2090 1124 2115 augens,
1135 2083 1229 2108 animae
1239 2083 1317 2108 vitali
1317 2083 1426 2114 stamine
1435 2084 1548 2109 mulcet.

920 2161 1040 2202 Vulgo,
1055 2163 1172 2191 anima.
1203 2160 1326 2200 Nempe
1330 2162 1451 2201 flamen
1467 2163 1591 2199 anz'mae,
1607 2168 1644 2192 ut

920 2220 1023 2244 noster
1036 2217 1150 2245 anz'mae
1166 2224 1326 2244 aurarum.
1373 2213 1512 2243 Inferius
1526 2213 1643 2244 ibidem

922 2267 1031 2298 Cicero
1038 2279 1044 2296 :

1055 2339 1210 2371 quamflatu
1221 2340 1372 2372 permulcet
1381 2340 1485 2372 spiritus
1495 2341 1585 2365 austri.

923 2404 997 2435 Hac
1011 2404 1137 2442 insuper
1159 2414 1234 2434 usus
1250 2403 1419 2439 occasione,
1446 2403 1485 2433 A.
1504 2403 1645 2434 Gellium

924 2458 1097 2489 emendabo
1111 2465 1142 2489 et
1156 2459 1325 2498 explicabo,
1341 2458 1374 2487 in
1389 2458 1409 2488 i.
1424 2461 1453 2488 2.
1476 2469 1574 2498 quum
1589 2468 1643 2488 ne-

923 2521 977 2541 mo
991 2511 1190 2542 intellexerit:
1211 2515 1233 2529 “
1246 2511 1328 2541 Rem
1347 2520 1418 2540 vero
1433 2510 1574 2545 ethicam,
1590 2520 1646 2540 na·

925 2566 946 2581 “
964 2568 1128 2603 tutamque
1158 2561 1290 2592 humani
1319 2560 1448 2601 ingenii,
1485 2560 1647 2601 officiaque

925 2617 947 2632 “
963 2624 1073 2645 eorum
1095 2619 1126 2644 et
1145 2612 1280 2643 confinia
1299 2618 1354 2642 aut
1376 2612 1540 2650 contraria,
1562 2622 1645 2641 mor-

925 2668 946 2682 “
962 2666 1075 2695 borum
1087 2664 1295 2703 vitiorumque
1305 2662 1441 2701 fraudes,
1453 2665 1646 2693 animarum-

925 2719 947 2734 “
967 2726 1028 2756 que
1049 2716 1144 2753 labes,
1167 2726 1202 2746 ac
1232 2715 1429 2755 pestilentum,
1456 2717 1648 2747 asseverabat

925 2770 947 2785 ‘⁶
963 2767 1043 2797 nulli
1067 2778 1131 2797 esse
1157 2767 1258 2808 magis
1287 2777 1323 2798 ea
1347 2767 1454 2797 omnia
1479 2767 1646 2806 explorata,

925 2821 946 2836 “
964 2825 1128 2858 comperta,
1151 2819 1373 2860 meditataque,
1395 2829 1491 2859 quam
1505 2818 1605 2848 sibi:”
1628 2819 1648 2848 i.

924 2879 950 2899 e.
972 2879 1100 2900 omnem
1122 2870 1266 2906 ethicam,
1289 2869 1546 2910 metaphysicam‚
1569 2868 1648 2907 poli-

924 2920 1028 2956 ticam,
1045 2926 1076 2951 et
1084 2923 1333 2961 ΡΙιῃςιόΙοὲἱεατη,
1351 2920 1461 2951 callere
1475 2930 1539 2959 prae
1555 2929 1587 2949 se
1602 2918 1648 2948 fe·

925 2973 1021 3003 rebat.
1082 2971 1263 3004 Certissima
1296 2978 1343 3004 est
1370 2974 1437 3004 haec
1466 2970 1649 3003 emendatio.
