1926 3224
588 232 819 280 LIBER
856 230 1211 288 QUINTUS.

305 365 388 406 Pro
407 364 519 406 vario
538 378 657 406 sensu
676 364 805 405 varias
825 378 889 405 res
907 377 1008 404 voce
1026 369 1187 404 notaret
1193 379 1206 412 ς

302 438 443 487 Quom
462 438 636 493 pecudes
656 445 796 487 mutae,
828 452 954 494 quom
973 437 1149 493 denique
1169 435 1273 478 secla
1291 434 1483 485 ferarum,

303 511 545 553 Dissimileis
565 511 718 553 soleant
738 525 854 551 voces
873 511 1083 564 variasque
1101 510 1223 558 ciere,

168 589 272 625 1060
304 585 444 634 Quom
459 591 605 632 metm,
627 591 697 624 aut
715 582 847 631 dolor,
869 589 948 630 est3
980 589 1021 622 et
1039 595 1166 636 quom
1178 583 1265 636 jam
1281 582 1431 638 gaudia
1442 579 1641 639 gliscunt?

299 657 465 712 Quippe
483 664 524 697 et
545 655 654 696 enim
673 654 766 695 licet
784 654 830 694 in
849 653 970 695 rebus
989 667 1236 710 cognoscere
1254 655 1415 708 apertis.

358 730 530 771 Inritata
549 742 698 770 canum
718 742 844 784 quom
863 728 1044 783 primum
1070 742 1222 784 magna
1243 726 1471 769 Molossum

299 802 445 845 Mollia
464 802 566 843 ricta
584 800 780 852 fremunt,
812 801 937 843 duros
957 801 1156 843 nudantia
1175 801 1346 852 denteis,

214 967 427 978 ---—-—-
435 954 514 980 simul
525 955 622 981 domus
636 954 691 980 alta
702 954 815 980 Molonis

214 996 350 1023 personuit
363 995 537 1021 canibus—.

197 1060 278 1093 Ibid.
313 1071 425 1100 magna
451 1059 613 1100 fremunt:
646 1065 684 1091 ut
710 1059 874 1101 Virgilius,

155 1114 230 1145 AEn.
252 1112 304 1143 xii.
329 1114 400 1144 5:35.
422 1114 545 1142 inmane
556 1111 724 1152 frementi,-
749 1117 781 1142 et
802 1112 875 1143 ibid.

154 1177 215 1198 ver.
238 1170 310 1199 598.
333 1168 439 1198 acerba
461 1167 608 1207 fremens.
653 1167 748 1203 Quod
773 1168 876 1198 moni-

154 1224 222 1250 tum
239 1219 396 1250 voluimus
410 1221 450 1250 ob
465 1220 640 1260 interpretis
660 1226 805 1256 erratum,
828 1230 875 1251 re-

152 1269 279 1301 ferentis
300 1282 412 1310 magna
436 1270 477 1301 ad
499 1273 589 1308 ricta,
616 1271 656 1302 de
680 1272 787 1303 minus
814 1271 876 1302 ele-

152 1326 246 1363 gante
259 1321 495 1353 constructione.

194 1373 270 1404 Ver.
287 1377 378 1405 1063.
390 1374 552 1415 fremunt.-
578 1374 621 1405 sic
637 1373 674 1405 P.
690 1380 721 1405 et
735 1374 832 1406 vind.
850 1374 877 1404 si

151 1424 275 1456 credere
290 1424 429 1455 collatori
446 1425 494 1456 fas
507 1425 564 1463 sit3
587 1425 724 1464 Nonius,
745 1425 787 1456 iii.
807 1428 876 1457 185.

153 1483 301 1513 tremunt;
325 1476 435 1517 reliqui
459 1475 540 1515 libti‚
567 1483 731 1516 premunt;
764 1483 796 1508 et
820 1478 880 1507 hoc

152 1527 301 1559 ultimum
316 1527 391 1558 ferri
404 1527 532 1558 fortasse
556 1533 690 1567 poterat:
713 1538 813 1569 quum
827 1538 879 1559 ve-

153 1591 189 1612 ro
203 1581 294 1612 lectio
308 1586 430 1621 recepta
450 1586 638 1611 structuram
656 1578 879 1619 expeditiorem

152 1633 296 1671 praebeat,
328 1637 421 1672 atque
449 1633 541 1662 verba
557 1631 672 1672 fremo,
698 1641 814 1670 premo,
847 1634 879 1659 et

150 1689 254 1721 eremo,
271 1682 444 1713 innumeris
459 1682 493 1712 in
508 1681 587 1712 locis
601 1686 792 1712 commutata
806 1680 879 1719 sint,

150 1733 233 1764 nihil
246 1732 428 1764 novandum
443 1731 625 1762 existimavi.

194 1785 276 1816 Ibid.
296 1785 427 1816 Mollia.-
451 1783 472 1814 i.
490 1794 518 1814 e.
545 1784 631 1826 niypoe,
652 1782 777 1819 flexilia,
800 1792 876 1823 pen-

152 1835 235 1867 silia:
261 1835 328 1867 redi
343 1835 384 1866 ad
397 1841 546 1866 annotata
559 1835 593 1865 in
608 1835 647 1865 iv.
663 1837 736 1866 59⁶2.

194 1887 447 1928 Ibid.fremune.·
465 1887 485 1917 i.
496 1897 522 1917 e.
537 1888 876 1924 immurmurantmon-

152 1938 231 1969 dum
245 1938 326 1970 clare
340 1937 460 1977 sonori3
482 1937 542 1977 vel,
564 1943 600 1968 ut
613 1947 688 1969 cum
709 1937 816 1969 Persio
830 1937 875 1968 lo-

152 1999 238 2031 quar,

158 2064 300 2088 Murmura
308 2067 374 2088 cum
382 2067 474 2088 secum
485 2064 514 2087 et
531 2061 629 2087 rabiosa
639 2061 743 2088 silentia
752 2061 865 2087 rodunt:

151 2132 205 2173 qui
225 2132 393 2164 versiculus
416 2133 540 2174 egregie
564 2132 699 2165 illustrat
725 2139 877 2164 nostrum.

152 2185 227 2215 Hoc
240 2184 316 2216 facit
329 2185 424 2216 etiam
442 2185 544 2222 Silius,
562 2185 604 2216 ad
617 2186 701 2217 Pun.
717 2195 767 2216 xv.
784 2185 838 2216 fin.

433 2257 518 2283 clauso
528 2261 725 2283 commurmurat
736 2265 787 2283 ore.

152 2327 196 2357 Et
211 2327 259 2357 his
275 2327 411 2358 versibus
428 2327 500 2359 Cari
521 2328 706 2369 generaliter
721 2328 878 2368 appositus

151 2383 198 2409 est
215 2377 298 2409 Sexti
317 2378 468 2418 Empirici
493 2380 580 2410 locus
603 2380 639 2410 in
654 2380 742 2420 Pyrr.
757 2381 874 2420 hypott.

151 2429 202 2460 lib.
224 2430 244 2460 i.
273 2440 337 2470 cap.
354 2433 403 2460 14.
432 2436 502 2462 sect.
519 2434 568 2463 75.
613 2437 669 2462 Kou
695 2444 821 2472 κκκομευ
849 2432 876 2464 δε

153 2495 207 2513 *rm
223 2495 317 2518 κανων,
343 2489 440 2516 αλλην
453 2496 504 2522 μεν
526 2490 615 2523 φωνην
637 2488 808 2525 προῖεμενων,
835 2485 876 2516 ὅτ’

153 2546 187 2564 αν
201 2547 362 2573 apamenam-m
383 2547 471 2568 τινας·
495 2541 592 2568 ethim
606 2533 646 2573 δε,
669 2535 712 2565 ὅτ’
726 2549 760 2566 oer
776 2549 876 2576 ωρυων-

152 2597 213 2615 ται·
237 2598 287 2615 και
303 2592 412 2623 αλλην,
435 2585 476 2616 ὅτ’
499 2599 533 2616 m
548 2598 728 2617 curvum-m·
753 2601 803 2617 και
817 2586 877 2618 δια-

152 2643 236 2678 φορον,
254 2649 326 2668 επαν
341 2650 462 2669 noctram.
507 2638 590 2668 Cum
605 2638 717 2678 quibus
732 2639 873 2670 commit-

150 2692 197 2718 tas
211 2698 258 2726 ea,
275 2698 345 2729 quae
359 2689 554 2728 reperiuntur
568 2689 603 2719 in
614 2689 730 2729 Porph.
745 2689 784 2721 de
798 2691 874 2722 abst.

149 2739 193 2771 iii.
207 2744 237 2773 5.
259 2743 317 2773 sub
331 2743 385 2773 fin.

195 2800 275 2832 Ibid.
287 2803 431 2844 fremunt
453 2806 533 2835 ricta
561 2815 680 2836 canum.
727 2804 875 2835 Similiter

156 2851 357 2892 Claudianus,
383 2855 423 2903 de
439 2856 548 2896 Scyllae
563 2858 700 2894 canibus,
715 2857 794 2897 epig.
810 2856 830 2887 l.
845 2860 874 2886 2.

168 2926 280 2959 scylleos
289 2928 360 2955 inter
367 2930 500 2962 fremitus,
511 2931 671 2964 avidamque
683 2931 844 2964 Charybdin.

919 956 988 987 Nec
1003 956 1110 986 minus
1125 955 1270 986 Valerius
1284 955 1424 993 Flaccus,
1439 955 1459 986 ἱ.
1477 958 1546 988 159.

933 1039 970 1063 At
984 1038 1076 1070 procul
1087 1045 1102 1063 e
1113 1038 1220 1062 stabulis
1230 1037 1327 1069 trepidi
1337 1037 1454 1063 clamore
1464 1040 1611 1068 sequuntur

934 1080 1060 1107 pastores,
1067 1076 1244 1109 fremitusque
1256 1083 1357 1100 canum.

923 1148 1053 1187 Trepida·
1072 1156 1155 1185 vero,
1182 1150 1306 1186 propter
1330 1144 1559 1176 solicitudinem
1573 1145 1640 1186 fis·

917 1202 1061 1230 tinantes.

962 1250 1043 1281 Ibid.
1066 1252 1157 1281 duros
1188 1251 1342 1281 nudantia
1371 1250 1494 1279 (lemeis.
1538 1248 1642 1284 Maro,

918 1311 986 1343 geo.
1001 1301 1032 1332 ii.
1048 1305 1119 1333 578.

1271 1373 1383 1404 durique
1392 1373 1539 1404 venenum}

981 1413 1144 1438 Dentis—:

921 1482 1014 1518 atque
1028 1476 1151 1512 ibidem,
1167 1475 1209 1506 iii.
1225 1478 1296 1507 514.

983 1549 1107 1575 Discissos
1116 1548 1192 1573 nudis
1202 1547 1336 1573 laniabant
1346 1547 1460 1572 dentibus
1468 1549 1551 1572 artus.

922 1615 1113 1645 Heinsianas
1148 1614 1352 1654 conjecturaS,
1389 1613 1504 1649 crudis,
1533 1613 1643 1650 avidis,

920 1666 1001 1696 nihil
1014 1677 1126 1697 moror.
1169 1666 1243 1696 Hac
1258 1671 1364 1695 autem
1381 1663 1549 1699 occasione,
1571 1663 1643 1702 poe·-

921 1727 974 1747 ma
1001 1716 1232 1755 politissimum,
1258 1716 1358 1746 Anth.
1385 1715 1454 1745 Lat.
1477 1713 1643 1745 Burm.iii.

921 1771 950 1799 6.
973 1768 1172 1798 emendatius
1186 1766 1351 1797 exhibebo:

935 1853 984 1878 Hic
995 1853 1045 1878 tibi
1056 1852 1212 1884 surgebant,
1223 1850 1348 1880 celebres,
1358 1849 1485 1874 Luculle!
1504 1851 1612 1880 penates
1619 1853 1629 1872 t

965 1895 1014 1918 Pro
1024 1893 1130 1924 quibus,
1144 1892 1212 1917 heu!
1233 1890 1309 1915 vasta
1323 1890 1396 1914 mole
1406 1889 1481 1913 ruina
1487 1889 1570 1920 jacet.

935 1935 985 1957 Iste
995 1936 1087 1957 tamen
1100 1931 1183 1963 paries
1193 1930 1288 1962 priscae
1300 1929 1411 1961 vestigia
1422 1928 1520 1953 formae

966 1974 1077 2002 Servat3
1094 1975 1122 1997 et
1134 1977 1257 1996 eversum
1269 1970 1370 2002 grande
1378 1968 1497 2000 superbit
1507 1975 1583 1999 opus.

935 2012 1034 2037 Omnia
1044 2018 1107 2043 quae
1117 2011 1182 2036 duro
1191 2010 1351 2042 confringant
1362 2009 1444 2039 dente,
1454 2008 1584 2040 parabant

965 2052 1091 2078 Exitium
1103 2051 1173 2077 saxis
1183 2052 1331 2082 Tempora,
1343 2050 1426 2074 Fama
1435 2051 1526 2081 negat.

920 2129 995 2166 Iste,
1011 2126 1174 2161 Beana-mm.-
1198 2125 1278 2160 libri,
1295 2126 1372 2164 Ipse.
1416 2124 1460 2154 Et
1474 2123 1580 2163 vulgo,
1596 2124 1644 2153 di-

920 2192 954 2211 ro
978 2182 1178 2221 confirmant,-
1206 2178 1420 2214 Burmannus,
1447 2180 1642 2211 consumunt,-

923 2229 1177 2270 Oudendmpius,
1206 2234 1242 2259 ut
1265 2226 1404 2258 intellexi
1433 2232 1546 2266 postea,
1575 2236 1646 2256 con-

910 2282 1083 2323 fringunt:
1108 2280 1162 2311 sed
1176 2279 1256 2310 illud
1270 2284 1393 2318 tempus
1414 2287 1487 2308 cum
1501 2288 1570 2317 quae
1584 2282 1646 2306 stan

919 2333 965 2363 bit
982 2332 1108 2372 optime.
1131 2331 1236 2362 Possis
1249 2330 1344 2360 etiam
1358 2330 1538 2360 conturbant
1542 2343 1553 2365 ;
1577 2327 1647 2358 vide

920 2384 1047 2414 Lucret.
1073 2383 1093 2414 i.
1117 2385 1189 2414 560.
1210 2382 1254 2412 iii.
1270 2385 1341 2412 499.
1363 2386 1395 2410 at
1415 2380 1553 2419 positum
1576 2389 1645 2409 ma-

919 2434 985 2466 lim.
1030 2434 1112 2465 Vide
1127 2433 1243 2464 Tibull.
1263 2433 1302 2463 iv.
1321 2436 1350 2462 5.
1365 2435 1394 2462 3.
1440 2431 1507 2461 Nec
1527 2431 1645 2462 Lucre-

921 2486 1013 2517 tianis
1041 2496 1105 2516 non
1131 2485 1264 2516 conferri
1288 2484 1379 2515 debet
1402 2484 1553 2520 Avianus,
1582 2483 1643 2514 fab.

922 2537 973 2568 vii.
991 2540 1018 2567 l.

935 2619 1015 2642 Forte
1026 2617 1097 2642 canis
1108 2617 1257 2648 quondam,
1272 2615 1349 2640 nullis
1359 2614 1497 2640 latratibus
1505 2614 1624 2645 horrens,

965 2658 1018 2681 Nec
1029 2656 1126 2688 patulis
1137 2656 1256 2688 primum
1268 2655 1377 2679 rictibus
1388 2660 1434 2678 ora
1443 2653 1562 2683 trahens,

930 2698 1021 2724 Mollia
1031 2700 1077 2723 sed
1087 2699 1192 2730 pavidae
1203 2699 1362 2723 submittens
1372 2699 1483 2723 verbera
1498 2698 1605 2727 caudae,

963 2739 1092 2764 concitus
1101 2739 1197 2764 audaci
1208 2738 1317 2763 vulnera
1327 2738 1408 2764 dente
1418 2738 1508 2762 dabat.

921 2814 953 2844 Si
977 2814 1109 2855 liqueret
1133 2819 1248 2844 veteres
1263 2816 1346 2844 him-o
1372 2813 1471 2843 tertiae
1493 2813 1643 2853 conjuga-

918 2867 1011 2897 tionis
1026 2867 1178 2903 habuisse,
1203 2877 1312 2896 verum
1332 2866 1411 2897 foret
1424 2868 1554 2904 liin-ens,
1578 2866 1645 2896 vice

920 2923 1053 2952 horrens.
1101 2920 1327 2952 Onomasticon
1348 2919 1640 2952 Latino-Graecum:
