1926 3224
589 236 821 286 LIBER
876 235 1179 285 SEXTUS.

1538 240 1630 285 277

173 373 254 408 3⁶20
288 368 401 417 Quin
422 369 551 424 prius,
583 369 625 409 in
647 384 768 410 cursu
789 369 821 410 si
841 383 926 410 non
947 367 1187 409 adcenditur
1206 366 1315 424 igni,

285 443 344 483 At
364 443 562 498 tepefacta
581 452 717 484 tamen
738 444 888 492 veniat,
922 442 1134 483 conmixta
1152 441 1298 483 calore.

343 516 555 558 Mobilitas
576 525 712 557 autem
732 515 779 555 fit
796 515 991 563 fulminis,
1023 522 1064 554 et
1082 515 1217 569 gravis
1236 515 1361 564 ictus,

284 590 348 631 Ac
369 590 487 632 celeri
507 590 634 630 ferme
653 595 834 644 pergunt
852 587 926 627 tibi
946 586 1117 626 fulmina
1135 586 1267 640 lapsu,

284 663 472 704 Nubibus
493 663 582 716 ipsa
600 660 711 716 quod
733 660 903 700 omnino
922 659 1037 714 prius
1057 659 1184 700 incita
1203 674 1246 699 se
1264 659 1324 700 vis

170 743 251 779 325
286 738 481 793 Conligit,
513 744 554 776 et
573 750 772 792 magnum
792 749 993 776 conamen
1015 735 1138 776 sumit
1159 734 1296 775 eundi.

283 810 402 860 Inde,
434 809 505 850 ubi
525 824 610 850 non
631 810 767 865 potuit
786 809 916 851 nubes
937 824 1084 865 capere
1110 809 1259 864 inpetis
1281 817 1471 860 auctum,

279 883 538 938 Exprimitur
557 883 635 932 vis3
667 892 789 939 atque
808 883 901 924 ideo
920 883 1030 924 volat
1049 883 1186 938 inpete
1205 883 1328 933 miro,

283 957 345 999 Ut
364 957 504 998 validis
525 972 617 1012 quae
638 957 690 999 de
711 958 924 999 tormentis
944 958 1066 998 missa
1086 957 1286 999 feruntur.

337 1030 476 1081 Adde,
505 1031 619 1087 quod
637 1047 660 1074 e
678 1032 828 1087 parvis,
861 1039 901 1072 et
918 1030 1102 1081 laevibus,
1135 1039 1195 1072 est
1215 1030 1442 1080 elementis;

138 1215 206 1236 ram
222 1204 254 1235 in
267 1204 440 1236 subsidium
456 1204 611 1245 advocavi,
630 1212 740 1246 praeter
757 1212 864 1238 votum

138 1269 246 1290 meum
276 1270 313 1290 ac
343 1261 620 1299 consuetudinem;
651 1261 705 1291 sed
730 1262 866 1291 rationes

138 1320 225 1340 meas
240 1321 304 1340 non
318 1320 425 1341 vereor
447 1311 522 1351 quin
545 1312 696 1342 candidus
719 1311 815 1342 lector
835 1318 866 1342 et

138 1361 318 1402 intelligens
347 1372 403 1392 suo
439 1362 478 1391 sit
507 1363 655 1403 suffragio
684 1363 865 1393 donaturus

139 1414 206 1444 Ac:
243 1424 352 1444 ornnes
381 1412 451 1444 libri
482 1420 609 1452 veteres,
641 1417 699 1451 Ae‚·
735 1415 868 1445 editores

138 1465 177 1495 de
207 1476 264 1496 suo
287 1467 343 1503 Ee,
369 1465 416 1495 uti
443 1466 631 1505 conspicitur
656 1467 690 1496 in
706 1464 801 1497 Vind.
829 1469 868 1497 ob

137 1515 367 1556 indiligentiam
403 1516 567 1548 collatoris.
629 1517 688 1548 Sed
726 1524 872 1548 nostrum

139 1571 188 1600 Ac
203 1569 415 1608 probabilitate
430 1577 563 1609 praestat,
587 1577 651 1601 tam
666 1571 750 1612 quod
766 1583 782 1602 c
804 1577 835 1600 et
856 1578 868 1601 t

138 1618 293 1650 elementa
306 1621 419 1659 passim
435 1627 660 1660 permutentur,
677 1632 770 1662 quam
784 1621 868 1662 quod

137 1670 204 1710 ipsa
220 1673 267 1701 Ac
282 1677 313 1701 et
328 1672 370 1702 At
386 1681 449 1701 non
472 1682 542 1702 raro
561 1672 694 1702 alterum
710 1673 743 1702 in
761 1671 865 1702 alteri-

139 1731 177 1751 us
202 1721 307 1751 locum
333 1722 466 1752 vicissim
496 1723 865 1764 subrogentur.—Porro‚

139 1772 219 1802 solet
247 1772 384 1813 evulgari
416 1781 550 1813 pergunt
578 1776 638 1810 sic,·
669 1774 730 1809 sed,
755 1784 795 1804 an
828 1784 866 1804 ex

138 1825 320 1855 auctoritate
335 1825 489 1862 codicum,
513 1836 710 1867 nequaquam
726 1832 861 1857 constat:

140 1878 179 1909 P.
196 1879 239 1908 V.
265 1877 314 1909 ed.
333 1885 467 1918 pergunt
494 1880 562 1909 ubi:
584 1879 653 1918 jam
668 1889 739 1909 vero
761 1878 867 1908 scribae

139 1929 318 1969 frequenter
343 1929 511 1959 confudere
534 1940 623 1960 voces
652 1932 705 1960 ubi
730 1941 765 1960 ac
795 1931 867 1967 tibi,-

139 1986 171 2010 et
186 1986 289 2011 nostra
304 1981 396 2011 lectio
417 1987 463 2011 cst
485 1992 520 2012 ex
538 1981 699 2022 elegantiis
714 1992 784 2012 vere
798 1982 864 2011 Lu-

139 2031 300 2062 cretianis:
327 2032 434 2061 confer
448 2043 522 2062 mox
536 2043 595 2063 ver.
612 2037 685 2064 564.
700 2038 731 2062 et
745 2043 775 2063 v.
792 2035 865 2063 261.

140 2082 269 2112 —deest
293 2085 337 2113 sic
353 2083 450 2114 Vind.
478 2084 591 2121 codici;
618 2084 658 2114 Ο.
688 2090 723 2115 A.
749 2086 866 2124 disper-

136 2141 231 2174 ὅππῃ·
257 2140 291 2166 Σ.
309 2142 445 2175 pergunt
460 2147 545 2173 cum‚-
572 2136 701 2177 n.jam
713 2143 867 2176 pergunt.-

140 2196 210 2225 quae
241 2187 348 2216 omnia
376 2197 440 2217 sese
469 2187 638 2217 traducunt
665 2198 721 2226 pro
747 2186 879 2217 miseris-

141 2245 345 2266 numerorum
388 2237 632 2268 claudicantium
680 2238 867 2268 tibicinibus.

141 2287 194 2317 De
220 2288 258 2317 L.
274 2289 321 2318 M.
348 2295 385 2318 ut
409 2290 486 2319 alias
511 2291 646 2320 nimium
672 2301 760 2330 saepe,
791 2290 870 2320 nihil

141 2338 381 2378 Havercampus
395 2340 509 2370 retulit.

186 2397 258 2428 Ver.
274 2402 346 2429 524.
375 2411 405 2430 se
439 2402 502 2431 vis:
544 2400 583 2430 V.
614 2401 662 2431 ed.
694 2401 733 2432 Ο.
763 2403 866 2436 scenis,-

141 2449 239 2480 Vind.
270 2453 389 2486 sncius;
431 2451 532 2482 eidem
568 2462 694 2491 prorsus
726 2454 871 2483 oberrans

142 2500 274 2544 chordae.

184 2553 260 2582 Ver.
278 2556 350 2583 326.
373 2555 502 2593 inpetis:
528 2555 569 2584 V.
588 2554 636 2585 ed.
665 2555 704 2585 0.
731 2558 868 2596 impetus.

141 2603 300 2632 -Vetus
335 2603 533 2644 glossarium:
583 2609 604 2624 “
628 2607 740 2646 Impes,
783 2609 867 2650 ῥυμη,

141 2657 164 2674 ιι
180 2655 262 2691 βαιῇ

183 2714 266 2744 Ibid.
295 2726 402 2755 capere
431 2718 543 2757 inpetis
569 2723 705 2748 auctum.
749 2716 867 2756 Livius,

141 2764 215 2795 xxii.
253 2768 281 2796 5.
318 2766 402 2797 haud
440 2767 677 2808 discrepat:—“
693 2769 727 2799 in
764 2779 873 2800 omnes

144 2819 285 2855 “partes
329 2819 542 2860 nequidquam
585 2823 704 2860 inpetus
745 2822 871 2862 capti,·”

143 2867 198 2898 ubi
212 2870 396 2913 consulendi
420 2871 478 2903 tibi
499 2879 572 2904 sunt
587 2872 757 2904 doctissimi
782 2884 871 2905 enar-

141 2924 269 2952 ratores.

949 1206 1023 1235 Ver.
1040 1207 1114 1235 527.
1142 1205 1338 1244 Erprimitur
1360 1204 1414 1234 vis.
1462 1202 1512 1232 Ita
1535 1202 1643 1233 Luca·-

908 1267 979 1294 nus,
997 1257 1016 1286 i.
1036 1259 1106 1287 151.

1057 1340 1203 1368 expressum
1215 1336 1301 1361 ventis
1315 1342 1363 1367 per
1380 1333 1470 1360 nubila
1477 1335 1622 1366 fulmen—-

955 1416 1029 1446 Ver.
1045 1420 1118 1446 528.
1140 1418 1177 1446 de
1191 1417 1349 1446 tormentis
1367 1417 1468 1446 missa.
1514 1415 1638 1455 Cogna-

912 1473 962 1497 tus
984 1468 1125 1497 locorum
1150 1473 1239 1497 tenor
1260 1467 1370 1505 probat
1386 1465 1557 1505 Virgilium
1578 1466 1638 1495 hu-

908 1520 996 1559 jusce
1011 1518 1116 1549 versus
1135 1527 1308 1548 memorem
1333 1517 1443 1556 fnisse,
1464 1517 1541 1547 dum
1566 1516 1639 1547 scri-

913 1571 1009 1608 beret,
1034 1571 1108 1600 AEn.
1124 1569 1166 1599 xi.
1181 1573 1254 1600 616.

1293 1649 1425 1672 Excussus
1435 1648 1575 1672 Aconteus

941 1695 1061 1720 Fulminis
1073 1696 1099 1719 in
1112 1702 1230 1725 morem,
1239 1699 1288 1719 aut
1299 1698 1420 1719 tormento
1431 1695 1555 1727 ponderis
1565 1695 1630 1721 acti.

911 1770 1032 1800 Pariter
1063 1769 1103 1800 de
1131 1771 1288 1800 tormentis
1319 1769 1480 1809 Vegetius
1517 1770 1557 1800 iv,
1589 1774 1639 1802 29.

911 1825 934 1840 “
951 1822 1048 1858 Nam,
1070 1832 1151 1851 more
1165 1821 1326 1861 J'ulme'nis,
1349 1820 1499 1861 quidquid
1516 1831 1646 1859 percus--

911 1876 933 1891 “
950 1873 1056 1910 serint,
1087 1878 1142 1902 aut
1170 1871 1344 1908 dissolvere,
1375 1879 1430 1902 aut
1457 1872 1640 1911 irrumpere,

913 1921 1209 1953 “consueverunt'’
1264 1922 1354 1952 Dum
1392 1923 1425 1952 in
1462 1924 1521 1953 boc
1557 1934 1641 1960 sum,

911 1976 1093 2006 morbosum
1119 1973 1283 2004 Ammiani
1314 1974 1493 2005 Marcellini
1523 1975 1640 2014 locum,

910 2027 994 2057 xxiii.
1012 2030 1041 2057 4.
1065 2026 1222 2057 editorum
1238 2036 1363 2056 crucem
1378 2037 1414 2056 ac
1436 2032 1640 2063 tomentum,

911 2078 1035 2109 sanitati
1060 2089 1124 2108 suae
1146 2078 1324 2108 restituam:
1357 2081 1379 2096 ‘⁴
1397 2078 1440 2108 Et
1460 2084 1641 2109 tormentum

912 2134 934 2150 “
951 2129 1078 2170 quidem
1094 2129 1266 2168 appellatur
1281 2138 1318 2158 ex
1334 2138 1382 2166 eo,
1403 2129 1488 2168 quod
1502 2131 1576 2159 loris
1591 2141 1641 2160 ez·-

913 2181 1074 2219 “plicatis
1105 2179 1296 2220 torquetur.''
1340 2179 1440 2216 Libri,
1466 2182 1562 2211 omnis
1591 2191 1640 2211 ex-

908 2232 1046 2271 plicatio.

956 2294 1031 2323 Ver.
1048 2296 1120 2325 5‘29.
1142 2300 1188 2324 et:
1213 2293 1257 2324 ita
1277 2294 1313 2324 P.
1330 2294 1372 2324 V.
1401 2293 1448 2324 ed.
1477 2294 1517 2325 O.
1544 2299 1579 2325 A.
1605 2299 1642 2326 Σ.

916 2351 959 2376 Ω..
988 2345 1098 2385 reliqui
1125 2355 1244 2381 omnae,
1267 2351 1308 2376 ut
1325 2345 1476 2385 suspic0t3
1501 2356 1576 2376 nam
1589 2357 1649 2376 su-

913 2397 1079 2436 pinitatem
1109 2397 1264 2428 collatoris
1290 2397 1390 2428 Vind.
1422 2397 1501 2427 nihil
1529 2408 1646 2428 moror.

915 2446 1034 2488 Vulgo,
1050 2459 1097 2479 ac.

954 2506 1028 2537 Ver.
1045 2510 1117 2538 531.
1141 2519 1214 2538 rara
1224 2499 1236 2538 :¹
1253 2507 1350 2537 Vind.
1366 2508 1407 2537 V.
1424 2507 1472 2538 ed.
1488 2519 1564 2545 ara;
1587 2509 1645 2538 ab·

912 2563 1015 2597 sorpto
1029 2570 1046 2588 r
1055 2560 1093 2588 ab
1106 2558 1299 2598 praecedente
1310 2559 1462 2589 dictione:
1486 2559 1524 2589 O.
1535 2566 1618 2590 astra
1626 2576 1642 2596 f

912 2615 949 2640 A.
958 2617 1056 2641 strata
1064 2627 1074 2648 ;
1087 2616 1121 2642 Σ.
1137 2618 1224 2642 arcta
1230 2627 1242 2648 ‚·
1258 2617 1301 2642 Ω.
1311 2618 1416 2651 aperta
1425 2627 1436 2648 ;
1449 2611 1542 2642 etiam
1553 2613 1644 2651 bene,

912 2667 943 2691 et
972 2661 1076 2692 forsan
1106 2673 1191 2694 vere:
1225 2663 1281 2694 sed
1303 2663 1530 2703 antiquissimis
1554 2663 1645 2694 libris

910 2714 1203 2752 obtemperandum
1220 2720 1312 2755 atque
1323 2714 1433 2744 eodem
1448 2714 1541 2753 piane
1555 2724 1642 2754 spec-

916 2770 984 2794 tant
1001 2765 1096 2795 Vind.
1119 2775 1154 2795 ac
1171 2765 1210 2796 V.
1232 2765 1279 2796 ed.
1303 2775 1373 2806 quae
1395 2765 1448 2795 dat
1469 2765 1563 2795 etiam
1585 2775 1650 2804 pro⁴

916 2825 978 2846 var.
994 2815 1063 2846 lect.
1078 2827 1176 2847 uara:
1201 2822 1237 2846 ut
1254 2822 1298 2847 n..
1319 2816 1458 2846 vicissim
1479 2816 1585 2847 favent
1600 2816 1648 2847 Ο-

916 2873 947 2897 et
962 2871 996 2897 Σ.
1042 2867 1126 2897 Mox·
1138 2867 1179 2897 V.
1195 2867 1243 2897 ed.
1259 2869 1351 2906 inter,
1366 2877 1423 2906 pro
1437 2869 1480 2898 in.

959 2927 1036 2958 Ver.
1049 2930 1121 2959 553.
1147 2929 1299 2960 Haesicae:
1325 2927 1367 2959 V.
1382 2927 1431 2959 ed.
1447 2931 1482 2961 Σ.
1499 2933 1544 2959 Ω.
1562 2927 1644 2958 Hae-
