1926 3224
591 237 826 287 LIBER
868 236 1165 286 SEXTUS.

1529 244 1631 287 889

283 370 340 412 Et
358 370 547 412 manibus
567 371 653 412 sine
671 385 758 411 non
778 370 916 420 nullei‚
937 369 1204 425 pedibusque,
1227 368 1471 420 manebant,

283 445 333 486 In
354 445 436 486 vita
457 453 610 495 tamen,
632 453 673 486 et
691 444 919 500 perdebant
937 444 1094 485 lumina
1110 443 1276 498 partim:

143 523 250 560 1210
283 519 426 575 Usque
446 519 549 560 adeo
569 518 711 559 mortis
731 526 862 558 metus
883 517 960 557 hiis
980 518 1204 558 incusserat
1223 531 1329 558 acer.

277 593 417 648 Atque
437 593 559 633 etiam
579 591 778 647 quosdam
798 605 942 645 cepere
962 590 1112 631 oblivia
1131 605 1270 631 rerum

277 666 548 715 Cunctarum‚
569 679 702 720 neque
722 679 764 705 se
782 672 949 719 possent
969 678 1216 720 cognoscere
1237 672 1282 704 ut
1303 664 1416 718 ipsei.

334 739 551 794 Multaque
570 737 686 779 humi
706 752 833 793 quom
854 736 1069 778 inhumata
1082 737 1268 792 jacerent
1287 752 1471 793 corpora:
1481 751 1606 794 supra

276 812 546 867 Corporibus,
569 820 708 852 tamen
728 811 897 852 alituum
917 825 1062 867 genus,
1086 818 1208 866 atque
1227 809 1422 862 ferarum,

137 890 242 926 1215
274 886 361 926 Aut
379 885 525 940 procul
544 885 764 930 absiliebat,
786 893 833 927 ut
853 900 989 927 acrem
1009 885 1142 927 exiret
1163 884 1332 926 odorem
1339 903 1361 934 3-

130 1040 284 1081 vcrcampi
313 1039 486 1077 silentium,
514 1040 548 1071 in
577 1042 636 1072 hac
664 1051 697 1072 re
719 1042 856 1073 nimium

130 1092 286 1128 cessantis,
310 1102 372 1134 quo
387 1092 492 1122 minus
517 1092 691 1124 existimem
715 1094 747 1123 in
768 1094 855 1125 codd.

129 1145 166 1175 1..
191 1145 240 1175 M.
264 1154 330 1174 non
355 1143 446 1174 aliter
467 1144 615 1184 scriptum
639 1146 857 1184 comparuisse.

130 1196 183 1225 De
211 1205 269 1225 suo
298 1195 388 1225 nobis
418 1194 551 1225 editores
580 1197 751 1226 commenti
785 1202 858 1226 sunt

124 1248 226 1285 plenis
241 1257 294 1276 eae:
313 1245 533 1276 indoctissime.
578 1246 671 1282 Nam,
694 1247 718 1276 si
736 1247 774 1277 de
789 1257 854 1277 me-

129 1304 177 1328 tro
192 1303 384 1335 vererentur,
406 1308 464 1327 nec
485 1298 549 1327 vim
576 1298 707 1338 hujusce
730 1309 858 1329 caesurae

128 1348 202 1378 satis
237 1349 397 1386 tenebant,
435 1358 493 1378 nec
525 1354 664 1378 veterum
695 1350 858 1388 poetarum

129 1397 388 1429 consuetudinem
401 1398 565 1435 callebant,
581 1399 782 1438 posteriorem
797 1400 855 1440 syl-

127 1450 232 1480 labam
260 1450 295 1480 in
320 1451 449 1489 sanguis
483 1450 596 1489 saepius
617 1451 858 1491 porrigentium,

129 1512 224 1542 quam
242 1501 384 1531 similiter
399 1501 597 1532 terminatam
619 1503 652 1532 in
668 1502 777 1542 quivis
794 1503 857 1533 alia

129 1553 260 1584 demum
282 1551 436 1583 dictione:
469 1553 493 1582 si
519 1553 665 1583 timerent
690 1563 796 1584 rursus
817 1553 856 1584 de

129 1603 372 1641 constructione,
398 1603 551 1643 Virgilius
570 1603 700 1634 meliora
715 1604 856 1635 docuisse

128 1661 272 1695 potuerat
285 1655 319 1685 in
334 1654 482 1695 parallelo
493 1655 572 1694 loco,
587 1665 657 1696 geo,
671 1655 714 1687 iii.
730 1659 801 1688 507.

158 1778 160 1780 ι
570 1748 590 1773 it
600 1748 706 1774 naribus
716 1752 774 1775 ater

189 1788 372 1821 Sanguis—-

171 1868 247 1899 Ver.
260 1871 351 1899 1202.
369 1869 453 1899 Huc.
468 1869 570 1900 Faber
584 1875 666 1900 recte
683 1871 756 1901 Hac
766 1869 851 1910 legit.

628 1922 678 1952 ΒΕ
685 1932 706 1952 N
713 1932 735 1952 T
741 1933 758 1952 ι.
764 1933 797 1953 1·:1
804 1933 822 1953 u
830 1933 855 1953 s.

127 1972 276 2003 Licenter
297 1971 426 2012 quidem
451 1972 526 2002 satis
549 1979 580 2003 et
604 1973 795 2013 importune,
821 1980 858 2004 ut

127 2024 273 2065 pleraque
289 2024 382 2054 Fabri
398 2024 432 2054 in
447 2025 642 2056 Lucretium.

170 2084 251 2116 Ibid.
271 2085 332 2115 Sed
347 2085 426 2114 heus
442 2090 488 2123 tu,
505 2096 546 2115 an
557 2092 652 2116 totum
667 2097 776 2126 corpus
792 2085 851 2116 flu·

128 2137 199 2167 ebat
225 2146 281 2176 per
304 2135 416 2168 nares?
440 2151 462 2167 ω
487 2149 590 2168 τουτου
618 2147 690 2168 meo
713 2137 853 2176 periculo

130 2188 240 2225 scribe,

477 2277 555 2306 vires,
565 2279 588 2300 et
600 2276 661 2301 vita
673 2276 782 2302 fluebat.

129 2347 253 2378 Ennius
268 2346 427 2377 similiterz

138 2438 218 2468 Vzres,
227 2437 337 2469 vitaque
349 2443 444 2469 corpus
455 2445 548 2463 meum
560 2442 626 2463 tunc
637 2438 734 2464 deserit
745 2445 837 2464 omne.

626 2481 676 2511 Be
683 2491 704 2510 N
711 2491 732 2511 T
739 2491 757 2511 1.
763 2491 820 2511 mu
829 2491 853 2511 s.

128 2569 218 2600 Nihil
233 2569 297 2600 vidi
316 2569 484 2608 infelicius,
508 2576 562 2600 aut
578 2570 708 2611 ingenio
723 2571 855 2602 lectione

126 2621 290 2661 po’e'tarum
306 2622 430 2652 exculto
444 2622 545 2663 magis
559 2622 738 2663 iudignum.
762 2623 852 2653 Hen-

128 2673 243 2714 dyades
273 2680 330 2712 est,
361 2674 468 2714 quales
495 2674 609 2713 passim
640 2676 854 2713 obversantur;

127 2727 204 2756 vires
220 2736 386 2766 corpusque
401 2725 528 2763 scilicet,
550 2736 608 2764 pro
621 2728 735 2757 viribus
750 2738 853 2766 corpo-

126 2779 180 2808 n's.
226 2777 329 2808 Pudet
352 2779 444 2808 rebus
474 2778 656 2819 vulgaribus
685 2779 854 2810 immorari.

130 2827 249 2858 Actum
264 2835 310 2859 est
324 2828 364 2859 de
386 2829 607 2860 laudatissimis
629 2830 754 2869 po'e'seos
768 2829 856 2860 locu-

125 2877 274 2916 tionibus,
314 2881 339 2911 si
368 2880 431 2911 sint
461 2881 501 2911 ad
531 2882 617 2911 hunc
648 2882 780 2912 modum
807 2882 856 2912 vel

127 2929 343 2969 reformandae,
379 2933 426 2963 vel
462 2933 651 2966 emovendae.
712 2934 857 2965 Hoccine

901 1043 1122 1074 Bentleianum
1152 1042 1243 1074 vero?
1277 1042 1375 1072 Nobis
1406 1042 1546 1083 perdolet
1566 1044 1629 1074 hoc

900 1095 1070 1133 inceptum.

943 1154 1018 1184 Ver.
1036 1157 1128 1184 1‘205.
1151 1156 1206 1194 qui
1221 1157 1310 1184 tetri:
1337 1155 1373 1185 P.
1391 1155 1430 1185 O.
1448 1161 1493 1186 Ω.
1516 1158 1569 1187 cui
1581 1162 1625 1187 ta-

900 1207 943 1235 trz'
951 1219 960 1240 ;
986 1210 1017 1234 et
1045 1204 1120 1234 ferri
1149 1210 1286 1243 poterat:
1314 1204 1369 1234 sed
1398 1206 1526 1246 vulgata
1554 1211 1629 1236 sunt

900 1256 1039 1285 immane
1055 1261 1209 1295 quantum
1224 1256 1414 1293 venustiora,
1435 1262 1466 1285 et
1480 1258 1534 1296 qui
1554 1256 1626 1286 nul-

901 1305 932 1336 lo
948 1305 1074 1346 negotio
1089 1305 1122 1335 in
1138 1308 1191 1336 cui
1211 1307 1345 1345 migrare
1367 1312 1501 1346 poterat:
1529 1307 1627 1337 Vind.

901 1359 984 1388 culta
998 1364 1038 1393 ετ,-
1066 1357 1107 1387 V.
1130 1357 1177 1387 ed.
1202 1362 1236 1388 Σ.
1260 1359 1412 1393 cultetrz's;
1439 1358 1479 1388 L.
1505 1357 1552 1388 M.
1575 1359 1630 1389 cui

900 1412 1002 1444 tetris5
1030 1409 1068 1444 Q.
1093 1411 1174 1440 culta
1190 1411 1274 1445 etris‚·
1302 1415 1337 1440 Δ.
1364 1409 1500 1450 denique
1525 1412 1627 1447 culta,-

900 1471 973 1490 cum
988 1460 1078 1490 hiatu
1095 1466 1253 1501 sequente.

943 1520 1024 1551 Ibid.
1049 1522 1241 1562 Prqfluvium
1256 1523 1309 1560 qni
1323 1522 1470 1551 Exierat:
1488 1521 1531 1551 ita
1542 1531 1628 1558 mox,

898 1572 932 1602 in
948 1583 1009 1602 ver.
1028 1575 1119 1603 1215.
1154 1572 1235 1602 Saue
1252 1582 1309 1602 nec
1324 1583 1393 1603 rara
1407 1579 1452 1602 est
1466 1579 1628 1603 construc-

899 1624 955 1661 tio,
977 1629 1008 1654 et
1023 1633 1079 1653 nos
1094 1623 1168 1653 alibi
1182 1623 1368 1653 illustratam
1383 1623 1538 1654 dedimus.
1576 1624 1629 1654 Sic

899 1682 1006 1706 autem
1035 1675 1359 1716 Thucydidem—xm,
1395 1689 1414 1707 ει
1447 1690 1488 1710 τις
1514 1690 1546 1708 εκ
1573 1690 1630 1708 των

899 1740 1044 1768 μεγίστων
1060 1739 1241 1769 φὲρίγίϊωτᾶ,
1266 1741 1321 1758 ἴων
1337 1741 1372 1768 ’γε
1387 1741 1563 1770 ακρωῗῆρων
1578 1741 1628 1758 oev·

901 1783 1026 1820 τιληψις
1052 1794 1128 1812 muru
1158 1795 1337 1821 επεσημαινε·
1365 1782 1480 1823 quibus
1504 1788 1628 1822 recepta

899 1832 993 1862 lectio
1009 1832 1147 1863 Lucretii
1162 1833 1373 1864 confirmatur.

946 1881 1018 1913 Ver.
1036 1886 1128 1914 1204.
1150 1885 1240 1914 kuic:
1266 1883 1364 1914 Vind.
1387 1885 1429 1914 V.
1455 1884 1502 1915 ed.
1529 1888 1564 1915 A.
1591 1888 1627 1916 Σ.

901 1937 984 1966 hinc.

944 1987 1017 2018 Ver.
1036 1989 1127 2018 1205.
1152 1986 1245 2025 Haec,
1267 1991 1299 2017 et
1323 1987 1491 2028 sequentia,
1515 1987 1560 2018 sic
1581 1987 1627 2018 le-

899 2045 1018 2079 guntur
1032 2039 1065 2068 in
1084 2039 1196 2069 Groeco
1210 2052 1456 2073 ῑ-κατεσκησι-ιτε
1473 2053 1530 2081 »γαρ
1545 2052 1570 2073 ες
1587 2053 1630 2069 «τω

896 2089 996 2126 atzmu,
1020 2104 1071 2120 καί
1087 2103 1112 2124 ξς
1128 2104 1218 2131 ἄκρας
1239 2103 1350 2132 κείρας,
1375 2105 1426 2121 καί
1449 2089 1549 2124 πᾶδας·
1575 2104 1628 2121 καὶ

897 2149 1017 2178 πολλοι,
1033 2154 1236 2183 στερισκομενοι
1249 2155 1352 2178 τευ-ων,
1370 2141 1522 2183 διεφευγον·
1541 2154 1588 2173 εισι
1603 2141 1629 2173 δ’

899 2194 924 2224 01‘
939 2207 990 2224 και
1007 2206 1062 2224 των
1077 2194 1251 2233 οφθαλμων.

942 2253 1017 2283 Ver.
1031 2256 1120 2284 1207.
1144 2255 1303 2285 Vivebant:
1324 2258 1358 2286 Σ.
1372 2255 1560 2285 Humebant.
1582 2254 1627 2284 E't

899 2304 996 2335 Vind.
1011 2304 1148 2344 insuper,
1167 2307 1262 2345 parti.

941 2365 1016 2395 Ver.
1035 2368 1126 2396 1208.
1149 2367 1232 2396 sine:
1260 2370 1294 2396 Δ.
1319 2376 1487 2397 seue—non
1510 2367 1624 2397 nullei:

898 2416 1005 2456 vulgo,
1028 2419 1186 2453 nonnulla}
1215 2416 1269 2446 sed
1293 2424 1376 2447 recte
1402 2417 1514 2447 divisas
1537 2427 1627 2448 voces

898 2468 940 2498 V.
956 2468 1003 2498 ed.
1023 2469 1061 2498 O.
1079 2475 1124 2499 Ω,
1141 2469 1297 2499 exhibent.

941 2520 1015 2550 Ver.
1035 2523 1127 2550 1210.
1149 2522 1227 2550 hiis:
1253 2520 1291 2550 P.
1306 2520 1347 2550 V.
1368 2519 1416 2550 ed.
1440 2520 1479 2550 L.
1508 2525 1542 2551 A.
1567 2522 1623 2556 iis,-

900 2577 944 2602 Ω.
967 2573 1234 2603 is.—incusserat:
1260 2571 1357 2602 Vind.
1382 2577 1416 2603 Σ.
1441 2574 1525 2603 intus
1538 2578 1604 2603 erat
1610 2571 1623 2607 ,-

897 2624 982 2665 quod
997 2630 1100 2654 ortum
1116 2631 1162 2654 est
1175 2630 1337 2663 peccatum
1354 2635 1391 2654 ex
1408 2625 1525 2654 omisso
1541 2638 1583 2664 erqo
1598 2635 1626 2662 ς,

897 2675 945 2705 uti
966 2675 1085 2705 factum
1107 2675 1141 2705 in
1164 2676 1204 2705 V.
1227 2675 1273 2705 ed.
1302 2678 1473 2710 incuserae;
1501 2674 1626 2711 deinde,

896 2728 1044 2767 separatis
1066 2727 1234 2765 vocabulis,
1262 2730 1351 2758 incus
1376 2734 1454 2764 erat,
1478 2732 1514 2756 ut
1542 2727 1626 2763 Q.—

899 2781 1078 2810 Incusserat
1093 2785 1210 2816 autem,
1226 2789 1282 2818 pro
1293 2781 1431 2809 incussus
1442 2779 1520 2816 erat,
1536 2779 1626 2808 abso-

899 2830 965 2860 lute
980 2836 1096 2868 noster,
1117 2836 1152 2860 ut
1167 2831 1297 2869 passim;
1320 2836 1413 2870 atque
1428 2829 1627 2868 potissimum

900 2881 934 2911 in
949 2881 1049 2911 verbis
1063 2881 1225 2911 notionem
1240 2879 1337 2912 motas
1359 2881 1393 2911 in
1414 2891 1447 2911 se
1461 2880 1626 2911 continen-

901 2933 997 2963 tibus:
1025 2933 1064 2963 de
1081 2933 1143 2974 qua
1157 2943 1191 2963 re
1212 2943 1269 2963 nos
1291 2932 1375 2971 alibi,
1398 2939 1430 2963 et
1443 2930 1626 2971 saepiuscule
