1926 3224
621 211 854 260 LIBER
903 210 1261 268 QUINTUS.

1571 215 1658 258 147

320 341 567 397 Indupedita
585 343 666 384 suis
684 343 871 386 fatalibus
890 345 1030 385 omnia
1048 343 1203 393 vinclis,

206 414 286 456 875
317 416 466 459 Donec
486 417 538 458 ad
558 417 768 459 interitum
787 433 916 474 genus
942 418 983 458 id
1009 418 1168 459 Natura
1187 414 1357 472 redegit.

377 490 458 532 Sed
478 505 610 546 neque
632 490 852 531 Centaurei
873 489 1047 538 fuerant,
1070 504 1145 530 nec
1167 498 1351 543 tempore
1370 488 1413 529 in
1435 487 1515 529 ullo

286 608 288 610 ,
319 563 419 605 Esse
439 570 612 619 queunt;
645 562 797 615 duplici
817 561 964 602 natura
985 570 1025 601 et
1045 575 1218 615 corpore
1237 561 1337 602 bino

316 637 385 678 Ex
404 635 637 692 alienigenis
655 634 850 675 membris
871 642 1072 689 conpacta
1091 642 1286 689 potestas,

317 710 434 751 Hinc
453 709 562 749 illinc
581 723 658 764 par
679 709 738 749 vis
758 717 803 750 ut
823 723 908 750 non
931 710 987 750 sic
1006 724 1091 750 esse
1110 709 1286 764 potissit:

204 788 284 824 880
312 783 363 824 Id
381 783 475 824 licet
493 782 590 824 hinc
610 797 734 838 quam
753 783 812 823 vis
832 782 969 824 hebeti
990 798 1236 840 cognoscere
1256 783 1392 825 corde.

372 856 599 912 Principio,
621 856 775 898 circum
795 855 924 898 tribus
944 857 1043 897 actis
1062 857 1224 913 inpiger
1244 857 1363 897 annis

200 1054 262 1062 -—
271 1043 327 1066 tuta
338 1041 398 1066 lacu
409 1042 496 1074 nigro,
506 1047 704 1074 nemorumque
714 1042 869 1068 tenebris—.

172 1112 321 1143 Similiter
345 1112 421 1143 ibid.
443 1113 463 1143 i.
480 1115 552 1144 571.
574 1113 637 1143 w‘ii.
653 1116 725 1144 603.
769 1113 893 1145 Fronti-

170 1173 239 1200 nus,
255 1164 300 1195 iii.
317 1168 346 1194 4.
363 1167 459 1195 6.—“
475 1163 619 1204 quaedam
629 1164 708 1202 loca,
721 1165 896 1195 munitione

170 1217 193 1233 “
209 1215 350 1245 tuta—:²
397 1215 566 1253 Caeterum,
589 1215 735 1246 nonnulli
749 1215 894 1253 editores,

169 1264 380 1295 infelicissime
395 1265 510 1303 dicam,
533 1276 573 1296 an
593 1266 811 1298 inscitissime?
835 1266 892 1297 flu-

169 1325 244 1346 men
259 1315 407 1346 orationis
426 1316 622 1347 Lucretianae
644 1316 807 1358 frangunt,
831 1319 894 1348 vim

169 1366 424 1407 interrogativam
435 1380 478 1407 τῳ
488 1366 549 1407 qud
559 1379 592 1399 re
603 1368 774 1399 tribuentes
780 1381 789 1406 ;
800 1379 895 1409 quam

169 1419 343 1450 Lambinus
376 1418 506 1459 pulchre
542 1419 619 1450 vidit
653 1420 895 1460 abjudicandam

169 1480 245 1500 esse.

213 1524 288 1554 Ver.
304 1527 375 1555 873.
397 1525 470 1555 aliis
478 1527 597 1565 proedoe
610 1525 766 1565 jacebant.
804 1524 893 1556 Pari-

170 1581 216 1606 ter
233 1576 438 1612 Mantuanus,
455 1577 530 1607 AEn.
546 1577 587 1606 ix.
604 1579 677 1608 485.

486 1662 590 1687 canibus
601 1663 663 1688 date
671 1662 760 1695 praeda
772 1663 883 1693 Latinis,

199 1702 280 1729 Alitib
284 1709 376 1734 usque,
380 1703 492 1734 jaces—.

211 1774 288 1804 Ver.
318 1776 389 1805 875.
419 1775 544 1805 Donec:
569 1773 613 1804 sic
641 1774 776 1805 universi
807 1775 892 1813 libri;

170 1825 225 1867 qui
247 1825 441 1856 Lambinum
463 1836 528 1856 non
557 1826 786 1864 deterruerunt,
817 1828 894 1868 quin

170 1887 265 1907 suum
278 1878 434 1908 Donicum
460 1876 633 1914 inferciret;
656 1877 741 1917 quod
763 1877 895 1908 editores

170 1928 224 1959 alii
237 1938 293 1967 per
307 1928 569 1969 patientissimam
579 1928 751 1959 socordiam
760 1929 894 1970 diligen-

167 1985 217 2011 ter
229 1986 449 2021 propagarunt.

214 2040 297 2072 Ibid.
313 2043 355 2071 ad
367 2043 526 2072 interitum
540 2044 669 2082 redigat.
700 2042 895 2081 Lactantius,

169 2090 220 2122 vii.
244 2095 293 2122 11.
318 2095 340 2110 “
357 2091 448 2122 Nihil
469 2093 566 2131 enim,
591 2093 717 2124 Tullius
739 2094 792 2130 ait,
811 2094 896 2135 quod

169 2145 194 2161 ⁴‘
211 2142 252 2173 sit
274 2143 422 2174 manibus
442 2144 591 2174 humanis
604 2144 788 2181 laboratum,
812 2145 896 2186 quod

172 2196 194 2211 “
210 2203 274 2223 non
290 2193 457 2234 aliquando
482 2197 524 2225 ad
550 2197 709 2227 interitum
724 2198 896 2235 redigatur,

172 2247 195 2263 “
208 2245 257 2275 vel
265 2245 380 2286 injuria
391 2247 623 2285 hominum,vel
635 2247 702 2286 ipsa
711 2248 895 2278 confectrice

173 2299 196 2314 “
211 2307 317 2328 rerum
332 2297 476 2328 omnium
497 2299 680 2329 vetustate.'’

215 2356 287 2387 Ver.
317 2360 387 2388 876.
410 2358 561 2398 fuerant:
588 2358 632 2388 sic
658 2358 695 2388 P.
711 2358 753 2388 V.
779 2357 826 2388 ed.
855 2358 894 2389 O.

172 2414 207 2441 Σ.
226 2415 270 2440 Ω.
288 2409 656 2450 vulg0,fuerune.-—-nec:
680 2410 725 2440 ita
740 2410 777 2440 P.
794 2410 893 2441 Vind.

171 2460 214 2491 V.
229 2460 277 2491 ed.
305 2465 341 2492 Δ.
358 2467 400 2491 11.
419 2466 453 2492 Σ.
471 2467 516 2491 Ω.
540 2461 580 2491 ad
603 2461 740 2491 Lucretii
763 2471 894 2498 morem,

172 2521 246 2541 cum
262 2523 357 2551 neque
379 2511 570 2550 praecesserit
594 2512 629 2542 in
656 2512 766 2543 eodem
791 2523 894 2550 versu;

173 2562 212 2593 O.
229 2562 313 2593 solus
327 2572 344 2592 e
359 2562 448 2600 meis,
464 2574 568 2603 neque.

213 2622 288 2653 Ver.
305 2625 376 2654 877.
399 2629 529 2663 queunt:
556 2623 592 2654 P.
608 2629 718 2663 queat‚·
732 2623 816 2664 quod
829 2623 894 2654 edi-

170 2674 289 2706 toribus
303 2685 396 2715 prave
409 2675 536 2714 placuit,
559 2681 666 2705 contra
681 2675 832 2706 stantibus
846 2686 893 2706 re-

170 2724 264 2766 liquis
278 2726 509 2766 exemplaribus
529 2726 818 2758 universis—bino:
846 2727 893 2757 M.

172 2786 241 2808 uno·

215 2835 290 2867 Ver.
304 2840 376 2870 879.
401 2839 518 2870 Sensus
533 2845 592 2870 est:
617 2842 639 2858 “
654 2839 706 2870 Ita
715 2845 751 2870 ut
761 2850 799 2869 ex
810 2838 894 2870 utra-

173 2889 196 2904 “
212 2896 272 2926 que
286 2896 371 2927 parte
385 2892 528 2930 monstri,
553 2902 589 2922 ex
614 2892 743 2922 homine
768 2898 844 2931 puta
865 2897 896 2922 et

938 1037 959 1053 “
976 1043 1056 1075 equo
1071 1033 1250 1071 constantis,
1278 1038 1411 1073 nequeat
1426 1043 1491 1063 csse
1508 1043 1562 1072 par
1577 1032 1661 1063 utili-

938 1089 1022 1115 “tas
1054 1084 1307 1114 membrorum:“
1343 1084 1403 1121 vel,
1425 1087 1447 1101 “
1468 1084 1662 1122 Impossibile

939 1139 961 1155 “
977 1142 1029 1172 est,
1042 1135 1236 1166 animantem
1248 1135 1290 1165 sic
1300 1134 1503 1173 compositam
1517 1135 1664 1164 membris

939 1192 961 1207 “
977 1189 1161 1230 alienigenis
1184 1188 1349 1229 utrobique
1370 1188 1493 1228 fungi.'’
1541 1188 1591 1218 Sic
1606 1198 1662 1217 au-

939 1246 1002 1271 tem
1028 1251 1060 1271 se
1086 1241 1246 1270 varietates
1271 1239 1414 1269 lectionis
1438 1240 1664 1278 habent—par

936 1293 997 1322 vis:
1024 1291 1061 1322 P.
1072 1292 1217 1331 parz'bus;
1243 1297 1283 1321 Π.
1301 1292 1424 1331 pravis;
1449 1290 1551 1320 caeteri
1567 1290 1664 1331 junc-

937 1343 1007 1381 tim,
1029 1344 1252 1383 parvis.--sic:
1279 1347 1315 1372 Δ.
1339 1347 1374 1374 Σ.
1396 1342 1529 1372 sia—Et
1554 1350 1664 1371 omnes

937 1394 1009 1424 libri
1026 1400 1094 1433 post
1109 1395 1148 1424 sit
1167 1393 1336 1424 inferciunt
1347 1405 1434 1433 pars,
1458 1393 1544 1423 unde
1558 1403 1664 1423 versus

934 1446 1053 1486 justam
1069 1455 1250 1475 mensuram
1265 1452 1402 1484 superat,
1428 1451 1540 1484 praeter
1556 1445 1592 1475 P.
1609 1444 1664 1484 qui

934 1499 1186 1537 par.—potissz't:
1213 1496 1251 1526 P.
1276 1495 1373 1526 Vind.
1400 1496 1436 1525 L.
1455 1496 1502 1525 M.
1521 1495 1561 1526 O.
1583 1497 1665 1534 potis

937 1551 986 1580 sit.
1021 1548 1196 1585 Nimirum,
1207 1547 1309 1576 forma
1318 1553 1434 1586 potesse
1449 1546 1523 1576 facit
1537 1546 1570 1575 in
1585 1552 1665 1575 tem-

939 1609 1012 1639 pore
1027 1599 1162 1628 instante
1177 1598 1337 1628 indicativi
1350 1597 1435 1627 modi
1444 1599 1580 1637 potessz't,
1590 1603 1620 1626 et
1631 1597 1665 1626 in

940 1650 1051 1680 eodem
1066 1655 1205 1688 tempore
1221 1648 1409 1688 subjunctivi
1427 1650 1548 1687 pocz'ssic
1560 1661 1569 1677 .·
1595 1647 1665 1677 vide

938 1700 1086 1730 Diomed.
1103 1700 1155 1730 lib.
1172 1701 1192 1730 i.
1216 1710 1244 1738 p.
1259 1703 1332 1729 581.
1356 1699 1500 1737 Plautus,
1527 1698 1617 1728 Curc.
1633 1708 1662 1728 v.

937 1755 966 1782 5.
983 1754 1032 1781 25.

969 1825 1098 1850 Animum
1117 1824 1263 1855 advortite,
1281 1824 1302 1849 si
1318 1824 1441 1856 potissum
1458 1824 1510 1848 hoc
1530 1823 1601 1849 inter
1618 1830 1664 1848 vos

1059 1872 1233 1897 componere.

940 1928 1044 1967 Idem,
1059 1929 1093 1958 in
1109 1929 1197 1959 Pers.
1215 1928 1234 1959 i.
1253 1931 1281 1958 l.
1294 1931 1344 1958 41.

1072 2003 1137 2033 quin
1148 2002 1169 2026 si
1180 2004 1289 2034 egomet
1299 2004 1374 2026 totus
1386 2007 1510 2030 veneam,
1531 2000 1580 2025 vix
1599 2001 1664 2027 reci-

1062 2043 1090 2074 pi
1097 2042 1201 2075 potessit

970 2082 1049 2113 Quod
1061 2085 1091 2106 tu
1103 2089 1148 2107 me
1159 2087 1246 2112 rogas-

940 2154 1050 2192 Porro,
1075 2153 1225 2184 dictiones
1247 2163 1307 2183 non
1327 2154 1369 2183 sic
1388 2151 1550 2183 Bentleius
1564 2153 1664 2191 suspi-

940 2206 1038 2236 cionis
1053 2205 1127 2236 nota
1141 2205 1252 2235 merito
1264 2204 1405 2245 signavit,
1416 2204 1469 2234 sed
1480 2204 1559 2234 nihil
1571 2214 1664 2234 cona-

939 2263 991 2286 tus
1005 2262 1051 2286 est
1066 2255 1204 2286 medelae.
1250 2256 1381 2285 Vanum
1396 2255 1491 2285 fuerit
1506 2255 1539 2285 in
1555 2256 1612 2284 hac
1630 2265 1664 2284 re

938 2310 1004 2339 sine
1014 2309 1170 2340 codicibus
1181 2309 1342 2346 hariolari3
1357 2318 1539 2348 expromam
1548 2314 1663 2344 tamen,

938 2363 1023 2403 quod
1035 2363 1068 2392 in
1084 2369 1223 2393 mentem
1240 2362 1371 2393 venerit:

985 2429 1052 2454 Hinc
1066 2429 1139 2453 illinc
1151 2436 1199 2461 par
1210 2429 1248 2453 vis
1258 2432 1289 2453 ut
1300 2428 1416 2453 monstris
1428 2435 1482 2453 esse
1494 2428 1608 2460 potissit.

982 2496 1057 2527 Ver.
1074 2500 1145 2527 882.
1169 2497 1288 2527 Versus
1312 2506 1416 2526 coram
1439 2495 1558 2535 positus
1571 2495 1615 2525 ita
1629 2495 1663 2525 in

938 2548 1074 2589 vulgatis
1090 2549 1265 2578 exhibetur:

969 2621 1058 2646 Floret
1080 2628 1173 2653 equus,
1195 2628 1261 2653 puer
1281 2620 1491 2652 haudquaquam:
1508 2620 1570 2652 quin
1590 2625 1663 2651 saepe

1061 2662 1210 2687 etiamnum.

939 2736 1026 2766 Illud
1041 2739 1116 2776 quin
1133 2742 1293 2776 comparet
1311 2737 1343 2766 in
1361 2735 1457 2766 Vind.
1487 2735 1591 2776 (cujus
1616 2740 1662 2764 ta-

938 2798 1013 2818 men
1027 2788 1156 2818 collator
1179 2787 1264 2817 haud
1290 2787 1383 2818 dubie
1409 2786 1608 2825 dormitabat)
1632 2791 1664 2816 et

939 2840 974 2870 P.
998 2839 1051 2869 ubi
1072 2842 1145 2879 quia
1162 2849 1326 2878 operarum
1341 2838 1417 2868 vitio
1433 2843 1593 2867 exaratum
1609 2842 1663 2866 est.

939 2891 1133 2923 —Nostrum
1152 2894 1195 2922 ita
1213 2890 1309 2922 codex
1328 2897 1372 2922 Ω.
1387 2889 1594 2930 suppeditavit
1608 2898 1663 2926 op-
