1926 3224
569 228 803 280 LIBER
853 229 1211 289 QUINTUS.

286 363 395 404 Nam
416 361 491 404 fuit
510 363 552 404 in
572 365 706 419 pretio
727 364 857 421 magis
877 379 949 415 aes,
980 379 1209 420 aurumque
1220 363 1384 420 jacebat

285 436 462 492 Propter
479 439 754 489 inutilitatem,
786 439 922 480 hebeti
942 454 1140 480 mucrone
1160 447 1361 489 retusum;

285 510 410 553 Nunc
422 512 532 567 jacet
551 528 621 562 aes,
654 526 800 553 aurum
818 513 863 551 in
884 526 1088 552 summum
1110 512 1304 554 subcessit
1323 512 1535 555 honorem.

141 586 252 626 1275
286 586 354 626 Sic
376 586 578 626 volvunda
596 593 694 624 aetas
714 591 927 624 conmutat
947 591 1135 638 tempora
1153 599 1307 626 rerum:

286 659 414 707 Quod
434 658 509 698 fuit
528 659 572 698 in
591 657 740 712 pretio,
774 657 822 698 fit
841 656 953 698 nullo
973 657 1151 713 denique
1170 657 1347 710 honore;

286 732 420 773 Porro
439 730 549 772 aliud
570 730 768 780 subcedit,
801 739 842 771 et
861 745 884 772 e
904 731 1206 786 contemptibus
1226 732 1326 783 exit,

284 803 417 860 Inque
436 803 522 845 dies
542 804 673 861 magis
693 804 914 859 adpetitur,
946 805 1146 860 floretque
1165 815 1375 861 repertum

281 878 511 928 Laudibus,
542 886 582 920 et
602 878 708 919 miro
727 879 932 920 mortaleis
952 879 1059 920 inter
1080 879 1237 921 honore
1258 889 1330 922 est.

146 956 253 993 1280

343 952 467 994 Nunc
489 952 579 1003 tibi,
611 967 694 1008 quo
714 961 836 1008 pacto
856 953 951 994 ferri
973 961 1121 994 natura
1140 963 1302 1009 reperta

286 1027 363 1077 Sit,
394 1025 509 1068 facile
528 1034 588 1069 est
607 1026 684 1082 ipsi
703 1041 777 1082 per
798 1036 838 1069 te
858 1041 1123 1084 cognoscere,
1150 1027 1345 1071 Memmi!

184 1183 259 1216 Ver.
280 1186 370 1215 1277.
397 1195 431 1215 e.-
470 1190 514 1215 Ω.
534 1184 622 1225 jam5
650 1184 800 1214 omittunt
826 1184 868 1216 V.

141 1235 190 1266 ed.
206 1236 241 1266 L.
258 1236 307 1266 M.
330 1242 370 1266 n.
387 1240 422 1266 Σ.
445 1235 531 1266 unde
558 1236 687 1265 arbitrer
709 1235 866 1276 conjectu-

141 1286 206 1316 rale
231 1297 296 1317 esse
325 1287 578 1326 supplementum
607 1287 778 1324 doctorum,
813 1288 868 1318 sed

141 1339 350 1369 necessarium
377 1346 493 1377 tamen,
525 1350 562 1370 ex
587 1349 648 1370 ver.
674 1342 745 1370 851.
776 1350 869 1380 supra

141 1395 359 1421 transvectum.

185 1451 261 1482 Ver.
278 1455 370 1483 1278.
398 1451 645 1482 Rescribendum
662 1462 726 1482 esse
740 1452 864 1492 opinor:

158 1531 243 1561 Inque
254 1531 308 1556 dies
318 1531 402 1563 magis
412 1531 559 1563 adpetitur,
571 1530 702 1562 floretque
712 1531 832 1562 refertum

156 1570 305 1595 Laudibus:

141 1644 206 1666 non
222 1636 306 1665 enim
321 1635 361 1666 de
375 1638 459 1666 novis
473 1637 603 1666 inventis
617 1635 708 1674 po‘essta
716 1635 865 1676 loquitur,

141 1686 196 1717 sed
211 1687 249 1717 de
264 1688 435 1717 honoribus
449 1693 595 1717 notarum
606 1697 711 1716 rerum
725 1697 867 1717 commu-

141 1737 224 1776 tatis,
247 1743 278 1768 et
300 1748 338 1768 ex
355 1737 560 1768 desuetudine
580 1738 614 1768 in
630 1738 870 1768 aestimationem

141 1788 274 1819 vicissim
289 1789 492 1820 venientium.
533 1789 583 1819 Sic
598 1789 746 1819 Valerius
764 1789 870 1820 Maxi-

141 1850 220 1875 mus.
236 1841 274 1871 iv.
289 1844 318 1871 3.
334 1845 364 1872 6.
387 1841 473 1877 dixit,
498 1844 520 1859 “
536 1841 648 1871 domus
659 1840 759 1881 glori&
775 1841 869 1883 refer-

142 1894 166 1910 “
183 1892 255 1929 ca,·'’
279 1899 310 1922 et
330 1893 451 1930 Cicero,
473 1893 511 1923 de
526 1899 600 1923 orat.
616 1893 636 1923 i.
654 1896 704 1924 26.
728 1896 751 1912 “
766 1899 870 1923 orator

143 1945 164 1961 “
181 1944 271 1974 laude
294 1946 510 1974 cumulatus:”
532 1950 625 1984 atque
647 1944 700 1973 alii
718 1944 869 1976 similiter.

141 1993 217 2024 Hoc
232 2000 337 2024 autem
353 1994 524 2035 linquimus
544 1994 673 2025 eruditis
695 1994 868 2035 dijudican-

141 2044 228 2076 dum.

183 2105 260 2135 Ver.
278 2110 370 2138 1279.
393 2108 574 2138 Laudibus.-
602 2107 641 2138 V.
667 2107 714 2138 ed.
740 2109 868 2140 OEaudi-

140 2157 210 2193 bus;
234 2162 265 2186 et
281 2167 338 2196 pro
352 2168 414 2189 var.
437 2159 506 2188 lect.
527 2160 709 2190 Clauditur:
736 2166 780 2190 Ω.
799 2161 869 2190 Cla-

140 2208 323 2239 dibus-est
345 2215 414 2248 post
435 2212 514 2239 miro
537 2209 622 2239 deest
638 2217 678 2240 Π.
702 2217 733 2240 et
747 2209 868 2239 omisis-

141 2268 219 2296 sem,
242 2259 267 2288 si
283 2260 380 2290 codex
402 2261 482 2291 alius
497 2261 632 2298 favisset,
656 2268 691 2291 ut
705 2263 816 2292 honore
830 2260 871 2290 ad

129 2312 224 2351 floret
249 2311 429 2350 referretur3
457 2323 508 2342 me
531 2312 647 2352 judice,
681 2313 783 2343 multo
810 2312 873 2342 ele-

140 2362 445 2402 gantius—honore:
471 2364 570 2394 Vind.
588 2371 628 2394 Π.
646 2366 786 2395 honores:
811 2363 830 2395 i.
846 2375 872 2396 e.

141 2413 203 2442 nisi
218 2412 318 2450 fallor,
333 2416 482 2453 honor-est,
497 2414 543 2445 rel
558 2417 668 2446 honore
682 2421 734 2446 est.
771 2415 814 2446 Et
828 2415 873 2446 sic

142 2473 242 2503 posui.

186 2522 266 2553 Ibid.
288 2525 365 2554 miro
383 2526 502 2555 honore.
539 2524 704 2565 Virgilius,
731 2525 804 2556 [En.
830 2524 868 2555 iv.

140 2575 213 2604 458.

398 2648 461 2673 miro
473 2648 546 2680 quod
560 2648 650 2673 honore
660 2648 776 2674 colebat.

182 2722 258 2753 Ver.
278 2727 368 2754 1281.
393 2724 444 2754 Sic
459 2723 586 2754 mallem
601 2723 735 2754 dedisset
749 2729 867 2754 noster:

336 2805 389 2830 quo
401 2803 482 2830 pacto
494 2798 559 2824 ferri
572 2804 669 2824 natura
679 2801 794 2831 reperta,

203 2837 242 2862 Sic
253 2838 332 2864 facile
343 2842 445 2863 est—
456 2846 462 2863 :

140 2920 179 2942 ex
194 2912 339 2954 subjectis
354 2914 464 2956 utique
479 2914 672 2954 rationibus3
692 2924 790 2955 quum
805 2923 876 2954 pas-

911 1185 969 1215 sim
985 1196 1003 1216 c
1016 1191 1046 1216 et
1061 1192 1081 1223 t,
1107 1185 1289 1226 saepiuscule
1314 1185 1441 1226 insuper
1466 1189 1510 1218 sic
1533 1194 1564 1218 et
1584 1191 1638 1228 sie,

910 1239 1063 1270 confundi
1087 1240 1221 1271 soleant:
1251 1250 1353 1281 neque
1383 1240 1472 1271 aliter
1500 1242 1642 1280 profecto

911 1291 1058 1331 scriptum
1074 1292 1191 1323 offendi
1205 1298 1313 1333 postea
1332 1292 1369 1323 «in
1389 1293 1428 1323 Ο.
1476 1293 1536 1324 Sed
1560 1294 1641 1324 nihil

911 1354 1006 1374 ausus
1034 1355 1106 1374 sum
1134 1355 1247 1375 novare
1254 1357 1264 1383 ;
1285 1355 1361 1375 nam
1392 1350 1516 1384 recepta
1541 1346 1640 1376 videri

910 1394 1030 1433 possint
1060 1394 1260 1434 simpliciora,
1291 1402 1384 1437 atque
1412 1396 1490 1427 adeo
1522 1397 1641 1427 Lucre-

912 1446 993 1477 tium
1015 1446 1154 1486 penitius
1171 1448 1434 1488 resipere—ipsi.-
1461 1448 1498 1479 P.
1524 1451 1621 1489 ipsum
1628 1464 1640 1485 ;

913 1507 949 1527 ex
966 1497 1125 1528 arbitraria
1139 1498 1225 1528 haud
1240 1498 1334 1529 dubie
1351 1499 1550 1537 correctione,
1563 1510 1642 1540 quo-

912 1549 1000 1579 niam
1025 1549 1143 1590 reliqua
1171 1550 1280 1580 omnia
1308 1551 1510 1590 exemplaria,
1547 1552 1644 1581 etiam

911 1601 1002 1632 Junt.
1026 1607 1057 1630 et
1082 1600 1155 1631 Ald.
1180 1601 1390 1631 adversentur.
1435 1602 1537 1632 Miror
1560 1602 1644 1631 hanc

911 1652 1119 1682 temeritatem
1143 1652 1177 1682 in
1199 1652 1247 1682 his
1269 1652 1413 1682 inficetiis
1437 1652 1643 1691 importandis

913 1703 1104 1742 complacere
1118 1704 1256 1743 potuisse
1272 1703 1449 1738 editoribus.

956 1764 1031 1793 Ver.
1051 1766 1141 1793 1289.
1166 1765 1264 1794 Arma
1282 1774 1391 1794 manus
1407 1775 1522 1803 ungues
1537 1766 1644 1795 romei.

915 1814 1193 1850 Quemadmodum
1212 1815 1277 1845 fere
1293 1815 1485 1850 Venusinus,
1509 1821 1563 1845 sat.
1580 1815 1599 1846 i.
1614 1819 1645 1847 5.

913 1874 964 1901 99.

943 1955 1013 1979 Cum
1026 1955 1215 1986 prorepserunt
1228 1953 1319 1985 primis
1336 1952 1460 1978 animalia
1471 1953 1559 1983 terris,

942 1996 1052 2019 Mutum
1065 1997 1094 2019 et
1111 1999 1190 2025 turpe
1201 2000 1292 2026 pecus,
1308 1993 1434 2025 glandem
1451 1997 1533 2024 atque
1549 1992 1646 2018 cubilia

1007 2038 1116 2066 propter

945 2074 1086 2106 Unguibus,
1110 2078 1138 2099 et
1157 2073 1262 2106 pugnis,
1284 2073 1346 2098 dein
1363 2073 1490 2105 fustibus,
1506 2076 1587 2103 atque
1608 2073 1648 2098 ita

1006 2121 1086 2146 porro

943 2154 1100 2185 Pugnabant
1111 2153 1200 2183 armis,
1211 2158 1274 2183 quae
1286 2155 1346 2184 post
1356 2152 1533 2176 fabricaverat
1545 2158 1616 2175 usus.

956 2229 1032 2258 Ver.
1049 2231 1141 2258 1285.
1156 2229 1330 2267 sylvarum:
1358 2227 1398 2258 Ο.
1417 2234 1457 2258 Π.
1471 2229 1625 2267 lignorum
1631 2242 1643 2263 ;

916 2279 1008 2310 male.

960 2339 1036 2370 Ver.
1054 2341 1148 2369 1284.
1174 2339 1217 2370 Ec
1229 2340 1363 2380 flamma
1387 2344 1495 2378 atque:
1524 2337 1569 2368 sic
1590 2347 1647 2376 op-

917 2391 993 2420 time
1008 2391 1046 2421 P.
1061 2389 1160 2421 Vind.
1183 2390 1231 2420 M.
1249 2396 1293 2420 Ω.
1316 2388 1424 2429 vulgo,
1447 2390 1490 2419 Ec
1504 2390 1649 2429 flammae

915 2448 1023 2482 atque:
1050 2442 1091 2472 V.
1115 2441 1162 2472 ed.
1186 2442 1408 2482 Efflammant3
1435 2441 1474 2471 O.
1491 2441 1534 2470 Et
1546 2442 1648 2481 flam-

912 2506 1012 2530 mam;
1047 2499 1083 2524 Δ.
1106 2495 1149 2525 Ec
1168 2494 1346 2535 flammati;
1385 2498 1426 2522 Π.
1449 2493 1493 2523 Ec
1505 2493 1648 2533 flamina

913 2551 1003 2585 atque
1008 2561 1020 2581 ;
1043 2555 1178 2585 quorum
1190 2543 1341 2574 ultimum
1356 2542 1468 2573 nostris
1482 2542 1648 2581 consentit,

914 2610 956 2637 τῳ
972 2608 1002 2626 m
1016 2595 1050 2625 in
1069 2598 1103 2626 z'n
1119 2604 1276 2625 converso.

959 2656 1040 2687 Ibid.
1073 2657 1148 2687 Hoc
1169 2656 1245 2686 dicit
1270 2661 1385 2694 noster,
1416 2654 1464 2686 uti
1487 2653 1650 2685 Bentleius

915 2717 1039 2748 quoque
1056 2707 1187 2738 viderat:
1215 2709 1237 2726 “
1256 2706 1389 2747 Ignibus
1406 2706 1477 2746 jam
1499 2706 1644 2746 cognitis,

916 2762 940 2777 “
956 2769 999 2788 aes
1025 2764 1056 2789 et
1076 2758 1196 2788 ferrum
1218 2764 1292 2788 sunt
1312 2757 1472 2797 reperta;”
1496 2756 1567 2787 vide
1585 2767 1648 2788 ver.

921 2813 1140 2840 1240—1244.
1163 2819 1228 2839 non
1256 2814 1364 2839 autem
1389 2808 1476 2847 dicit,
1505 2808 1651 2838 homines

922 2860 1057 2891 flammis
1072 2867 1103 2891 et
1118 2860 1247 2901 ignibus
1260 2860 1460 2901 pugnavisse3
1481 2859 1565 2900 quod
1580 2869 1650 2898 per-

923 2922 1029 2952 peram
1055 2912 1284 2946 intellexerunt
1311 2913 1502 2954 interpretes.
1550 2912 1650 2942 Caveto.-
