<?xml version="1.0" encoding="UTF-8"?>
<!DOCTYPE html PUBLIC "-//W3C//DTD XHTML 1.0 Transitional//EN"
    "http://www.w3.org/TR/xhtml1/DTD/xhtml1-transitional.dtd">
<html xmlns="http://www.w3.org/1999/xhtml" xml:lang="en" lang="en">
 <head>
  <title>
</title>
<meta http-equiv="Content-Type" content="text/html;charset=utf-8" />
  <meta name='ocr-system' content='tesseract 3.04.00' />
  <meta name='ocr-capabilities' content='ocr_page ocr_carea ocr_par ocr_line ocrx_word'/>
</head>
<body>
  <div class='ocr_page' id='page_1' title='image "./tlucretiicarider03lucruoft_0279.png"; bbox 0 0 1926 3224; ppageno 0'>
   <div class='ocr_carea' id='block_1_1' title="bbox 634 225 1218 277">
    <p class='ocr_par' dir='ltr' id='par_1_1' title="bbox 634 225 1218 277">
     <span class='ocr_line' id='line_1_1' title="bbox 634 225 1218 277; baseline 0.002 -3"><span class='ocrx_word' id='word_1_1' title='bbox 634 225 866 275; x_wconf 89' lang='lat' dir='ltr'>LIBER</span> <span class='ocrx_word' id='word_1_2' title='bbox 917 225 1218 277; x_wconf 90' lang='lat' dir='ltr'><strong>SEXTUS.</strong></span> 
     </span>
    </p>
   </div>
   <div class='ocr_carea' id='block_1_2' title="bbox 1573 238 1665 283">
    <p class='ocr_par' dir='ltr' id='par_1_2' title="bbox 1573 238 1665 283">
     <span class='ocr_line' id='line_1_2' title="bbox 1573 238 1665 283; baseline 0.011 -7"><span class='ocrx_word' id='word_1_3' title='bbox 1573 238 1665 283; x_wconf 82' lang='lat'>257</span> 
     </span>
    </p>
   </div>
   <div class='ocr_carea' id='block_1_3' title="bbox 215 355 1537 415">
    <p class='ocr_par' dir='ltr' id='par_1_3' title="bbox 215 355 1537 415">
     <span class='ocr_line' id='line_1_3' title="bbox 215 355 1537 415; baseline 0.002 -19"><span class='ocrx_word' id='word_1_4' title='bbox 215 358 294 396; x_wconf 88' lang='lat'>165</span> <span class='ocrx_word' id='word_1_5' title='bbox 327 355 503 398; x_wconf 82' lang='lat' dir='ltr'>Tardius</span> <span class='ocrx_word' id='word_1_6' title='bbox 525 357 760 410; x_wconf 89' lang='lat' dir='ltr'>adveniunt,</span> <span class='ocrx_word' id='word_1_7' title='bbox 793 374 916 415; x_wconf 84' lang='lat' dir='ltr'>quam</span> <span class='ocrx_word' id='word_1_8' title='bbox 935 359 1081 409; x_wconf 89' lang='lat' dir='ltr'>visum,</span> <span class='ocrx_word' id='word_1_9' title='bbox 1112 374 1205 415; x_wconf 89' lang='lat' dir='ltr'>quae</span> <span class='ocrx_word' id='word_1_10' title='bbox 1224 364 1429 409; x_wconf 82' lang='lat' dir='ltr'>moveant,</span> <span class='ocrx_word' id='word_1_11' title='bbox 1461 371 1537 400; x_wconf 84' lang='lat' dir='ltr'>res.</span> 
     </span>
    </p>
   </div>
   <div class='ocr_carea' id='block_1_4' title="bbox 328 430 1410 490">
    <p class='ocr_par' dir='ltr' id='par_1_4' title="bbox 328 430 1410 490">
     <span class='ocr_line' id='line_1_4' title="bbox 328 430 1410 490; baseline 0.003 -19"><span class='ocrx_word' id='word_1_12' title='bbox 328 430 380 471; x_wconf 89' lang='lat' dir='ltr'>Id</span> <span class='ocrx_word' id='word_1_13' title='bbox 399 431 490 472; x_wconf 87' lang='lat' dir='ltr'>licet</span> <span class='ocrx_word' id='word_1_14' title='bbox 510 431 606 473; x_wconf 87' lang='lat' dir='ltr'>hinc</span> <span class='ocrx_word' id='word_1_15' title='bbox 626 432 747 473; x_wconf 89' lang='lat' dir='ltr'>etiam</span> <span class='ocrx_word' id='word_1_16' title='bbox 768 447 1026 490; x_wconf 87' lang='lat' dir='ltr'>cognoscere:</span> <span class='ocrx_word' id='word_1_17' title='bbox 1058 433 1216 474; x_wconf 87' lang='lat' dir='ltr'>caedere</span> <span class='ocrx_word' id='word_1_18' title='bbox 1236 433 1269 473; x_wconf 90' lang='lat' dir='ltr'>si</span> <span class='ocrx_word' id='word_1_19' title='bbox 1288 447 1410 488; x_wconf 89' lang='lat' dir='ltr'>quem</span> 
     </span>
    </p>
   </div>
   <div class='ocr_carea' id='block_1_5' title="bbox 217 505 1506 847">
    <p class='ocr_par' dir='ltr' id='par_1_5' title="bbox 325 505 1326 560">
     <span class='ocr_line' id='line_1_5' title="bbox 325 505 1326 560; baseline 0.001 -14"><span class='ocrx_word' id='word_1_20' title='bbox 325 505 510 560; x_wconf 90' lang='lat' dir='ltr'>Ancipiti</span> <span class='ocrx_word' id='word_1_21' title='bbox 530 506 665 547; x_wconf 87' lang='lat' dir='ltr'>videas</span> <span class='ocrx_word' id='word_1_22' title='bbox 684 506 791 547; x_wconf 81' lang='lat' dir='ltr'>ferro</span> <span class='ocrx_word' id='word_1_23' title='bbox 808 506 950 560; x_wconf 86' lang='lat' dir='ltr'>procul</span> <span class='ocrx_word' id='word_1_24' title='bbox 970 506 1126 546; x_wconf 85' lang='lat' dir='ltr'>arboris</span> <span class='ocrx_word' id='word_1_25' title='bbox 1146 515 1326 556; x_wconf 84' lang='lat' dir='ltr'>auctum,</span> 
     </span>
    </p>

    <p class='ocr_par' dir='ltr' id='par_1_6' title="bbox 325 577 1406 633">
     <span class='ocr_line' id='line_1_6' title="bbox 325 577 1406 633; baseline 0.003 -15"><span class='ocrx_word' id='word_1_26' title='bbox 325 577 438 619; x_wconf 88' lang='lat' dir='ltr'>Ante</span> <span class='ocrx_word' id='word_1_27' title='bbox 457 577 505 619; x_wconf 83' lang='lat' dir='ltr'>fit</span> <span class='ocrx_word' id='word_1_28' title='bbox 526 586 571 619; x_wconf 89' lang='lat' dir='ltr'>ut</span> <span class='ocrx_word' id='word_1_29' title='bbox 590 592 730 618; x_wconf 82' lang='lat' dir='ltr'>cernas</span> <span class='ocrx_word' id='word_1_30' title='bbox 749 578 890 627; x_wconf 90' lang='lat' dir='ltr'>ictum,</span> <span class='ocrx_word' id='word_1_31' title='bbox 912 592 1036 632; x_wconf 84' lang='lat' dir='ltr'>quam</span> <span class='ocrx_word' id='word_1_32' title='bbox 1055 577 1176 633; x_wconf 86' lang='lat' dir='ltr'>plaga</span> <span class='ocrx_word' id='word_1_33' title='bbox 1194 591 1268 632; x_wconf 86' lang='lat' dir='ltr'>per</span> <span class='ocrx_word' id='word_1_34' title='bbox 1288 594 1406 621; x_wconf 86' lang='lat' dir='ltr'>auras</span> 
     </span>
    </p>

    <p class='ocr_par' dir='ltr' id='par_1_7' title="bbox 217 650 1506 784">
     <span class='ocr_line' id='line_1_7' title="bbox 325 650 1464 706; baseline 0.003 -15"><span class='ocrx_word' id='word_1_35' title='bbox 325 650 412 692; x_wconf 89' lang='lat' dir='ltr'>Det</span> <span class='ocrx_word' id='word_1_36' title='bbox 431 651 623 691; x_wconf 89' lang='lat' dir='ltr'>sonitum:</span> <span class='ocrx_word' id='word_1_37' title='bbox 655 651 711 691; x_wconf 89' lang='lat' dir='ltr'>sic</span> <span class='ocrx_word' id='word_1_38' title='bbox 729 650 930 706; x_wconf 84' lang='lat' dir='ltr'><strong>fulgorem</strong></span> <span class='ocrx_word' id='word_1_39' title='bbox 950 665 1114 706; x_wconf 91' lang='lat' dir='ltr'>quoque</span> <span class='ocrx_word' id='word_1_40' title='bbox 1129 652 1335 693; x_wconf 65' lang='lat' dir='ltr'>vcernimus</span> <span class='ocrx_word' id='word_1_41' title='bbox 1355 661 1464 704; x_wconf 86' lang='lat' dir='ltr'>ante,</span> 
     </span>
     <span class='ocr_line' id='line_1_8' title="bbox 217 723 1506 784; baseline 0.002 -19"><span class='ocrx_word' id='word_1_42' title='bbox 217 725 295 765; x_wconf 85' lang='lat'>170</span> <span class='ocrx_word' id='word_1_43' title='bbox 326 724 464 773; x_wconf 85' lang='lat' dir='ltr'>Quam</span> <span class='ocrx_word' id='word_1_44' title='bbox 483 723 683 764; x_wconf 85' lang='lat' dir='ltr'><strong>tonitrum</strong></span> <span class='ocrx_word' id='word_1_45' title='bbox 703 723 943 778; x_wconf 90' lang='lat' dir='ltr'>adcipimus,</span> <span class='ocrx_word' id='word_1_46' title='bbox 961 723 1117 779; x_wconf 86' lang='lat' dir='ltr'>pariter</span> <span class='ocrx_word' id='word_1_47' title='bbox 1136 724 1207 779; x_wconf 93' lang='lat' dir='ltr'>qui</span> <span class='ocrx_word' id='word_1_48' title='bbox 1226 725 1402 767; x_wconf 85' lang='lat' dir='ltr'>mittitur</span> <span class='ocrx_word' id='word_1_49' title='bbox 1420 727 1506 784; x_wconf 87' lang='lat' dir='ltr'>igni</span> 
     </span>
    </p>

    <p class='ocr_par' dir='ltr' id='par_1_8' title="bbox 325 796 1215 847">
     <span class='ocr_line' id='line_1_9' title="bbox 325 796 1215 847; baseline 0 -9"><span class='ocrx_word' id='word_1_50' title='bbox 325 797 363 838; x_wconf 91' lang='lat' dir='ltr'><strong>E</strong></span> <span class='ocrx_word' id='word_1_51' title='bbox 383 796 501 838; x_wconf 87' lang='lat' dir='ltr'>simili</span> <span class='ocrx_word' id='word_1_52' title='bbox 522 796 676 847; x_wconf 60' lang='lat' dir='ltr'>caussa,</span> <span class='ocrx_word' id='word_1_53' title='bbox 699 812 900 839; x_wconf 84' lang='lat' dir='ltr'>concursu</span> <span class='ocrx_word' id='word_1_54' title='bbox 919 806 1038 840; x_wconf 86' lang='lat' dir='ltr'>natus</span> <span class='ocrx_word' id='word_1_55' title='bbox 1059 798 1215 839; x_wconf 88' lang='lat' dir='ltr'>eodem.</span> 
     </span>
    </p>
   </div>
   <div class='ocr_carea' id='block_1_6' title="bbox 177 951 898 1138">
    <p class='ocr_par' dir='ltr' id='par_1_9' title="bbox 177 951 898 1138">
     <span class='ocr_line' id='line_1_10' title="bbox 177 951 897 993; baseline 0.001 -9"><span class='ocrx_word' id='word_1_56' title='bbox 177 958 266 993; x_wconf 82' lang='lat' dir='ltr'>supat</span> <span class='ocrx_word' id='word_1_57' title='bbox 282 954 372 992; x_wconf 81' lang='lat' dir='ltr'>ignis.</span> <span class='ocrx_word' id='word_1_58' title='bbox 417 951 535 983; x_wconf 86' lang='lat' dir='ltr'>Omnia</span> <span class='ocrx_word' id='word_1_59' title='bbox 556 951 640 983; x_wconf 90' lang='lat' dir='ltr'>vides</span> <span class='ocrx_word' id='word_1_60' title='bbox 661 952 833 984; x_wconf 78' lang='lat' dir='ltr'>lectissimis</span> <span class='ocrx_word' id='word_1_61' title='bbox 847 963 897 985; x_wconf 91' lang='lat' dir='ltr'>co-</span> 
     </span>
     <span class='ocr_line' id='line_1_11' title="bbox 177 1003 897 1043; baseline 0.001 -8"><span class='ocrx_word' id='word_1_62' title='bbox 177 1004 295 1035; x_wconf 85' lang='lat' dir='ltr'>loribus</span> <span class='ocrx_word' id='word_1_63' title='bbox 309 1003 430 1043; x_wconf 80' lang='lat' dir='ltr'>depic‘ta</span> <span class='ocrx_word' id='word_1_64' title='bbox 444 1004 484 1034; x_wconf 92' lang='lat' dir='ltr'>ad</span> <span class='ocrx_word' id='word_1_65' title='bbox 505 1004 623 1043; x_wconf 89' lang='lat' dir='ltr'>vivum,</span> <span class='ocrx_word' id='word_1_66' title='bbox 647 1011 679 1035; x_wconf 88' lang='lat' dir='ltr'>et</span> <span class='ocrx_word' id='word_1_67' title='bbox 701 1005 826 1036; x_wconf 83' lang='lat' dir='ltr'>artificis</span> <span class='ocrx_word' id='word_1_68' title='bbox 847 1016 897 1036; x_wconf 87' lang='lat' dir='ltr'>ca·</span> 
     </span>
     <span class='ocr_line' id='line_1_12' title="bbox 178 1055 898 1097; baseline 0.001 -11"><span class='ocrx_word' id='word_1_69' title='bbox 178 1055 263 1086; x_wconf 83' lang='lat' dir='ltr'>lamo</span> <span class='ocrx_word' id='word_1_70' title='bbox 291 1055 490 1086; x_wconf 80' lang='lat' dir='ltr'>solertissimi.</span> <span class='ocrx_word' id='word_1_71' title='bbox 543 1056 703 1097; x_wconf 84' lang='lat' dir='ltr'>Virgilius,</span> <span class='ocrx_word' id='word_1_72' title='bbox 740 1056 818 1087; x_wconf 89' lang='lat' dir='ltr'>AEn.</span> <span class='ocrx_word' id='word_1_73' title='bbox 845 1057 898 1088; x_wconf 85' lang='lat' dir='ltr'>xii.</span> 
     </span>
     <span class='ocr_line' id='line_1_13' title="bbox 182 1110 251 1138; baseline 0.014 -1"><span class='ocrx_word' id='word_1_74' title='bbox 182 1110 251 1138; x_wconf 80' lang='lat'>102.</span> 
     </span>
    </p>
   </div>
   <div class='ocr_carea' id='block_1_7' title="bbox 207 1179 859 1252">
    <p class='ocr_par' dir='ltr' id='par_1_10' title="bbox 207 1179 859 1252">
     <span class='ocr_line' id='line_1_14' title="bbox 523 1179 859 1211; baseline 0.006 -7"><span class='ocrx_word' id='word_1_75' title='bbox 523 1183 637 1211; x_wconf 81' lang='lat' dir='ltr'>totoque</span> <span class='ocrx_word' id='word_1_76' title='bbox 647 1179 759 1205; x_wconf 79' lang='lat' dir='ltr'>ardentis</span> <span class='ocrx_word' id='word_1_77' title='bbox 770 1180 802 1206; x_wconf 80' lang='lat' dir='ltr'>ab</span> <span class='ocrx_word' id='word_1_78' title='bbox 813 1188 859 1207; x_wconf 88' lang='lat' dir='ltr'>ore</span> 
     </span>
     <span class='ocr_line' id='line_1_15' title="bbox 207 1218 848 1252; baseline 0.002 -8"><span class='ocrx_word' id='word_1_79' title='bbox 207 1218 328 1244; x_wconf 72' lang='lat' dir='ltr'>Scintillae</span> <span class='ocrx_word' id='word_1_80' title='bbox 337 1219 469 1244; x_wconf 77' lang='lat' dir='ltr'>absiliunt:</span> <span class='ocrx_word' id='word_1_81' title='bbox 486 1219 567 1244; x_wconf 86' lang='lat' dir='ltr'>oculis</span> <span class='ocrx_word' id='word_1_82' title='bbox 577 1220 652 1244; x_wconf 76' lang='lat' dir='ltr'>micat</span> <span class='ocrx_word' id='word_1_83' title='bbox 662 1221 765 1245; x_wconf 81' lang='lat' dir='ltr'>acribus</span> <span class='ocrx_word' id='word_1_84' title='bbox 775 1220 848 1252; x_wconf 74' lang='lat' dir='ltr'>ignis.</span> 
     </span>
    </p>
   </div>
   <div class='ocr_carea' id='block_1_8' title="bbox 207 1193 422 1200">
    <p class='ocr_par' dir='ltr' id='par_1_11' title="bbox 207 1193 422 1200">
     <span class='ocr_line' id='line_1_16' title="bbox 207 1193 422 1200; baseline 0 0"><span class='ocrx_word' id='word_1_85' title='bbox 207 1193 422 1200; x_wconf 95' lang='lat' dir='ltr'> </span> 
     </span>
    </p>
   </div>
   <div class='ocr_carea' id='block_1_9' title="bbox 423 1192 514 1201">
    <p class='ocr_par' dir='ltr' id='par_1_12' title="bbox 423 1192 514 1201">
     <span class='ocr_line' id='line_1_17' title="bbox 423 1192 514 1201; baseline 0 0"><span class='ocrx_word' id='word_1_86' title='bbox 423 1192 514 1201; x_wconf 95' lang='lat' dir='ltr'> </span> 
     </span>
    </p>
   </div>
   <div class='ocr_carea' id='block_1_10' title="bbox 172 1294 898 1480">
    <p class='ocr_par' dir='ltr' id='par_1_13' title="bbox 172 1294 898 1480">
     <span class='ocr_line' id='line_1_18' title="bbox 178 1294 896 1335; baseline 0 -10"><span class='ocrx_word' id='word_1_87' title='bbox 178 1294 229 1325; x_wconf 87' lang='lat' dir='ltr'>Sic</span> <span class='ocrx_word' id='word_1_88' title='bbox 259 1294 430 1335; x_wconf 86' lang='lat' dir='ltr'>legendum</span> <span class='ocrx_word' id='word_1_89' title='bbox 452 1294 590 1325; x_wconf 85' lang='lat' dir='ltr'>diximus</span> <span class='ocrx_word' id='word_1_90' title='bbox 618 1294 765 1334; x_wconf 85' lang='lat' dir='ltr'>superius,</span> <span class='ocrx_word' id='word_1_91' title='bbox 795 1295 835 1325; x_wconf 88' lang='lat' dir='ltr'>ad</span> <span class='ocrx_word' id='word_1_92' title='bbox 858 1296 896 1326; x_wconf 84' lang='lat' dir='ltr'>iv.</span> 
     </span>
     <span class='ocr_line' id='line_1_19' title="bbox 175 1346 896 1387; baseline 0 -9"><span class='ocrx_word' id='word_1_93' title='bbox 175 1351 247 1378; x_wconf 87' lang='grc'>609.</span> <span class='ocrx_word' id='word_1_94' title='bbox 270 1357 332 1387; x_wconf 91' lang='lat' dir='ltr'>quo</span> <span class='ocrx_word' id='word_1_95' title='bbox 346 1353 377 1376; x_wconf 88' lang='lat' dir='ltr'>te</span> <span class='ocrx_word' id='word_1_96' title='bbox 388 1346 524 1386; x_wconf 86' lang='lat' dir='ltr'>recipias.</span> <span class='ocrx_word' id='word_1_97' title='bbox 568 1347 802 1377; x_wconf 82' lang='lat' dir='ltr'>Vocabulorum</span> <span class='ocrx_word' id='word_1_98' title='bbox 817 1349 896 1378; x_wconf 82' lang='lat' dir='ltr'>ohsi-</span> 
     </span>
     <span class='ocr_line' id='line_1_20' title="bbox 172 1398 898 1435; baseline -0.001 -6"><span class='ocrx_word' id='word_1_99' title='bbox 172 1399 255 1429; x_wconf 81' lang='lat' dir='ltr'>liunt</span> <span class='ocrx_word' id='word_1_100' title='bbox 269 1404 301 1428; x_wconf 86' lang='lat' dir='ltr'>et</span> <span class='ocrx_word' id='word_1_101' title='bbox 314 1400 408 1429; x_wconf 81' lang='lat' dir='ltr'>micat</span> <span class='ocrx_word' id='word_1_102' title='bbox 424 1398 609 1428; x_wconf 85' lang='lat' dir='ltr'>amicissima</span> <span class='ocrx_word' id='word_1_103' title='bbox 623 1404 669 1428; x_wconf 85' lang='lat' dir='ltr'>est</span> <span class='ocrx_word' id='word_1_104' title='bbox 683 1398 836 1435; x_wconf 80' lang='lat' dir='ltr'>sodalitas,</span> <span class='ocrx_word' id='word_1_105' title='bbox 851 1399 898 1428; x_wconf 86' lang='lat' dir='ltr'>uti</span> 
     </span>
     <span class='ocr_line' id='line_1_21' title="bbox 174 1448 558 1480; baseline 0 -1"><span class='ocrx_word' id='word_1_106' title='bbox 174 1448 250 1479; x_wconf 88' lang='lat' dir='ltr'>alias</span> <span class='ocrx_word' id='word_1_107' title='bbox 272 1448 558 1480; x_wconf 81' lang='lat' dir='ltr'>demonstravimus.</span> 
     </span>
    </p>
   </div>
   <div class='ocr_carea' id='block_1_11' title="bbox 174 1511 897 1860">
    <p class='ocr_par' dir='ltr' id='par_1_14' title="bbox 174 1511 897 1860">
     <span class='ocr_line' id='line_1_22' title="bbox 215 1511 897 1544; baseline 0.003 -2"><span class='ocrx_word' id='word_1_108' title='bbox 215 1513 290 1543; x_wconf 88' lang='lat' dir='ltr'>Ver.</span> <span class='ocrx_word' id='word_1_109' title='bbox 321 1516 391 1544; x_wconf 82' lang='lat'>163.</span> <span class='ocrx_word' id='word_1_110' title='bbox 423 1515 503 1543; x_wconf 80' lang='lat' dir='ltr'>utei:</span> <span class='ocrx_word' id='word_1_111' title='bbox 531 1511 625 1543; x_wconf 85' lang='lat' dir='ltr'>Vind.</span> <span class='ocrx_word' id='word_1_112' title='bbox 658 1520 697 1543; x_wconf 89' lang='grc' dir='ltr'>Π.</span> <span class='ocrx_word' id='word_1_113' title='bbox 727 1513 897 1544; x_wconf 79' lang='lat' dir='ltr'>ut.--·Haec</span> 
     </span>
     <span class='ocr_line' id='line_1_23' title="bbox 175 1557 895 1603; baseline -0.001 -8"><span class='ocrx_word' id='word_1_114' title='bbox 175 1557 281 1595; x_wconf 85' lang='lat' dir='ltr'>autem</span> <span class='ocrx_word' id='word_1_115' title='bbox 296 1564 402 1603; x_wconf 90' lang='lat' dir='ltr'>paullo</span> <span class='ocrx_word' id='word_1_116' title='bbox 417 1563 506 1594; x_wconf 86' lang='lat' dir='ltr'>aliter</span> <span class='ocrx_word' id='word_1_117' title='bbox 519 1563 564 1594; x_wconf 92' lang='lat' dir='ltr'>sic</span> <span class='ocrx_word' id='word_1_118' title='bbox 578 1570 757 1603; x_wconf 88' lang='lat' dir='ltr'>prosecutus</span> <span class='ocrx_word' id='word_1_119' title='bbox 773 1570 818 1595; x_wconf 88' lang='lat' dir='ltr'>est</span> <span class='ocrx_word' id='word_1_120' title='bbox 836 1565 895 1594; x_wconf 85' lang='lat' dir='ltr'>Isi-</span> 
     </span>
     <span class='ocr_line' id='line_1_24' title="bbox 174 1616 896 1654; baseline 0 -8"><span class='ocrx_word' id='word_1_121' title='bbox 174 1616 280 1654; x_wconf 83' lang='lat' dir='ltr'>dorus,</span> <span class='ocrx_word' id='word_1_122' title='bbox 302 1616 322 1646; x_wconf 91' lang='lat' dir='ltr'>l.</span> <span class='ocrx_word' id='word_1_123' title='bbox 337 1627 363 1646; x_wconf 84' lang='lat' dir='ltr'>c.</span> <span class='ocrx_word' id='word_1_124' title='bbox 385 1616 425 1646; x_wconf 88' lang='lat' dir='ltr'>ad</span> <span class='ocrx_word' id='word_1_125' title='bbox 440 1626 502 1646; x_wconf 88' lang='lat' dir='ltr'>ver.</span> <span class='ocrx_word' id='word_1_126' title='bbox 520 1619 589 1646; x_wconf 75' lang='grc'><strong>128.</strong></span> <span class='ocrx_word' id='word_1_127' title='bbox 613 1619 635 1634; x_wconf 87' lang='lat'><strong>“</strong></span> <span class='ocrx_word' id='word_1_128' title='bbox 653 1617 736 1646; x_wconf 87' lang='lat' dir='ltr'>Cum</span> <span class='ocrx_word' id='word_1_129' title='bbox 758 1617 896 1646; x_wconf 87' lang='lat' dir='ltr'>tonitruo</span> 
     </span>
     <span class='ocr_line' id='line_1_25' title="bbox 175 1666 894 1708; baseline -0.001 -11"><span class='ocrx_word' id='word_1_130' title='bbox 175 1670 199 1686; x_wconf 87' lang='lat'><strong>“</strong></span> <span class='ocrx_word' id='word_1_131' title='bbox 214 1671 320 1697; x_wconf 83' lang='lat' dir='ltr'>autem</span> <span class='ocrx_word' id='word_1_132' title='bbox 334 1666 428 1697; x_wconf 87' lang='lat' dir='ltr'>simul</span> <span class='ocrx_word' id='word_1_133' title='bbox 454 1672 484 1696; x_wconf 87' lang='lat' dir='ltr'>et</span> <span class='ocrx_word' id='word_1_134' title='bbox 506 1666 633 1706; x_wconf 86' lang='lat' dir='ltr'>fulgura</span> <span class='ocrx_word' id='word_1_135' title='bbox 649 1667 775 1708; x_wconf 88' lang='lat' dir='ltr'>(nubes)</span> <span class='ocrx_word' id='word_1_136' title='bbox 793 1667 894 1706; x_wconf 81' lang='lat' dir='ltr'>expri·</span> 
     </span>
     <span class='ocr_line' id='line_1_26' title="bbox 175 1718 895 1758; baseline -0.001 -9"><span class='ocrx_word' id='word_1_137' title='bbox 175 1722 198 1739; x_wconf 85' lang='lat'><strong>“</strong></span> <span class='ocrx_word' id='word_1_138' title='bbox 214 1719 286 1749; x_wconf 87' lang='lat' dir='ltr'>mit:</span> <span class='ocrx_word' id='word_1_139' title='bbox 312 1719 366 1750; x_wconf 90' lang='lat' dir='ltr'>sed</span> <span class='ocrx_word' id='word_1_140' title='bbox 394 1718 474 1749; x_wconf 89' lang='lat' dir='ltr'>illud</span> <span class='ocrx_word' id='word_1_141' title='bbox 499 1718 630 1749; x_wconf 85' lang='lat' dir='ltr'>celerius</span> <span class='ocrx_word' id='word_1_142' title='bbox 658 1718 790 1756; x_wconf 88' lang='lat' dir='ltr'>videtur,</span> <span class='ocrx_word' id='word_1_143' title='bbox 821 1718 895 1758; x_wconf 86' lang='lat' dir='ltr'>quia.</span> 
     </span>
     <span class='ocr_line' id='line_1_27' title="bbox 174 1769 895 1808; baseline -0.001 -8"><span class='ocrx_word' id='word_1_144' title='bbox 174 1773 198 1794; x_wconf 64' lang='lat'>‘⁶</span> <span class='ocrx_word' id='word_1_145' title='bbox 214 1769 333 1800; x_wconf 88' lang='lat' dir='ltr'>clarum</span> <span class='ocrx_word' id='word_1_146' title='bbox 347 1774 410 1808; x_wconf 80' lang='lat' dir='ltr'>est3</span> <span class='ocrx_word' id='word_1_147' title='bbox 425 1770 484 1800; x_wconf 89' lang='lat' dir='ltr'>hoc</span> <span class='ocrx_word' id='word_1_148' title='bbox 499 1775 606 1800; x_wconf 88' lang='lat' dir='ltr'>autem</span> <span class='ocrx_word' id='word_1_149' title='bbox 619 1769 659 1799; x_wconf 83' lang='lat' dir='ltr'>ad</span> <span class='ocrx_word' id='word_1_150' title='bbox 672 1779 762 1799; x_wconf 90' lang='lat' dir='ltr'>aures</span> <span class='ocrx_word' id='word_1_151' title='bbox 777 1769 895 1799; x_wconf 88' lang='lat' dir='ltr'>tardius</span> 
     </span>
     <span class='ocr_line' id='line_1_28' title="bbox 174 1821 384 1860; baseline 0 -8"><span class='ocrx_word' id='word_1_152' title='bbox 174 1823 198 1840; x_wconf 89' lang='lat'><strong>“</strong></span> <span class='ocrx_word' id='word_1_153' title='bbox 214 1821 384 1860; x_wconf 53' lang='lat' dir='ltr'>pervenitss&#39;</span> 
     </span>
    </p>
   </div>
   <div class='ocr_carea' id='block_1_12' title="bbox 171 1880 896 2781">
    <p class='ocr_par' dir='ltr' id='par_1_15' title="bbox 172 1880 896 2064">
     <span class='ocr_line' id='line_1_29' title="bbox 217 1880 895 1922; baseline 0.003 -12"><span class='ocrx_word' id='word_1_154' title='bbox 217 1880 292 1911; x_wconf 84' lang='lat' dir='ltr'>Ver.</span> <span class='ocrx_word' id='word_1_155' title='bbox 318 1884 386 1912; x_wconf 84' lang='lat'>164.</span> <span class='ocrx_word' id='word_1_156' title='bbox 409 1883 558 1922; x_wconf 84' lang='lat' dir='ltr'>Fulgere:</span> <span class='ocrx_word' id='word_1_157' title='bbox 594 1880 614 1911; x_wconf 86' lang='lat' dir='ltr'>i.</span> <span class='ocrx_word' id='word_1_158' title='bbox 637 1891 664 1911; x_wconf 85' lang='lat' dir='ltr'>e.</span> <span class='ocrx_word' id='word_1_159' title='bbox 695 1895 729 1912; x_wconf 72' lang='grc' dir='ltr'>το</span> <span class='ocrx_word' id='word_1_160' title='bbox 758 1882 895 1921; x_wconf 81' lang='lat' dir='ltr'>Fulgere,</span> 
     </span>
     <span class='ocr_line' id='line_1_30' title="bbox 173 1931 896 1972; baseline 0.003 -11"><span class='ocrx_word' id='word_1_161' title='bbox 173 1931 222 1961; x_wconf 87' lang='lat' dir='ltr'>vel</span> <span class='ocrx_word' id='word_1_162' title='bbox 243 1931 367 1972; x_wconf 85' lang='lat' dir='ltr'>fulgur.</span> <span class='ocrx_word' id='word_1_163' title='bbox 413 1932 578 1968; x_wconf 87' lang='lat' dir='ltr'>Nonnulli,</span> <span class='ocrx_word' id='word_1_164' title='bbox 609 1942 733 1971; x_wconf 87' lang='lat' dir='ltr'>prorsus</span> <span class='ocrx_word' id='word_1_165' title='bbox 761 1933 896 1971; x_wconf 80' lang='lat' dir='ltr'>hospites</span> 
     </span>
     <span class='ocr_line' id='line_1_31' title="bbox 172 1981 894 2023; baseline 0.001 -11"><span class='ocrx_word' id='word_1_166' title='bbox 172 1981 330 2021; x_wconf 87' lang='lat' dir='ltr'>leporibus</span> <span class='ocrx_word' id='word_1_167' title='bbox 355 1983 500 2019; x_wconf 86' lang='lat' dir='ltr'>Lucretii,</span> <span class='ocrx_word' id='word_1_168' title='bbox 523 1982 733 2014; x_wconf 83' lang='lat' dir='ltr'>indoctissime</span> <span class='ocrx_word' id='word_1_169' title='bbox 748 1985 894 2023; x_wconf 82' lang='lat' dir='ltr'>Fulgura</span> 
     </span>
     <span class='ocr_line' id='line_1_32' title="bbox 174 2032 307 2064; baseline -0.008 0"><span class='ocrx_word' id='word_1_170' title='bbox 174 2032 307 2064; x_wconf 83' lang='lat' dir='ltr'>voluere.</span> 
     </span>
    </p>

    <p class='ocr_par' dir='ltr' id='par_1_16' title="bbox 172 2084 895 2166">
     <span class='ocr_line' id='line_1_33' title="bbox 216 2084 895 2122; baseline 0.001 -7"><span class='ocrx_word' id='word_1_171' title='bbox 216 2084 290 2115; x_wconf 83' lang='lat' dir='ltr'>Ver.</span> <span class='ocrx_word' id='word_1_172' title='bbox 302 2087 371 2116; x_wconf 84' lang='lat'>165.</span> <span class='ocrx_word' id='word_1_173' title='bbox 387 2090 539 2116; x_wconf 71' lang='lat' dir='ltr'>moi-eant:</span> <span class='ocrx_word' id='word_1_174' title='bbox 559 2092 603 2116; x_wconf 85' lang='grc' dir='ltr'>Ω.</span> <span class='ocrx_word' id='word_1_175' title='bbox 618 2091 749 2122; x_wconf 71' lang='grc' dir='ltr'>τηουεαις</span> <span class='ocrx_word' id='word_1_176' title='bbox 765 2085 895 2116; x_wconf 85' lang='lat' dir='ltr'>omnino</span> 
     </span>
     <span class='ocr_line' id='line_1_34' title="bbox 172 2135 264 2166; baseline 0.011 -1"><span class='ocrx_word' id='word_1_177' title='bbox 172 2135 264 2166; x_wconf 80' lang='lat' dir='ltr'>male.</span> 
     </span>
    </p>

    <p class='ocr_par' dir='ltr' id='par_1_17' title="bbox 177 2187 894 2269">
     <span class='ocr_line' id='line_1_35' title="bbox 210 2187 894 2220; baseline 0.003 -4"><span class='ocrx_word' id='word_1_178' title='bbox 210 2187 293 2217; x_wconf 80' lang='lat' dir='ltr'>Ver.</span> <span class='ocrx_word' id='word_1_179' title='bbox 316 2190 388 2218; x_wconf 88' lang='grc'><strong>166.</strong></span> <span class='ocrx_word' id='word_1_180' title='bbox 410 2190 467 2219; x_wconf 87' lang='lat' dir='ltr'>Id.-</span> <span class='ocrx_word' id='word_1_181' title='bbox 494 2194 534 2219; x_wconf 89' lang='grc' dir='ltr'>Π.</span> <span class='ocrx_word' id='word_1_182' title='bbox 559 2188 715 2220; x_wconf 54' lang='lat' dir='ltr'>Hz&#39;cae—P.</span> <span class='ocrx_word' id='word_1_183' title='bbox 740 2188 834 2218; x_wconf 88' lang='lat' dir='ltr'>Vind.</span> <span class='ocrx_word' id='word_1_184' title='bbox 850 2188 894 2219; x_wconf 91' lang='lat' dir='ltr'>V.</span> 
     </span>
     <span class='ocr_line' id='line_1_36' title="bbox 177 2237 420 2269; baseline 0 -1"><span class='ocrx_word' id='word_1_185' title='bbox 177 2237 225 2268; x_wconf 74' lang='lat' dir='ltr'>ed.</span> <span class='ocrx_word' id='word_1_186' title='bbox 243 2238 299 2268; x_wconf 45' lang='grc' dir='ltr'>Ω(</span> <span class='ocrx_word' id='word_1_187' title='bbox 310 2240 420 2269; x_wconf 82' lang='lat' dir='ltr'>cedere.</span> 
     </span>
    </p>

    <p class='ocr_par' dir='ltr' id='par_1_18' title="bbox 171 2287 896 2679">
     <span class='ocr_line' id='line_1_37' title="bbox 220 2287 894 2328; baseline 0.004 -11"><span class='ocrx_word' id='word_1_188' title='bbox 220 2287 293 2318; x_wconf 85' lang='lat' dir='ltr'>Ver.</span> <span class='ocrx_word' id='word_1_189' title='bbox 308 2291 376 2320; x_wconf 87' lang='lat'>167.</span> <span class='ocrx_word' id='word_1_190' title='bbox 393 2291 551 2328; x_wconf 75' lang='lat' dir='ltr'>Ancipiti:</span> <span class='ocrx_word' id='word_1_191' title='bbox 570 2289 666 2320; x_wconf 86' lang='lat' dir='ltr'>Vind.</span> <span class='ocrx_word' id='word_1_192' title='bbox 679 2290 721 2320; x_wconf 88' lang='lat' dir='ltr'>V.</span> <span class='ocrx_word' id='word_1_193' title='bbox 733 2289 779 2320; x_wconf 87' lang='lat' dir='ltr'>ed.</span> <span class='ocrx_word' id='word_1_194' title='bbox 796 2295 836 2320; x_wconf 90' lang='grc' dir='ltr'>Π.</span> <span class='ocrx_word' id='word_1_195' title='bbox 849 2295 894 2320; x_wconf 82' lang='grc' dir='ltr'>Ω.</span> 
     </span>
     <span class='ocr_line' id='line_1_38' title="bbox 182 2339 896 2379; baseline 0 -9"><span class='ocrx_word' id='word_1_196' title='bbox 182 2340 340 2379; x_wconf 78' lang='lat' dir='ltr'>Ungipiti;</span> <span class='ocrx_word' id='word_1_197' title='bbox 363 2339 448 2369; x_wconf 84' lang='lat' dir='ltr'>unde</span> <span class='ocrx_word' id='word_1_198' title='bbox 462 2339 541 2369; x_wconf 90' lang='lat' dir='ltr'>nihil</span> <span class='ocrx_word' id='word_1_199' title='bbox 562 2340 704 2379; x_wconf 83' lang='lat' dir='ltr'>expedire</span> <span class='ocrx_word' id='word_1_200' title='bbox 728 2339 828 2379; x_wconf 89' lang='lat' dir='ltr'>potui,</span> <span class='ocrx_word' id='word_1_201' title='bbox 853 2340 896 2370; x_wconf 90' lang='lat' dir='ltr'>sic</span> 
     </span>
     <span class='ocr_line' id='line_1_39' title="bbox 173 2390 893 2430; baseline 0 -10"><span class='ocrx_word' id='word_1_202' title='bbox 173 2396 278 2420; x_wconf 88' lang='lat' dir='ltr'>autem</span> <span class='ocrx_word' id='word_1_203' title='bbox 295 2390 411 2430; x_wconf 88' lang='lat' dir='ltr'>cogito:</span> <span class='ocrx_word' id='word_1_204' title='bbox 436 2390 540 2420; x_wconf 82' lang='lat' dir='ltr'>Litera</span> <span class='ocrx_word' id='word_1_205' title='bbox 555 2402 571 2421; x_wconf 94' lang='lat' dir='ltr'>c</span> <span class='ocrx_word' id='word_1_206' title='bbox 586 2391 747 2428; x_wconf 90' lang='lat' dir='ltr'>nimirum,</span> <span class='ocrx_word' id='word_1_207' title='bbox 769 2396 805 2420; x_wconf 85' lang='lat' dir='ltr'>ut</span> <span class='ocrx_word' id='word_1_208' title='bbox 824 2401 893 2429; x_wconf 88' lang='lat' dir='ltr'>pas-</span> 
     </span>
     <span class='ocr_line' id='line_1_40' title="bbox 173 2443 894 2484; baseline 0.003 -11"><span class='ocrx_word' id='word_1_209' title='bbox 173 2443 234 2474; x_wconf 86' lang='lat' dir='ltr'>sim</span> <span class='ocrx_word' id='word_1_210' title='bbox 248 2443 292 2478; x_wconf 88' lang='lat' dir='ltr'>fit,</span> <span class='ocrx_word' id='word_1_211' title='bbox 307 2443 341 2473; x_wconf 90' lang='lat' dir='ltr'>in</span> <span class='ocrx_word' id='word_1_212' title='bbox 353 2455 374 2483; x_wconf 87' lang='lat' dir='ltr'><em>g</em></span> <span class='ocrx_word' id='word_1_213' title='bbox 389 2443 518 2482; x_wconf 80' lang='lat' dir='ltr'>abierat3</span> <span class='ocrx_word' id='word_1_214' title='bbox 541 2450 572 2474; x_wconf 87' lang='lat' dir='ltr'>et</span> <span class='ocrx_word' id='word_1_215' title='bbox 585 2454 623 2474; x_wconf 86' lang='lat' dir='ltr'>ex</span> <span class='ocrx_word' id='word_1_216' title='bbox 637 2446 772 2484; x_wconf 77' lang='lat' dir='ltr'>angipiti</span> <span class='ocrx_word' id='word_1_217' title='bbox 786 2444 894 2484; x_wconf 86' lang='lat' dir='ltr'>depra-</span> 
     </span>
     <span class='ocr_line' id='line_1_41' title="bbox 171 2495 893 2534; baseline 0.004 -10"><span class='ocrx_word' id='word_1_218' title='bbox 171 2495 254 2525; x_wconf 84' lang='lat' dir='ltr'>vatio</span> <span class='ocrx_word' id='word_1_219' title='bbox 269 2495 368 2534; x_wconf 79' lang='lat' dir='ltr'>posita</span> <span class='ocrx_word' id='word_1_220' title='bbox 382 2496 700 2528; x_wconf 66' lang='lat' dir='ltr'>succrevit—videas.-</span> <span class='ocrx_word' id='word_1_221' title='bbox 725 2496 769 2527; x_wconf 81' lang='lat' dir='ltr'>ita</span> <span class='ocrx_word' id='word_1_222' title='bbox 785 2502 819 2527; x_wconf 87' lang='grc' dir='ltr'>Δ.</span> <span class='ocrx_word' id='word_1_223' title='bbox 845 2506 893 2527; x_wconf 91' lang='lat' dir='ltr'>so-</span> 
     </span>
     <span class='ocr_line' id='line_1_42' title="bbox 172 2545 893 2588; baseline 0.003 -12"><span class='ocrx_word' id='word_1_224' title='bbox 172 2546 233 2584; x_wconf 89' lang='lat' dir='ltr'>lus,</span> <span class='ocrx_word' id='word_1_225' title='bbox 250 2552 281 2576; x_wconf 87' lang='lat' dir='ltr'>et</span> <span class='ocrx_word' id='word_1_226' title='bbox 295 2545 381 2577; x_wconf 90' lang='lat' dir='ltr'>codd.</span> <span class='ocrx_word' id='word_1_227' title='bbox 398 2546 524 2587; x_wconf 87' lang='lat' dir='ltr'>quidam</span> <span class='ocrx_word' id='word_1_228' title='bbox 540 2547 604 2578; x_wconf 91' lang='lat' dir='ltr'>Pii:</span> <span class='ocrx_word' id='word_1_229' title='bbox 624 2548 735 2588; x_wconf 88' lang='lat' dir='ltr'>reliqui</span> <span class='ocrx_word' id='word_1_230' title='bbox 749 2548 893 2584; x_wconf 83' lang='lat' dir='ltr'>universi,</span> 
     </span>
     <span class='ocr_line' id='line_1_43' title="bbox 171 2597 892 2634; baseline 0.003 -5"><span class='ocrx_word' id='word_1_231' title='bbox 171 2599 288 2634; x_wconf 80' lang='lat' dir='ltr'>videat;</span> <span class='ocrx_word' id='word_1_232' title='bbox 321 2597 374 2628; x_wconf 84' lang='lat' dir='ltr'>sed</span> <span class='ocrx_word' id='word_1_233' title='bbox 402 2604 507 2629; x_wconf 80' lang='lat' dir='ltr'>tamen</span> <span class='ocrx_word' id='word_1_234' title='bbox 535 2598 892 2631; x_wconf 62' lang='lat' dir='ltr'>mendosissime-auc-</span> 
     </span>
     <span class='ocr_line' id='line_1_44' title="bbox 172 2653 438 2679; baseline 0 0"><span class='ocrx_word' id='word_1_235' title='bbox 172 2653 254 2679; x_wconf 80' lang='lat' dir='ltr'>tum:</span> <span class='ocrx_word' id='word_1_236' title='bbox 282 2655 322 2679; x_wconf 81' lang='grc' dir='ltr'>Π.</span> <span class='ocrx_word' id='word_1_237' title='bbox 337 2655 438 2679; x_wconf 77' lang='lat' dir='ltr'>auctu.</span> 
     </span>
    </p>

    <p class='ocr_par' dir='ltr' id='par_1_19' title="bbox 173 2698 893 2781">
     <span class='ocr_line' id='line_1_45' title="bbox 215 2698 893 2741; baseline 0.004 -12"><span class='ocrx_word' id='word_1_238' title='bbox 215 2698 296 2730; x_wconf 88' lang='lat' dir='ltr'>Ibid.</span> <span class='ocrx_word' id='word_1_239' title='bbox 319 2700 462 2739; x_wconf 77' lang='lat' dir='ltr'>Ancipiti</span> <span class='ocrx_word' id='word_1_240' title='bbox 475 2700 575 2741; x_wconf 74' lang='lat' dir='ltr'>firro.</span> <span class='ocrx_word' id='word_1_241' title='bbox 619 2701 720 2738; x_wconf 82' lang='lat' dir='ltr'>Maro,</span> <span class='ocrx_word' id='word_1_242' title='bbox 747 2702 823 2732; x_wconf 87' lang='lat' dir='ltr'>AEn.</span> <span class='ocrx_word' id='word_1_243' title='bbox 843 2701 893 2732; x_wconf 88' lang='lat' dir='ltr'>vii.</span> 
     </span>
     <span class='ocr_line' id='line_1_46' title="bbox 173 2751 246 2781; baseline -0.014 0"><span class='ocrx_word' id='word_1_244' title='bbox 173 2751 246 2781; x_wconf 76' lang='lat'>525.</span> 
     </span>
    </p>
   </div>
   <div class='ocr_carea' id='block_1_13' title="bbox 266 2823 736 2856">
    <p class='ocr_par' dir='ltr' id='par_1_20' title="bbox 266 2823 736 2856">
     <span class='ocr_line' id='line_1_47' title="bbox 266 2823 736 2856; baseline 0.004 -8"><span class='ocrx_word' id='word_1_245' title='bbox 266 2823 315 2848; x_wconf 88' lang='lat' dir='ltr'>sed</span> <span class='ocrx_word' id='word_1_246' title='bbox 317 2824 392 2855; x_wconf 85' lang='lat' dir='ltr'>ferro</span> <span class='ocrx_word' id='word_1_247' title='bbox 402 2823 507 2856; x_wconf 74' lang='lat' dir='ltr'>ancipiti</span> <span class='ocrx_word' id='word_1_248' title='bbox 516 2824 736 2851; x_wconf 82' lang='lat' dir='ltr'>decernunt—.</span> 
     </span>
    </p>
   </div>
   <div class='ocr_carea' id='block_1_14' title="bbox 178 2889 892 2937">
    <p class='ocr_par' dir='ltr' id='par_1_21' title="bbox 178 2889 892 2937">
     <span class='ocr_line' id='line_1_48' title="bbox 178 2889 892 2937; baseline 0.01 -17"><span class='ocrx_word' id='word_1_249' title='bbox 178 2889 313 2923; x_wconf 75' lang='lat' dir='ltr'>Servius:</span> <span class='ocrx_word' id='word_1_250' title='bbox 341 2897 363 2914; x_wconf 84' lang='lat'><strong>“</strong></span> <span class='ocrx_word' id='word_1_251' title='bbox 379 2893 467 2924; x_wconf 82' lang='lat' dir='ltr'>Dicit</span> <span class='ocrx_word' id='word_1_252' title='bbox 481 2900 585 2925; x_wconf 87' lang='lat' dir='ltr'>autem</span> <span class='ocrx_word' id='word_1_253' title='bbox 604 2901 658 2926; x_wconf 82' lang='lat' dir='ltr'>aut</span> <span class='ocrx_word' id='word_1_254' title='bbox 679 2895 812 2937; x_wconf 84' lang='lat' dir='ltr'>gladios,</span> <span class='ocrx_word' id='word_1_255' title='bbox 837 2901 892 2927; x_wconf 77' lang='lat' dir='ltr'>aut</span> 
     </span>
    </p>
   </div>
   <div class='ocr_carea' id='block_1_15' title="bbox 941 953 1665 1196">
    <p class='ocr_par' dir='ltr' id='par_1_22' title="bbox 941 953 1665 1196">
     <span class='ocr_line' id='line_1_49' title="bbox 941 953 1664 994; baseline 0.007 -10"><span class='ocrx_word' id='word_1_256' title='bbox 941 953 1113 994; x_wconf 77' lang='lat' dir='ltr'>bipennes.’&#39;</span> <span class='ocrx_word' id='word_1_257' title='bbox 1160 953 1300 984; x_wconf 88' lang='lat' dir='ltr'>Omnino</span> <span class='ocrx_word' id='word_1_258' title='bbox 1318 955 1458 994; x_wconf 63' lang='lat' dir='ltr'>bipennes</span> <span class='ocrx_word' id='word_1_259' title='bbox 1473 954 1504 985; x_wconf 90' lang='lat' dir='ltr'>in</span> <span class='ocrx_word' id='word_1_260' title='bbox 1520 956 1581 987; x_wconf 90' lang='lat' dir='ltr'>hoc</span> <span class='ocrx_word' id='word_1_261' title='bbox 1595 957 1664 989; x_wconf 89' lang='lat' dir='ltr'>loco</span> 
     </span>
     <span class='ocr_line' id='line_1_50' title="bbox 941 1004 1662 1050; baseline 0.007 -16"><span class='ocrx_word' id='word_1_262' title='bbox 941 1005 1067 1041; x_wconf 85' lang='lat' dir='ltr'>malim3</span> <span class='ocrx_word' id='word_1_263' title='bbox 1091 1010 1156 1034; x_wconf 87' lang='lat' dir='ltr'>tam</span> <span class='ocrx_word' id='word_1_264' title='bbox 1171 1004 1256 1044; x_wconf 92' lang='lat' dir='ltr'>quod</span> <span class='ocrx_word' id='word_1_265' title='bbox 1269 1005 1350 1035; x_wconf 83' lang='lat' dir='ltr'>inter</span> <span class='ocrx_word' id='word_1_266' title='bbox 1371 1007 1499 1036; x_wconf 84' lang='lat' dir='ltr'>rusticos</span> <span class='ocrx_word' id='word_1_267' title='bbox 1520 1016 1568 1037; x_wconf 82' lang='lat' dir='ltr'>res</span> <span class='ocrx_word' id='word_1_268' title='bbox 1589 1019 1662 1050; x_wconf 84' lang='lat' dir='ltr'>aga-</span> 
     </span>
     <span class='ocr_line' id='line_1_51' title="bbox 941 1055 1662 1096; baseline 0.008 -11"><span class='ocrx_word' id='word_1_269' title='bbox 941 1062 1004 1094; x_wconf 86' lang='lat' dir='ltr'>tur,</span> <span class='ocrx_word' id='word_1_270' title='bbox 1015 1066 1110 1096; x_wconf 90' lang='lat' dir='ltr'>quam</span> <span class='ocrx_word' id='word_1_271' title='bbox 1124 1055 1207 1096; x_wconf 88' lang='lat' dir='ltr'>quod</span> <span class='ocrx_word' id='word_1_272' title='bbox 1223 1070 1256 1087; x_wconf 64' lang='lat' dir='ltr'>ero</span> <span class='ocrx_word' id='word_1_273' title='bbox 1269 1059 1387 1095; x_wconf 73' lang='lat' dir='ltr'>gladios</span> <span class='ocrx_word' id='word_1_274' title='bbox 1403 1068 1662 1096; x_wconf 89' lang='lat' dir='ltr'>supervacaneum</span> 
     </span>
     <span class='ocr_line' id='line_1_52' title="bbox 943 1106 1665 1147; baseline 0.007 -10"><span class='ocrx_word' id='word_1_275' title='bbox 943 1106 1141 1147; x_wconf 86' lang='lat' dir='ltr'>sequentibus</span> <span class='ocrx_word' id='word_1_276' title='bbox 1154 1106 1313 1137; x_wconf 84' lang='lat' dir='ltr'>reddatur.</span> <span class='ocrx_word' id='word_1_277' title='bbox 1360 1108 1427 1138; x_wconf 88' lang='lat' dir='ltr'>Nec</span> <span class='ocrx_word' id='word_1_278' title='bbox 1448 1109 1487 1139; x_wconf 92' lang='lat' dir='ltr'>de</span> <span class='ocrx_word' id='word_1_279' title='bbox 1504 1109 1603 1140; x_wconf 86' lang='lat' dir='ltr'>nihilo</span> <span class='ocrx_word' id='word_1_280' title='bbox 1618 1117 1665 1142; x_wconf 84' lang='lat' dir='ltr'>est</span> 
     </span>
     <span class='ocr_line' id='line_1_53' title="bbox 942 1157 1414 1196; baseline 0.002 -8"><span class='ocrx_word' id='word_1_281' title='bbox 942 1157 1080 1188; x_wconf 82' lang='lat' dir='ltr'>Lucretii</span> <span class='ocrx_word' id='word_1_282' title='bbox 1095 1157 1274 1196; x_wconf 84' lang='lat' dir='ltr'>exemplum</span> <span class='ocrx_word' id='word_1_283' title='bbox 1290 1157 1414 1189; x_wconf 88' lang='lat' dir='ltr'>scilicet.</span> 
     </span>
    </p>
   </div>
   <div class='ocr_carea' id='block_1_16' title="bbox 938 1217 1665 1779">
    <p class='ocr_par' dir='ltr' id='par_1_23' title="bbox 940 1217 1665 1468">
     <span class='ocr_line' id='line_1_54' title="bbox 983 1217 1662 1259; baseline 0.004 -11"><span class='ocrx_word' id='word_1_284' title='bbox 983 1217 1062 1248; x_wconf 88' lang='lat' dir='ltr'>Ibid.</span> <span class='ocrx_word' id='word_1_285' title='bbox 1085 1219 1201 1249; x_wconf 80' lang='lat' dir='ltr'>arboris</span> <span class='ocrx_word' id='word_1_286' title='bbox 1215 1224 1347 1249; x_wconf 85' lang='lat' dir='ltr'>auctum.</span> <span class='ocrx_word' id='word_1_287' title='bbox 1387 1219 1472 1257; x_wconf 82' lang='lat' dir='ltr'>Hoc,</span> <span class='ocrx_word' id='word_1_288' title='bbox 1489 1227 1575 1250; x_wconf 83' lang='lat' dir='ltr'>more</span> <span class='ocrx_word' id='word_1_289' title='bbox 1589 1221 1662 1259; x_wconf 73' lang='lat' dir='ltr'>poe‘-</span> 
     </span>
     <span class='ocr_line' id='line_1_55' title="bbox 941 1269 1665 1312; baseline 0.003 -12"><span class='ocrx_word' id='word_1_290' title='bbox 941 1269 1009 1305; x_wconf 87' lang='lat' dir='ltr'>tico,</span> <span class='ocrx_word' id='word_1_291' title='bbox 1033 1269 1122 1300; x_wconf 87' lang='lat' dir='ltr'>valde</span> <span class='ocrx_word' id='word_1_292' title='bbox 1146 1269 1292 1300; x_wconf 80' lang='lat' dir='ltr'>familiari</span> <span class='ocrx_word' id='word_1_293' title='bbox 1322 1276 1437 1306; x_wconf 88' lang='lat' dir='ltr'>nostro,</span> <span class='ocrx_word' id='word_1_294' title='bbox 1466 1271 1592 1310; x_wconf 76' lang='lat' dir='ltr'>ponitur</span> <span class='ocrx_word' id='word_1_295' title='bbox 1609 1283 1665 1312; x_wconf 88' lang='lat' dir='ltr'>pro</span> 
     </span>
     <span class='ocr_line' id='line_1_56' title="bbox 941 1321 1664 1361; baseline 0.004 -10"><span class='ocrx_word' id='word_1_296' title='bbox 941 1323 1037 1361; x_wconf 79' lang='lat' dir='ltr'>ipsam</span> <span class='ocrx_word' id='word_1_297' title='bbox 1053 1322 1186 1351; x_wconf 82' lang='lat' dir='ltr'>arborem</span> <span class='ocrx_word' id='word_1_298' title='bbox 1195 1334 1205 1351; x_wconf 88' lang='lat'>.·</span> <span class='ocrx_word' id='word_1_299' title='bbox 1224 1321 1331 1351; x_wconf 85' lang='lat' dir='ltr'>confer</span> <span class='ocrx_word' id='word_1_300' title='bbox 1349 1321 1390 1351; x_wconf 89' lang='lat' dir='ltr'>sis</span> <span class='ocrx_word' id='word_1_301' title='bbox 1402 1321 1433 1352; x_wconf 88' lang='lat' dir='ltr'>ii.</span> <span class='ocrx_word' id='word_1_302' title='bbox 1448 1325 1519 1352; x_wconf 85' lang='lat'>481.</span> <span class='ocrx_word' id='word_1_303' title='bbox 1531 1332 1560 1353; x_wconf 89' lang='lat' dir='ltr'>v.</span> <span class='ocrx_word' id='word_1_304' title='bbox 1573 1325 1664 1354; x_wconf 84' lang='lat'>1170.</span> 
     </span>
     <span class='ocr_line' id='line_1_57' title="bbox 940 1372 1664 1415; baseline 0.007 -13"><span class='ocrx_word' id='word_1_305' title='bbox 940 1384 1017 1414; x_wconf 89' lang='lat' dir='ltr'>quos</span> <span class='ocrx_word' id='word_1_306' title='bbox 1053 1372 1137 1404; x_wconf 91' lang='lat' dir='ltr'>locos</span> <span class='ocrx_word' id='word_1_307' title='bbox 1174 1373 1348 1405; x_wconf 81' lang='lat' dir='ltr'>Lambinus</span> <span class='ocrx_word' id='word_1_308' title='bbox 1385 1375 1479 1405; x_wconf 88' lang='lat' dir='ltr'>etiam</span> <span class='ocrx_word' id='word_1_309' title='bbox 1513 1377 1664 1415; x_wconf 80' lang='lat' dir='ltr'>apposuit.</span> 
     </span>
     <span class='ocr_line' id='line_1_58' title="bbox 943 1424 1621 1468; baseline 0.007 -15"><span class='ocrx_word' id='word_1_310' title='bbox 943 1424 1054 1465; x_wconf 88' lang='lat' dir='ltr'>Apage</span> <span class='ocrx_word' id='word_1_311' title='bbox 1071 1425 1123 1455; x_wconf 86' lang='lat' dir='ltr'>Pii</span> <span class='ocrx_word' id='word_1_312' title='bbox 1138 1424 1298 1464; x_wconf 65' lang='lat' dir='ltr'>inflectitis,</span> <span class='ocrx_word' id='word_1_313' title='bbox 1321 1428 1415 1457; x_wconf 80' lang='lat' dir='ltr'>ictum</span> <span class='ocrx_word' id='word_1_314' title='bbox 1430 1428 1621 1468; x_wconf 84' lang='lat' dir='ltr'>corrigentis.</span> 
     </span>
    </p>

    <p class='ocr_par' dir='ltr' id='par_1_24' title="bbox 938 1482 1665 1779">
     <span class='ocr_line' id='line_1_59' title="bbox 984 1482 1664 1526; baseline 0.009 -14"><span class='ocrx_word' id='word_1_315' title='bbox 984 1482 1057 1513; x_wconf 85' lang='lat' dir='ltr'>Ver.</span> <span class='ocrx_word' id='word_1_316' title='bbox 1077 1486 1146 1514; x_wconf 88' lang='grc'><strong>168.</strong></span> <span class='ocrx_word' id='word_1_317' title='bbox 1169 1494 1279 1515; x_wconf 83' lang='lat' dir='ltr'>auras.-</span> <span class='ocrx_word' id='word_1_318' title='bbox 1305 1485 1359 1523; x_wconf 87' lang='lat' dir='ltr'>sic,</span> <span class='ocrx_word' id='word_1_319' title='bbox 1381 1485 1474 1526; x_wconf 84' lang='lat' dir='ltr'>longe</span> <span class='ocrx_word' id='word_1_320' title='bbox 1493 1487 1664 1526; x_wconf 83' lang='lat' dir='ltr'>venustius,</span> 
     </span>
     <span class='ocr_line' id='line_1_60' title="bbox 941 1536 1665 1578; baseline 0.008 -14"><span class='ocrx_word' id='word_1_321' title='bbox 941 1540 972 1564; x_wconf 88' lang='lat' dir='ltr'>et</span> <span class='ocrx_word' id='word_1_322' title='bbox 989 1542 1214 1578; x_wconf 68' lang='grc' dir='ltr'>γραφικωτερως,</span> <span class='ocrx_word' id='word_1_323' title='bbox 1230 1546 1303 1566; x_wconf 91' lang='lat' dir='ltr'>cum</span> <span class='ocrx_word' id='word_1_324' title='bbox 1320 1536 1499 1567; x_wconf 66' lang='lat' dir='ltr'>dulcissima</span> <span class='ocrx_word' id='word_1_325' title='bbox 1513 1540 1665 1570; x_wconf 85' lang='lat' dir='ltr'>sermonis</span> 
     </span>
     <span class='ocr_line' id='line_1_61' title="bbox 940 1586 1662 1631; baseline 0.007 -16"><span class='ocrx_word' id='word_1_326' title='bbox 940 1586 1092 1622; x_wconf 83' lang='lat' dir='ltr'>varietate,</span> <span class='ocrx_word' id='word_1_327' title='bbox 1117 1587 1153 1617; x_wconf 93' lang='lat' dir='ltr'>P.</span> <span class='ocrx_word' id='word_1_328' title='bbox 1170 1588 1210 1617; x_wconf 91' lang='lat' dir='ltr'>V.</span> <span class='ocrx_word' id='word_1_329' title='bbox 1236 1587 1283 1617; x_wconf 89' lang='lat' dir='ltr'>cd.</span> <span class='ocrx_word' id='word_1_330' title='bbox 1307 1599 1384 1628; x_wconf 92' lang='lat' dir='ltr'>quos</span> <span class='ocrx_word' id='word_1_331' title='bbox 1411 1599 1533 1629; x_wconf 87' lang='lat' dir='ltr'>sequor:</span> <span class='ocrx_word' id='word_1_332' title='bbox 1558 1590 1662 1631; x_wconf 87' lang='lat' dir='ltr'>vulgo,</span> 
     </span>
     <span class='ocr_line' id='line_1_62' title="bbox 938 1637 1662 1679; baseline 0.006 -12"><span class='ocrx_word' id='word_1_333' title='bbox 938 1639 1034 1673; x_wconf 82' lang='lat' dir='ltr'>auris,</span> <span class='ocrx_word' id='word_1_334' title='bbox 1064 1637 1127 1667; x_wconf 79' lang='lat' dir='ltr'>sive</span> <span class='ocrx_word' id='word_1_335' title='bbox 1155 1641 1266 1669; x_wconf 79' lang='lat' dir='ltr'>aureis.</span> <span class='ocrx_word' id='word_1_336' title='bbox 1328 1638 1468 1679; x_wconf 86' lang='lat' dir='ltr'>Adjuvat</span> <span class='ocrx_word' id='word_1_337' title='bbox 1496 1639 1662 1671; x_wconf 87' lang='lat' dir='ltr'>lectionem</span> 
     </span>
     <span class='ocr_line' id='line_1_63' title="bbox 938 1688 1661 1729; baseline 0.007 -12"><span class='ocrx_word' id='word_1_338' title='bbox 938 1693 1076 1718; x_wconf 86' lang='lat' dir='ltr'>nostram</span> <span class='ocrx_word' id='word_1_339' title='bbox 1089 1688 1254 1729; x_wconf 85' lang='lat' dir='ltr'>Virgilius,</span> <span class='ocrx_word' id='word_1_340' title='bbox 1270 1690 1344 1720; x_wconf 86' lang='lat' dir='ltr'>AEn.</span> <span class='ocrx_word' id='word_1_341' title='bbox 1358 1690 1399 1720; x_wconf 80' lang='lat' dir='ltr'>xi.</span> <span class='ocrx_word' id='word_1_342' title='bbox 1416 1693 1487 1722; x_wconf 80' lang='lat'>799.</span> <span class='ocrx_word' id='word_1_343' title='bbox 1513 1691 1584 1721; x_wconf 90' lang='lat' dir='ltr'>Cari</span> <span class='ocrx_word' id='word_1_344' title='bbox 1594 1702 1661 1722; x_wconf 87' lang='lat' dir='ltr'>ver-</span> 
     </span>
     <span class='ocr_line' id='line_1_64' title="bbox 939 1740 1152 1779; baseline 0.005 -10"><span class='ocrx_word' id='word_1_345' title='bbox 939 1740 979 1769; x_wconf 84' lang='lat' dir='ltr'>ba</span> <span class='ocrx_word' id='word_1_346' title='bbox 994 1745 1152 1779; x_wconf 87' lang='lat' dir='ltr'>repetens:</span> 
     </span>
    </p>
   </div>
   <div class='ocr_carea' id='block_1_17' title="bbox 967 1836 1089 1846">
    <p class='ocr_par' dir='ltr' id='par_1_25' title="bbox 967 1836 1089 1846">
     <span class='ocr_line' id='line_1_65' title="bbox 967 1836 1089 1846; baseline 0 0"><span class='ocrx_word' id='word_1_347' title='bbox 967 1836 1089 1846; x_wconf 95' lang='lat' dir='ltr'> </span> 
     </span>
    </p>
   </div>
   <div class='ocr_carea' id='block_1_18' title="bbox 1061 1825 1662 1898">
    <p class='ocr_par' dir='ltr' id='par_1_26' title="bbox 1061 1825 1662 1898">
     <span class='ocr_line' id='line_1_66' title="bbox 1106 1825 1662 1860; baseline 0.005 -10"><span class='ocrx_word' id='word_1_348' title='bbox 1106 1825 1185 1850; x_wconf 86' lang='lat' dir='ltr'>missa</span> <span class='ocrx_word' id='word_1_349' title='bbox 1204 1832 1299 1857; x_wconf 84' lang='lat' dir='ltr'>manu,</span> <span class='ocrx_word' id='word_1_350' title='bbox 1314 1825 1424 1851; x_wconf 80' lang='lat' dir='ltr'>sonitum</span> <span class='ocrx_word' id='word_1_351' title='bbox 1440 1826 1510 1852; x_wconf 80' lang='lat' dir='ltr'>dedit</span> <span class='ocrx_word' id='word_1_352' title='bbox 1527 1827 1603 1852; x_wconf 83' lang='lat' dir='ltr'>hasta</span> <span class='ocrx_word' id='word_1_353' title='bbox 1617 1831 1662 1860; x_wconf 75' lang='lat' dir='ltr'>per</span> 
     </span>
     <span class='ocr_line' id='line_1_67' title="bbox 1061 1880 1150 1898; baseline 0 0"><span class='ocrx_word' id='word_1_354' title='bbox 1061 1880 1150 1898; x_wconf 85' lang='lat' dir='ltr'>auras.</span> 
     </span>
    </p>
   </div>
   <div class='ocr_carea' id='block_1_19' title="bbox 935 1953 1664 2665">
    <p class='ocr_par' dir='ltr' id='par_1_27' title="bbox 935 1953 1664 2665">
     <span class='ocr_line' id='line_1_68' title="bbox 982 1953 1662 1995; baseline 0.003 -11"><span class='ocrx_word' id='word_1_355' title='bbox 982 1953 1055 1984; x_wconf 87' lang='lat' dir='ltr'>Ver.</span> <span class='ocrx_word' id='word_1_356' title='bbox 1080 1957 1149 1986; x_wconf 86' lang='lat'>169.</span> <span class='ocrx_word' id='word_1_357' title='bbox 1168 1954 1338 1995; x_wconf 76' lang='lat' dir='ltr'>fitlgorem:</span> <span class='ocrx_word' id='word_1_358' title='bbox 1362 1954 1399 1985; x_wconf 91' lang='lat' dir='ltr'>L.</span> <span class='ocrx_word' id='word_1_359' title='bbox 1423 1954 1471 1985; x_wconf 88' lang='lat' dir='ltr'>M.</span> <span class='ocrx_word' id='word_1_360' title='bbox 1481 1955 1641 1995; x_wconf 82' lang='lat' dir='ltr'>fulgurem</span> <span class='ocrx_word' id='word_1_361' title='bbox 1649 1970 1662 1992; x_wconf 80' lang='lat'>,-</span> 
     </span>
     <span class='ocr_line' id='line_1_69' title="bbox 939 2007 1664 2048; baseline 0.003 -11"><span class='ocrx_word' id='word_1_362' title='bbox 939 2013 980 2037; x_wconf 91' lang='grc' dir='ltr'>Π.</span> <span class='ocrx_word' id='word_1_363' title='bbox 990 2007 1124 2047; x_wconf 78' lang='lat' dir='ltr'>fiilgere.</span> <span class='ocrx_word' id='word_1_364' title='bbox 1169 2007 1319 2044; x_wconf 75' lang='lat' dir='ltr'>isidorus,</span> <span class='ocrx_word' id='word_1_365' title='bbox 1342 2008 1398 2039; x_wconf 93' lang='lat' dir='ltr'>ubi</span> <span class='ocrx_word' id='word_1_366' title='bbox 1420 2019 1523 2048; x_wconf 86' lang='lat' dir='ltr'>supra:</span> <span class='ocrx_word' id='word_1_367' title='bbox 1552 2012 1574 2028; x_wconf 87' lang='lat'><strong>“</strong></span> <span class='ocrx_word' id='word_1_368' title='bbox 1590 2009 1664 2040; x_wconf 81' lang='lat' dir='ltr'>Lux</span> 
     </span>
     <span class='ocr_line' id='line_1_70' title="bbox 940 2060 1662 2099; baseline 0.003 -10"><span class='ocrx_word' id='word_1_369' title='bbox 940 2061 964 2077; x_wconf 86' lang='lat'><strong>“</strong></span> <span class='ocrx_word' id='word_1_370' title='bbox 979 2064 1093 2095; x_wconf 75' lang='lat' dir='ltr'>autem,</span> <span class='ocrx_word' id='word_1_371' title='bbox 1124 2069 1194 2099; x_wconf 83' lang='lat' dir='ltr'>quae</span> <span class='ocrx_word' id='word_1_372' title='bbox 1223 2065 1349 2099; x_wconf 85' lang='lat' dir='ltr'>apparet</span> <span class='ocrx_word' id='word_1_373' title='bbox 1377 2068 1449 2090; x_wconf 89' lang='lat' dir='ltr'>ante</span> <span class='ocrx_word' id='word_1_374' title='bbox 1474 2060 1662 2099; x_wconf 84' lang='lat' dir='ltr'>tonitruum,</span> 
     </span>
     <span class='ocr_line' id='line_1_71' title="bbox 939 2110 1662 2151; baseline 0.003 -10"><span class='ocrx_word' id='word_1_375' title='bbox 939 2115 961 2130; x_wconf 92' lang='lat'>“</span> <span class='ocrx_word' id='word_1_376' title='bbox 977 2110 1050 2141; x_wconf 88' lang='lat' dir='ltr'>alibi</span> <span class='ocrx_word' id='word_1_377' title='bbox 1053 2112 1166 2151; x_wconf 81' lang='lat' dir='ltr'>fulgor</span> <span class='ocrx_word' id='word_1_378' title='bbox 1186 2112 1343 2142; x_wconf 81' lang='lat' dir='ltr'>vocatur.’‘</span> <span class='ocrx_word' id='word_1_379' title='bbox 1388 2112 1455 2142; x_wconf 87' lang='lat' dir='ltr'>Adi</span> <span class='ocrx_word' id='word_1_380' title='bbox 1471 2113 1610 2143; x_wconf 89' lang='lat' dir='ltr'>Ciceron.</span> <span class='ocrx_word' id='word_1_381' title='bbox 1622 2113 1662 2144; x_wconf 86' lang='lat' dir='ltr'>de</span> 
     </span>
     <span class='ocr_line' id='line_1_72' title="bbox 938 2162 1662 2202; baseline 0.004 -10"><span class='ocrx_word' id='word_1_382' title='bbox 938 2162 1031 2192; x_wconf 81' lang='lat' dir='ltr'>divin.</span> <span class='ocrx_word' id='word_1_383' title='bbox 1054 2162 1085 2192; x_wconf 86' lang='lat' dir='ltr'>ii.</span> <span class='ocrx_word' id='word_1_384' title='bbox 1102 2166 1151 2194; x_wconf 89' lang='lat'>19.</span> <span class='ocrx_word' id='word_1_385' title='bbox 1174 2168 1205 2192; x_wconf 87' lang='lat' dir='ltr'>et</span> <span class='ocrx_word' id='word_1_386' title='bbox 1226 2162 1316 2201; x_wconf 85' lang='lat' dir='ltr'>plura</span> <span class='ocrx_word' id='word_1_387' title='bbox 1337 2163 1486 2202; x_wconf 86' lang='lat' dir='ltr'>offendes,</span> <span class='ocrx_word' id='word_1_388' title='bbox 1514 2163 1662 2195; x_wconf 76' lang='lat' dir='ltr'>Lucretio</span> 
     </span>
     <span class='ocr_line' id='line_1_73' title="bbox 938 2213 1659 2257; baseline 0.004 -14"><span class='ocrx_word' id='word_1_389' title='bbox 938 2213 1041 2243; x_wconf 88' lang='lat' dir='ltr'>lucem</span> <span class='ocrx_word' id='word_1_390' title='bbox 1056 2213 1170 2243; x_wconf 81' lang='lat' dir='ltr'>dantia.</span> <span class='ocrx_word' id='word_1_391' title='bbox 1194 2214 1344 2244; x_wconf 89' lang='lat' dir='ltr'>Aurelius</span> <span class='ocrx_word' id='word_1_392' title='bbox 1353 2214 1472 2250; x_wconf 84' lang='lat' dir='ltr'>Victor,</span> <span class='ocrx_word' id='word_1_393' title='bbox 1488 2216 1564 2255; x_wconf 86' lang='lat' dir='ltr'>orig.</span> <span class='ocrx_word' id='word_1_394' title='bbox 1575 2222 1659 2257; x_wconf 84' lang='lat' dir='ltr'>gent.</span> 
     </span>
     <span class='ocr_line' id='line_1_74' title="bbox 940 2264 1660 2306; baseline 0.006 -13"><span class='ocrx_word' id='word_1_395' title='bbox 940 2265 1032 2294; x_wconf 83' lang='lat' dir='ltr'>Rom.</span> <span class='ocrx_word' id='word_1_396' title='bbox 1049 2264 1134 2294; x_wconf 82' lang='lat' dir='ltr'>xxiii.</span> <span class='ocrx_word' id='word_1_397' title='bbox 1149 2267 1246 2295; x_wconf 78' lang='lat'>5.-“</span> <span class='ocrx_word' id='word_1_398' title='bbox 1262 2266 1427 2295; x_wconf 85' lang='lat' dir='ltr'>subsecuto</span> <span class='ocrx_word' id='word_1_399' title='bbox 1448 2265 1518 2295; x_wconf 86' lang='lat' dir='ltr'>coeli</span> <span class='ocrx_word' id='word_1_400' title='bbox 1532 2266 1660 2306; x_wconf 80' lang='lat' dir='ltr'>fulgore</span> 
     </span>
     <span class='ocr_line' id='line_1_75' title="bbox 939 2316 1660 2358; baseline 0.006 -12"><span class='ocrx_word' id='word_1_401' title='bbox 939 2320 961 2335; x_wconf 88' lang='lat'><strong>“</strong></span> <span class='ocrx_word' id='word_1_402' title='bbox 976 2316 1101 2355; x_wconf 89' lang='lat' dir='ltr'>pariter,</span> <span class='ocrx_word' id='word_1_403' title='bbox 1129 2317 1337 2357; x_wconf 77' lang='lat' dir='ltr'>tonitruque.’&#39;</span> <span class='ocrx_word' id='word_1_404' title='bbox 1389 2318 1551 2357; x_wconf 86' lang='lat' dir='ltr'>Hyginus,</span> <span class='ocrx_word' id='word_1_405' title='bbox 1579 2318 1660 2358; x_wconf 82' lang='lat' dir='ltr'>po&#39;e’t.</span> 
     </span>
     <span class='ocr_line' id='line_1_76' title="bbox 937 2367 1662 2408; baseline 0.006 -12"><span class='ocrx_word' id='word_1_406' title='bbox 937 2373 1050 2397; x_wconf 83' lang='lat' dir='ltr'>astron.</span> <span class='ocrx_word' id='word_1_407' title='bbox 1075 2367 1109 2397; x_wconf 87' lang='lat' dir='ltr'>ii.</span> <span class='ocrx_word' id='word_1_408' title='bbox 1133 2370 1230 2398; x_wconf 79' lang='lat'>5.—“</span> <span class='ocrx_word' id='word_1_409' title='bbox 1245 2368 1410 2408; x_wconf 83' lang='lat' dir='ltr'>statimque</span> <span class='ocrx_word' id='word_1_410' title='bbox 1424 2371 1604 2407; x_wconf 80' lang='lat' dir='ltr'>tonitruum,</span> <span class='ocrx_word' id='word_1_411' title='bbox 1628 2375 1662 2400; x_wconf 78' lang='lat' dir='ltr'>et</span> 
     </span>
     <span class='ocr_line' id='line_1_77' title="bbox 938 2418 1661 2460; baseline 0.003 -11"><span class='ocrx_word' id='word_1_412' title='bbox 938 2418 1121 2459; x_wconf 78' lang='lat' dir='ltr'>“fulgorem</span> <span class='ocrx_word' id='word_1_413' title='bbox 1152 2419 1232 2458; x_wconf 87' lang='lat' dir='ltr'>coeli,</span> <span class='ocrx_word' id='word_1_414' title='bbox 1258 2419 1411 2450; x_wconf 89' lang='lat' dir='ltr'>indicium</span> <span class='ocrx_word' id='word_1_415' title='bbox 1426 2420 1661 2460; x_wconf 79' lang='lat' dir='ltr'>significationis</span> 
     </span>
     <span class='ocr_line' id='line_1_78' title="bbox 939 2470 1660 2504; baseline 0.006 -4"><span class='ocrx_word' id='word_1_416' title='bbox 939 2472 960 2488; x_wconf 86' lang='lat'><strong>“</strong></span> <span class='ocrx_word' id='word_1_417' title='bbox 977 2470 1117 2501; x_wconf 83' lang='lat' dir='ltr'>fecisse.”</span> <span class='ocrx_word' id='word_1_418' title='bbox 1165 2471 1217 2501; x_wconf 86' lang='lat' dir='ltr'>Ita</span> <span class='ocrx_word' id='word_1_419' title='bbox 1244 2471 1284 2501; x_wconf 91' lang='lat' dir='ltr'>ad</span> <span class='ocrx_word' id='word_1_420' title='bbox 1305 2471 1543 2502; x_wconf 86' lang='lat' dir='ltr'>sincerissimam</span> <span class='ocrx_word' id='word_1_421' title='bbox 1571 2472 1660 2504; x_wconf 90' lang='lat' dir='ltr'>codd.</span> 
     </span>
     <span class='ocr_line' id='line_1_79' title="bbox 936 2521 1659 2562; baseline 0.004 -11"><span class='ocrx_word' id='word_1_422' title='bbox 936 2522 1121 2560; x_wconf 82' lang='lat' dir='ltr'>scripturam</span> <span class='ocrx_word' id='word_1_423' title='bbox 1130 2521 1301 2562; x_wconf 87' lang='lat' dir='ltr'>legendum</span> <span class='ocrx_word' id='word_1_424' title='bbox 1312 2533 1376 2553; x_wconf 90' lang='lat' dir='ltr'>esse</span> <span class='ocrx_word' id='word_1_425' title='bbox 1387 2522 1529 2559; x_wconf 82' lang='lat' dir='ltr'>dicimus,</span> <span class='ocrx_word' id='word_1_426' title='bbox 1540 2523 1659 2554; x_wconf 86' lang='lat' dir='ltr'>infaus-</span> 
     </span>
     <span class='ocr_line' id='line_1_80' title="bbox 935 2572 1662 2615; baseline 0.006 -13"><span class='ocrx_word' id='word_1_427' title='bbox 935 2572 1052 2602; x_wconf 90' lang='lat' dir='ltr'>tissime</span> <span class='ocrx_word' id='word_1_428' title='bbox 1066 2572 1252 2613; x_wconf 83' lang='lat' dir='ltr'>quibusdam</span> <span class='ocrx_word' id='word_1_429' title='bbox 1264 2573 1446 2605; x_wconf 76' lang='lat' dir='ltr'>divexatam.</span> <span class='ocrx_word' id='word_1_430' title='bbox 1481 2574 1592 2615; x_wconf 87' lang='lat' dir='ltr'>Neque</span> <span class='ocrx_word' id='word_1_431' title='bbox 1602 2574 1662 2606; x_wconf 84' lang='lat' dir='ltr'>ali-</span> 
     </span>
     <span class='ocr_line' id='line_1_81' title="bbox 935 2624 1470 2665; baseline 0.006 -12"><span class='ocrx_word' id='word_1_432' title='bbox 935 2629 982 2654; x_wconf 86' lang='lat' dir='ltr'>ter</span> <span class='ocrx_word' id='word_1_433' title='bbox 996 2624 1160 2665; x_wconf 86' lang='lat' dir='ltr'>Virgilius,</span> <span class='ocrx_word' id='word_1_434' title='bbox 1176 2624 1215 2654; x_wconf 88' lang='lat' dir='ltr'>ad</span> <span class='ocrx_word' id='word_1_435' title='bbox 1232 2625 1306 2655; x_wconf 85' lang='lat' dir='ltr'>AEn.</span> <span class='ocrx_word' id='word_1_436' title='bbox 1321 2625 1382 2655; x_wconf 81' lang='lat' dir='ltr'>viii.</span> <span class='ocrx_word' id='word_1_437' title='bbox 1398 2628 1470 2656; x_wconf 81' lang='lat'>524.</span> 
     </span>
    </p>
   </div>
   <div class='ocr_carea' id='block_1_20' title="bbox 996 2726 1210 2735">
    <p class='ocr_par' dir='ltr' id='par_1_28' title="bbox 996 2726 1210 2735">
     <span class='ocr_line' id='line_1_82' title="bbox 996 2726 1210 2735; baseline 0 0"><span class='ocrx_word' id='word_1_438' title='bbox 996 2726 1210 2735; x_wconf 95' lang='lat' dir='ltr'> </span> 
     </span>
    </p>
   </div>
   <div class='ocr_carea' id='block_1_21' title="bbox 997 2714 1589 2788">
    <p class='ocr_par' dir='ltr' id='par_1_29' title="bbox 997 2714 1589 2788">
     <span class='ocr_line' id='line_1_83' title="bbox 1217 2714 1589 2747; baseline 0.005 -9"><span class='ocrx_word' id='word_1_439' title='bbox 1217 2714 1335 2739; x_wconf 84' lang='lat' dir='ltr'>vibratus</span> <span class='ocrx_word' id='word_1_440' title='bbox 1346 2714 1378 2739; x_wconf 84' lang='lat' dir='ltr'>ab</span> <span class='ocrx_word' id='word_1_441' title='bbox 1391 2714 1494 2740; x_wconf 84' lang='lat' dir='ltr'>aethere</span> <span class='ocrx_word' id='word_1_442' title='bbox 1496 2714 1589 2747; x_wconf 83' lang='lat' dir='ltr'>fulgor</span> 
     </span>
     <span class='ocr_line' id='line_1_84' title="bbox 997 2763 1295 2788; baseline 0.007 -2"><span class='ocrx_word' id='word_1_443' title='bbox 997 2763 1068 2787; x_wconf 92' lang='lat' dir='ltr'>Cum</span> <span class='ocrx_word' id='word_1_444' title='bbox 1080 2763 1168 2787; x_wconf 83' lang='lat' dir='ltr'>sonitu</span> <span class='ocrx_word' id='word_1_445' title='bbox 1179 2763 1295 2788; x_wconf 54' lang='grc' dir='ltr'>γρηῢ-η</span> 
     </span>
    </p>
   </div>
   <div class='ocr_carea' id='block_1_22' title="bbox 934 2837 1660 2931">
    <p class='ocr_par' dir='ltr' id='par_1_30' title="bbox 934 2837 1660 2931">
     <span class='ocr_line' id='line_1_85' title="bbox 936 2837 1660 2876; baseline 0.001 -8"><span class='ocrx_word' id='word_1_446' title='bbox 936 2841 958 2855; x_wconf 90' lang='lat'><strong>“</strong></span> <span class='ocrx_word' id='word_1_447' title='bbox 977 2839 1050 2868; x_wconf 81' lang='lat' dir='ltr'>Cum</span> <span class='ocrx_word' id='word_1_448' title='bbox 1067 2840 1181 2869; x_wconf 77' lang='lat' dir='ltr'>souitu:</span> <span class='ocrx_word' id='word_1_449' title='bbox 1206 2837 1337 2869; x_wconf 59' lang='lat' dir='ltr'>tonitrus</span> <span class='ocrx_word' id='word_1_450' title='bbox 1359 2838 1512 2876; x_wconf 84' lang='lat' dir='ltr'>scilicet;&#39;‘</span> <span class='ocrx_word' id='word_1_451' title='bbox 1537 2839 1660 2869; x_wconf 83' lang='lat' dir='ltr'>Servius</span> 
     </span>
     <span class='ocr_line' id='line_1_86' title="bbox 934 2888 1657 2931; baseline 0.003 -12"><span class='ocrx_word' id='word_1_452' title='bbox 934 2888 1062 2928; x_wconf 82' lang='lat' dir='ltr'>optime:</span> <span class='ocrx_word' id='word_1_453' title='bbox 1082 2889 1135 2930; x_wconf 86' lang='lat' dir='ltr'>qui</span> <span class='ocrx_word' id='word_1_454' title='bbox 1145 2889 1354 2922; x_wconf 86' lang='lat' dir='ltr'>consulendus</span> <span class='ocrx_word' id='word_1_455' title='bbox 1368 2897 1414 2922; x_wconf 81' lang='lat' dir='ltr'>est</span> <span class='ocrx_word' id='word_1_456' title='bbox 1428 2889 1544 2922; x_wconf 87' lang='lat' dir='ltr'>ibidem</span> <span class='ocrx_word' id='word_1_457' title='bbox 1557 2900 1657 2931; x_wconf 86' lang='lat' dir='ltr'>porro,</span> 
     </span>
    </p>
   </div>
  </div>
 </body>
</html>
