1926 3224
310 240 374 282 54

803 240 863 288 T.
913 239 1292 290 LUCRETII

446 366 654 422 Denique,
675 371 823 406 natura
841 366 932 407 haec
951 381 1104 417 rerum,
1126 369 1326 423 ratioque,
1347 378 1509 424 reperta
1527 380 1587 415 est

447 439 610 494 Nuper;
642 445 682 479 et
700 438 823 489 hanc,
843 439 1001 494 primus
1021 455 1115 482 cum
1134 441 1277 496 primis
1296 442 1382 497 ipse
1401 452 1585 498 repertus

447 513 571 553 Nunc
590 526 668 569 ego
687 527 792 563 sum,
813 513 858 554 in
876 514 1029 569 patrias
1048 515 1118 570 qui
1137 516 1290 570 possim
1309 525 1471 558 vortere
1488 532 1622 560 voces.

503 585 645 636 Quod,
667 586 700 627 si
719 585 823 628 forte
841 586 962 628 fuisse
981 587 1154 629 antehac
1174 588 1317 630 eadem
1337 591 1478 632 omnia
1497 591 1644 643 credis,

333 663 415 699 340
447 658 529 701 Sed
547 660 712 714 periisse
730 660 947 703 hominum
967 663 1141 704 torrenti
1161 663 1266 705 secla
1285 678 1450 719 vapore,

442 733 531 774 Aut
550 734 740 775 cecidisse
759 735 894 776 urbeis
914 750 1067 792 magno
1087 737 1305 777 vexamine
1322 737 1484 788 mundi,

445 807 533 848 Aut
553 823 604 848 ex
624 808 821 849 imbribus
841 808 1020 849 adsiduis
1040 810 1170 850 exisse
1192 812 1388 865 rapaceis,

444 880 525 920 Per
545 888 686 930 terras,
708 881 878 930 amneis,
903 896 951 922 ac
971 881 1125 936 oppida
1145 884 1421 937 cooperuisse3

443 952 582 993 Tanto
601 953 752 1009 quique
771 955 915 1011 magis,
938 955 1085 1006 victus,
1107 955 1257 998 fateare
1276 971 1439 998 necesse
1458 964 1533 1007 est,

340 1105 413 1137 Ver.
427 1110 498 1138 540.
519 1110 648 1139 torrenti
665 1120 788 1149 vapore:
814 1110 834 1141 i.
850 1120 876 1140 e.
899 1110 1019 1141 calidis-

297 1157 377 1189 simo
391 1168 519 1198 vapore3
543 1160 683 1190 conferas
704 1161 735 1191 ii.
753 1165 821 1192 843.
866 1162 1022 1193 Pacuvius

299 1209 384 1249 apud
398 1209 538 1249 Festum,
554 1221 628 1242 voce
648 1213 794 1244 Tor-rens:

310 1284 450 1310 Flammeo
461 1289 559 1318 vapore
569 1290 665 1311 torrens
675 1291 756 1312 terrae
765 1287 856 1313 fetum
867 1288 1006 1314 exusserit.

336 1353 412 1384 Ver.
427 1357 498 1385 341.
519 1358 681 1388 vexamine.
726 1356 800 1387 Hoc
826 1367 942 1388 nomen
965 1359 1019 1388 ha-

295 1405 347 1435 bet
360 1405 439 1441 heic,
455 1411 491 1435 ut
505 1408 633 1437 verbum
647 1418 715 1438 vexo
727 1407 797 1446 plus
812 1408 908 1438 semel
923 1409 956 1438 in
971 1410 1021 1439 his

295 1454 393 1493 libris,
417 1456 530 1486 fortem
545 1462 751 1497 vegetumque
772 1467 911 1487 sensum:
935 1459 1020 1489 unde

293 1507 491 1545 reprehensio
513 1507 801 1547 grammaticorum,
830 1507 933 1538 Gellio
953 1518 1019 1538 me-

293 1563 496 1595 moratorum,
526 1557 566 1588 ad
591 1563 685 1588 noctt.
709 1559 776 1589 Att.
791 1558 821 1588 ii.
839 1562 867 1589 6.
892 1560 968 1599 (quo
990 1565 1020 1590 te

295 1607 439 1647 recipias)
463 1613 528 1637 erat
542 1608 629 1647 prius
643 1609 790 1639 Lucretio
804 1609 1019 1650 impingenda,

292 1659 347 1699 qui
377 1659 459 1689 viam
482 1659 610 1700 ingenio
631 1660 773 1691 Maronis
795 1666 951 1699 straverat,
980 1661 1020 1691 de

292 1709 352 1740 levi
375 1717 405 1740 et
427 1710 546 1740 imbelli
571 1711 721 1742 vocabulo
749 1721 814 1742 non
842 1711 1018 1752 cogitantis,

294 1769 368 1791 cum
383 1761 508 1798 diceret,

386 1836 520 1861 Dulichias
530 1843 643 1860 vexasse
657 1839 736 1861 rates.

292 1904 374 1934 Vide
389 1905 430 1934 sis
444 1910 592 1935 annotata
606 1905 758 1944 super-im,
775 1906 814 1937 ad
830 1906 850 1936 i.
867 1909 907 1938 27
910 1911 938 1938 6.

335 1956 412 1986 Ver.
428 1960 500 1987 542.
525 1959 664 1997 rapaceis
693 1961 825 1989 amneis:
857 1960 1016 1989 revertaris

291 2006 331 2037 ad
346 2007 365 2037 i.
385 2011 431 2037 18.
455 2013 486 2037 ct
508 2018 593 2038 meas
614 2008 730 2038 ibidem
753 2015 849 2040 notas.
896 2011 1016 2041 Auctor

291 2058 332 2088 ad
347 2059 482 2097 Liviam,
498 2069 558 2091 ver.
573 2063 645 2091 587.

386 2131 574 2163 Danubiumque
583 2137 730 2165 rapax—
739 2143 748 2159 :

291 2208 375 2239 unde
386 2208 552 2240 lectionem
564 2211 748 2250 exemplaris
755 2212 917 2243 Arceriani
928 2212 1014 2243 redo-

292 2260 431 2290 naverim
443 2261 589 2301 equidem
600 2262 761 2301 Frontino,
775 2270 899 2304 stratag.
912 2264 930 2294 i.
946 2268 975 2294 6.
987 2268 1015 2294 2.

294 2315 316 2330 “
334 2312 557 2349 Idem,—dum
558 2316 695 2355 flumine
707 2316 941 2354 interveniente,
953 2327 1017 2347 non

290 2366 314 2382 ‘⁶
330 2363 374 2394 ita
388 2374 517 2406 magno,
525 2371 561 2395 ut
575 2367 740 2397 transitum
755 2367 938 2406 prohiberet,
951 2377 1017 2397 mo-

287 2417 309 2432 “
326 2421 445 2445 raretur
460 2421 564 2446 tamen
578 2420 759 2457 rapacitate,
775 2418 903 2448 alteram
914 2418 1010 2459 legio-

289 2468 312 2483 “
328 2476 402 2495 nem
430 2466 463 2496 in
490 2467 612 2498 occulto
638 2468 714 2498 citra
738 2467 856 2499 flumen
881 2469 1012 2499 colloca-

289 2519 312 2534 “
327 2516 442 2548 vit—:²
487 2519 604 2560 Vulgo,
625 2522 808 2560 rapiditate,-
836 2531 873 2551 ex
896 2521 1011 2562 glossa-

285 2572 361 2604 tore,
406 2575 491 2599 extra
527 2571 775 2602 controversiam.
841 2571 1011 2602 Undenam

287 2618 404 2649 scilicet
418 2620 573 2651 rarissima
594 2632 651 2652 vox
667 2621 863 2653 librariorum
878 2623 1011 2653 cerebel-

287 2668 326 2698 lis
342 2669 560 2703 incursaverit?
587 2673 740 2704 Consulas
758 2679 864 2704 autem
881 2674 1012 2705 Ouden-

286 2718 432 2758 dorpium
458 2722 588 2761 ibidem;
611 2725 700 2765 cujus
723 2725 883 2755 sententiae
912 2724 1012 2756 nolim

286 2772 486 2804 subscribere.

327 2821 409 2852 Ibid.
438 2826 530 2855 exisse
558 2828 675 2857 omneis
702 2838 740 2858 ac
766 2829 877 2867 oppida
907 2838 1009 2868 coope-

283 2874 388 2903 ruisse.
433 2874 517 2904 Mihi
546 2875 702 2916 liquidum
737 2885 784 2909 est
819 2880 874 2909 hos
905 2889 1010 2910 versus

284 2924 437 2956 auxilium
452 2925 589 2968 Virgilio
604 2928 720 2969 tulisse,
734 2929 774 2961 ad
787 2940 854 2972 geo.
870 2931 890 2962 i.
908 2933 979 2963 115.

1078 1109 1239 1139 Praesertim,
1250 1109 1356 1135 incertis
1366 1109 1388 1133 si
1397 1109 1530 1134 mensibus
1541 1109 1623 1134 amnis
1633 1109 1767 1137 abundans

1080 1149 1154 1179 Exit,
1165 1152 1192 1174 et
1203 1148 1306 1173 obducto
1317 1149 1367 1173 late
1378 1152 1453 1174 tenet
1466 1149 1557 1174 omnia
1566 1149 1703 1176 limo—.

1107 1217 1181 1248 Ver.
1195 1221 1267 1248 543.
1290 1229 1348 1248 ac:
1371 1217 1415 1247 ita
1430 1217 1465 1247 P.
1482 1217 1522 1247 V.
1548 1217 1595 1248 ed.
1623 1218 1663 1249 O.
1690 1223 1725 1250 Δ.
1750 1226 1791 1252 11.

1063 1278 1164 1308 neque
1180 1268 1265 1299 aliud
1280 1268 1432 1298 nimirum
1447 1268 1627 1298 habendum
1641 1275 1688 1300 est
1709 1284 1743 1301 ero
1757 1277 1791 1302 at

1063 1319 1150 1350 codd.
1166 1319 1202 1350 L.
1220 1320 1267 1350 M.
1291 1319 1397 1359 vulgo,
1424 1325 1530 1359 atque‚·
1555 1320 1639 1360 quod
1665 1328 1789 1362 egomet

1063 1370 1249 1410 importunis
1263 1370 1484 1401 correctoribus
1494 1370 1635 1409 reddam,
1649 1373 1790 1405 nescien-

1063 1423 1147 1452 tibus
1175 1423 1326 1452 sermonis
1356 1422 1497 1453 indolem
1525 1423 1715 1460 Lucretiani,
1752 1427 1791 1456 ab

1063 1473 1121 1502 hac
1149 1472 1300 1511 particula
1331 1478 1403 1501 ante
1431 1472 1571 1502 vocalem
1600 1474 1791 1515 insequentis

1063 1522 1216 1560 dictionis,
1257 1522 1304 1553 uti
1341 1522 1476 1553 vidimus
1504 1523 1538 1554 in
1573 1525 1792 1564 superioribus,

1064 1573 1147 1604 haud
1175 1575 1653 1614 abhorrentem—cooperuisse.-
1677 1576 1720 1607 V.
1742 1576 1792 1607 ed.

1066 1630 1101 1656 Σ.
1126 1628 1308 1665 coperuisse;
1333 1625 1372 1655 ad
1396 1626 1687 1664 pronunciationem
1709 1628 1792 1658 vocis

1065 1677 1183 1716 utique:
1214 1683 1258 1708 Ω.
1281 1679 1492 1717 cohuperuisse.

1108 1730 1188 1761 Ibid.
1224 1732 1334 1770 oppida
1366 1733 1560 1771 cooperuisse.
1619 1732 1789 1770 Arnobius,

1061 1780 1112 1811 lib.
1127 1781 1147 1810 i.
1163 1791 1190 1820 p.
1207 1785 1235 1811 4.
1258 1781 1311 1811 im.
1336 1785 1358 1800 ‘⁴
1376 1781 1512 1817 Quando
1526 1785 1613 1814 urbes
1635 1784 1789 1823 amplissi.

1061 1835 1083 1851 “
1099 1842 1160 1862 mae
1175 1832 1304 1862 marinis
1323 1840 1468 1873 coopertae
1483 1840 1556 1864 sunt
1568 1836 1770 1875 fluctibus?'‘

1104 1892 1176 1922 Ver.
1191 1895 1262 1922 544.
1284 1895 1413 1932 quique:
1439 1892 1482 1922 sic
1504 1893 1540 1923 L.
1568 1893 1614 1923 M.
1637 1899 1673 1924 Δ.
1695 1895 1788 1925 veris-

1059 1943 1148 1973 sime:
1192 1943 1306 1981 caeteri,
1346 1946 1471 1983 quippe,·
1510 1943 1606 1974 editio
1641 1945 1788 1985 Juntina,

1058 2004 1180 2033 nempe:
1207 1993 1292 2023 unde
1307 2003 1363 2032 pro
1382 1993 1560 2024 adulterino
1582 1994 1647 2025 fetu
1669 1995 1786 2036 glossa-

1059 2044 1133 2074 toris
1147 2044 1290 2084 arguitur
1306 2043 1384 2073 illud
1406 2046 1526 2084 quippe,
1550 2055 1615 2074 non
1641 2046 1787 2085 perspici—

1059 2095 1139 2126 entis
1157 2109 1191 2126 -ro
1205 2097 1317 2136 quz‘que
1333 2105 1389 2134 pro
1403 2098 1528 2135 quisque
1544 2102 1639 2126 stare:
1665 2096 1686 2126 i.
1701 2107 1727 2127 e.
1750 2108 1788 2128 ex

1060 2155 1120 2175 usu
1142 2147 1297 2176 bonorum
1326 2146 1522 2185 scriptorum,
1557 2156 1613 2185 pro
1641 2149 1788 2187 quisquis.

1061 2196 1107 2227 vel
1136 2199 1325 2237 quicunque;
1362 2204 1397 2227 ut
1426 2197 1570 2228 vicissim.
1628 2198 1787 2230 Glossator

1059 2248 1224 2289 antiquus:
1259 2253 1281 2267 “
1305 2250 1434 2289 Quique,
1466 2251 1596 2283 ἕκαστος.
1646 2252 1788 2291 Quisque,

1061 2303 1083 2318 ‘⁴
1101 2301 1230 2334 ἕκαστος.
1287 2302 1442 2340 Quisquis,
1481 2299 1633 2334 {nam-ogs
1694 2301 1787 2331 Idem

1060 2352 1192 2382 vicissim
1207 2352 1241 2381 in
1260 2351 1391 2382 Graecis:
1424 2355 1446 2370 ‘⁴
1460 2354 1616 2386 Ἕκαστος,
1631 2351 1784 2392 sing-ulus,

1059 2406 1080 2421 “
1096 2405 1241 2443 quisquis,
1251 2402 1477 2442 unusquisque,
1489 2405 1612 2443 quique,
1628 2403 1787 2444 quisque-'⁵

1058 2454 1101 2484 Et
1116 2453 1256 2491 forsitan,
1280 2463 1350 2493 quae
1373 2453 1539 2484 hominum
1562 2459 1628 2484 erat
1651 2453 1784 2491 inscitia,

1056 2505 1250 2544 pronominis
1282 2515 1357 2535 usus
1386 2515 1459 2535 cum
1488 2505 1619 2545 persona
1647 2504 1783 2536 secunda

1057 2557 1140 2588 verbi
1158 2556 1288 2587 librariis
1312 2557 1496 2596 scrupulum
1520 2556 1783 2596 objecerit.·-vic-

1055 2616 1120 2640 tus:
1147 2615 1187 2640 n.
1202 2609 1467 2650 victa-fateare:
1494 2607 1588 2638 vind.
1602 2607 1720 2647 fatear.

1098 2669 1179 2699 Ibid.
1211 2671 1308 2700 Tanto
1338 2670 1451 2708 magis.-
1485 2668 1524 2697 ob
1553 2671 1608 2696 tua
1636 2675 1779 2696 concessa

1054 2719 1179 2758 scilicet,
1195 2720 1234 2751 de
1251 2726 1297 2751 tot
1311 2720 1475 2750 hominum
1485 2724 1516 2748 et
1529 2717 1656 2748 urbium
1671 2717 1778 2748 exitia-

1053 2771 1134 2801 libus
1154 2772 1374 2802 vexaminibus.

1097 2832 1170 2862 Ver.
1186 2834 1258 2863 545.
1281 2837 1453 2862 terrarum:
1478 2838 1586 2859 verum
1605 2828 1690 2859 enim
1707 2838 1779 2859 vero

1054 2882 1151 2922 (quod
1184 2892 1265 2923 aegre
1295 2880 1378 2920 apud
1406 2881 1584 2920 ignorantes
1614 2879 1779 2921 ingenium

1052 2941 1174 2972 eorum,
1203 2932 1256 2973 qui
1279 2931 1418 2962 Lucretii
1439 2931 1550 2971 scripta
1578 2936 1775 2967 curaverunt,
