1926 3224
265 242 327 282 82

751 236 811 284 Τ.
857 236 1236 287 LUCRETII

400 368 643 410 Densabant
659 365 804 419 procul
823 379 848 404 a
867 364 984 406 terris
1002 365 1199 422 fulgentia
1218 369 1384 422 templa:

403 442 600 483 Sidebant
619 438 792 493 campei‚
814 439 1049 481 crescebant
1067 440 1274 483 montibus
1293 441 1384 483 altis

400 515 630 555 Adscensus
636 531 650 563 3
681 527 816 569 neque
834 514 945 555 enim
963 522 1154 570 poterant
1173 515 1381 557 subsidere
1400 530 1512 567 saxa,

246 642 249 644 ,
285 592 365 629 495
399 587 487 628 Nec
505 587 660 642 pariter
677 588 935 630 tantumdem
954 603 1097 631 omnes
1117 590 1385 632 subcumbere
1403 598 1552 646 partes.

387 741 502 771 coelum,
513 747 544 766 ac
555 743 647 771 terras,
659 744 804 773 camposque
814 740 943 773 liquentis.-

248 818 319 853 post
333 812 519 852 Euripidem
533 821 615 847 sane,
633 811 768 841 Homeri
783 821 848 841 non
862 812 974 843 imme·

249 875 381 900 morem,
399 865 508 895 Phoen.
525 867 596 894 5219.

324 946 494 979 Azoepmcwv
507 943 647 969 ΠΕΔΙΩΝ
661 943 829 973 immas-m

246 1018 301 1050 Ad
324 1019 406 1049 hanc
431 1027 584 1054 normam,
615 1018 722 1049 nullus
747 1018 905 1059 ambigem
934 1017 974 1049 de

245 1068 436 1100 suavissimis
454 1069 588 1099 Ausonii
602 1069 740 1099 versibus
763 1069 972 1108 restituendis,

242 1127 337 1161 prout
346 1131 431 1152 nunc
442 1121 628 1158 scribuntur,
641 1131 784 1152 sermone
794 1121 889 1152 nimis
903 1127 971 1152 tau-

243 1172 350 1213 tologo
364 1171 548 1213 degravatiS,
564 1172 598 1201 in
614 1172 739 1202 Mosell.
756 1175 805 1202 85.

271 1257 319 1281 Tu
330 1256 410 1286 mihi,
419 1255 552 1281 flumineis
563 1255 712 1280 habitatrix
724 1256 785 1280 Na'is
798 1256 824 1280 in
840 1256 902 1286 oris,

271 1295 439 1328 squamigeri
456 1295 543 1327 gregis
560 1296 610 1320 ede
628 1295 740 1325 choi-0⁵5
757 1294 906 1326 liquidoque
923 1296 972 1320 sub

348 1344 418 1362 arvo

272 1376 374 1402 Dissere
384 1376 502 1401 caeruleo
513 1375 648 1400 fluitantes
661 1381 742 1400 amne
751 1377 882 1400 catervas.

243 1450 362 1491 Vulgo,
388 1453 453 1482 alvo
468 1452 584 1490 liquido
591 1465 602 1486 ;
627 1449 681 1479 sed
702 1450 819 1488 liquido
837 1460 907 1479 arvo
923 1459 971 1479 re·

236 1502 375 1542 spondet
385 1503 551 1543 flunzineis
577 1502 650 1538 oris,
674 1506 711 1530 ut
727 1502 895 1541 fluitantes
916 1511 969 1531 ca-

241 1561 340 1585 tervas
371 1567 428 1587 τοις
457 1553 645 1593 squamigeri
677 1553 788 1591 gregis.
834 1551 970 1590 Nempe,

240 1608 264 1623 “
280 1611 316 1635 tu
343 1615 413 1645 quae
443 1605 501 1634 sub
525 1602 644 1644 liquido
670 1612 743 1633 arvo
769 1601 831 1632 es.''
878 1601 969 1633 Idem

239 1657 343 1693 Maro,
359 1657 434 1686 AEn.
450 1665 478 1685 x.
496 1658 567 1685 214.

495 1725 593 1754 campos
604 1721 664 1745 salis
675 1726 730 1746 aere
740 1721 874 1746 secabant.

241 1791 304 1822 Sed
320 1791 439 1821 nemini
456 1790 504 1821 vel
524 1790 688 1829 poetarum
702 1789 825 1820 cesserit
839 1789 965 1830 elegan-

238 1842 283 1872 tia
313 1842 360 1872 M.
387 1841 525 1878 Tullius,
552 1841 586 1870 in
614 1841 701 1871 Arat,
727 1843 796 1872 195.
818 1840 857 1870 de
881 1842 966 1880 Argo

239 1902 317 1924 nave
332 1891 474 1932 loquens:

268 1970 328 1993 Non
339 1968 399 1993 aliae
411 1975 491 1993 naves
502 1971 532 1992 ut
544 1968 570 1991 in
585 1966 640 1991 aito
650 1973 751 1998 ponere
762 1973 852 1998 proras

269 2010 342 2034 Ante
351 2008 448 2038 solent,
459 2012 544 2032 rostro
556 2007 682 2039 Neptunia
691 2010 767 2038 prata
779 2009 912 2036 secantes3

268 2049 329 2077 Sed,
337 2054 467 2072 convorsa
477 2050 559 2076 retro,
572 2046 636 2072 coeli
644 2054 668 2070 se
677 2049 721 2078 per
733 2046 791 2070 loca
802 2049 902 2077 portat.

240 2122 299 2158 Sic,
322 2122 412 2152 nobis
426 2122 540 2158 insciis,
564 2121 647 2160 prior
664 2120 794 2151 Grotius
807 2119 965 2150 verissime

237 2173 435 2213 rescripserat
471 2183 528 2212 pro
558 2183 681 2212 semper.
726 2173 772 2202 At
807 2171 966 2202 Ciceronis

239 2236 328 2256 versu
342 2226 545 2256 confirmatur
563 2225 653 2255 lectio
669 2224 858 2265 Virgiliana,
880 2235 963 2255 seca-

237 2278 325 2313 bant;
357 2276 408 2307 cui
434 2276 617 2316 praeferebat
647 2275 802 2306 Heinsius
828 2277 965 2306 ruebant.

239 2328 307 2358 Nec
334 2328 497 2359 Tullianas
521 2333 697 2359 venustates
719 2327 793 2358 alibi
818 2326 965 2366 praeteriit

235 2378 419 2409 indelibatas
454 2379 508 2409 ille
542 2380 737 2409 Mantuanus
744 2390 753 2416 ;
789 2387 888 2418 quum
924 2377 964 2408 ad

237 2431 312 2461 AEn.
335 2431 386 2461 vii.
406 2433 478 2463 695.
501 2430 549 2461 his
574 2430 701 2461 floribus
725 2429 851 2470 po'eseos
876 2429 963 2470 pagi-

236 2490 312 2511 nam
327 2491 417 2511 suam
431 2481 666 2512 illuminaverit:

383 2563 456 2581 arva
467 2556 537 2581 nov&
549 2556 678 2589 Neptunia
687 2556 764 2581 caede
776 2556 930 2582 rubescunt.

235 2625 394 2667 Denique,
417 2637 450 2657 se
467 2627 600 2658 Plautus
613 2625 707 2658 addat
721 2626 852 2665 socium,
874 2626 962 2658 Trin.

234 2676 274 2706 iv.
290 2681 318 2707 2.
338 2681 384 2709 15.

264 2753 393 2784 Bonaque
404 2755 494 2779 omnia
509 2755 576 2780 item
588 2754 641 2779 una
653 2761 762 2780 mecum
774 2754 870 2787 passim
881 2760 960 2779 ceru-

326 2792 374 2816 leos
387 2801 434 2824 per
444 2800 570 2825 campos:

233 2863 276 2896 et,
290 2859 347 2888 hos
362 2864 497 2896 secutus,
520 2865 622 2889 noster
639 2860 769 2900 Popius,
787 2861 822 2891 in
837 2859 958 2901 lepidu-

231 2909 274 2949 lo,
291 2910 430 2950 Jupiter!
456 2911 677 2953 molliculoque
691 2922 799 2943 versu:

1048 751 1109 776 And
1119 751 1203 781 Pikes‚
1212 751 1260 776 the
1270 754 1374 784 tyrants
1384 751 1417 776 of
1429 751 1468 776 the
1479 751 1577 783 wat’ry
1584 749 1680 784 plaim.

1061 820 1136 851 Ver.
1162 824 1231 852 490.
1263 823 1418 852 volabant:
1459 821 1556 852 Vind.
1589 823 1740 861 valebant5

1018 872 1059 903 V.
1074 873 1121 904 ed.
1145 875 1288 905 volebant.
1333 875 1374 905 In
1397 874 1552 915 proximo,
1576 875 1674 907 Vind.
1693 878 1741 908 al-

1016 929 1133 964 tasque.

1060 983 1132 1015 Ver.
1148 987 1219 1016 492.
1248 985 1446 1015 Densabant:
1483 984 1616 1017 editores
1644 985 1744 1018 auda-

1014 1034 1131 1066 cissimi
1145 1035 1330 1066 recentiores
1343 1035 1383 1066 de
1397 1046 1455 1067 suo
1475 1046 1639 1076 reposuere
1652 1039 1741 1071 Den-

1015 1088 1136 1123 sebant5
1163 1093 1271 1118 contra
1285 1086 1380 1118 libros
1393 1097 1504 1118 omnes
1516 1094 1642 1121 veteres.

1059 1146 1140 1178 Ibid.
1151 1147 1312 1188 fulgentia
1339 1149 1407 1178 coelz'
1427 1150 1549 1190 templa.
1593 1147 1744 1181 Similiter

1015 1198 1206 1235 Venusinus,
1224 1197 1274 1229 od.
1289 1198 1323 1229 ii.
1338 1201 1387 1230 12.
1402 1202 1431 1230 8.

1269 1283 1342 1307 unde
1351 1281 1501 1314 periculum

1136 1321 1240 1353 Fulgens
1251 1321 1417 1346 contremuit
1427 1322 1515 1346 domus

1106 1361 1212 1386 Saturni
1223 1361 1392 1387 veteris—.

1017 1432 1149 1463 Ovidius
1162 1433 1270 1472 etiam,
1284 1440 1359 1464 met.
1374 1434 1406 1464 ii.
1426 1436 1475 1465 17.

1045 1518 1111 1542 Haec
1123 1523 1202 1550 super
1211 1517 1336 1550 imposita
1346 1522 1386 1544 est
1398 1518 1453 1543 coeli
1463 1518 1589 1552 fulgentis
1599 1519 1699 1553 imago.

1015 1597 1109 1628 Maro
1122 1603 1230 1629 contra
1251 1597 1351 1629 voluit
1364 1599 1524 1639 proprIam
1545 1610 1582 1631 ac
1595 1601 1741 1642 primati-

1012 1658 1065 1679 am
1079 1649 1250 1686 notionem,
1266 1649 1306 1680 ad
1323 1649 1397 1680 AEn.
1413 1649 1465 1680 vii.
1481 1654 1553 1682 210.

1353 1732 1475 1758 stellantis
1485 1733 1559 1766 regia
1569 1735 1633 1760 coeli.

1011 1813 1169 1854 Denique,
1192 1824 1257 1844 non
1280 1814 1402 1845 alienus
1423 1821 1470 1845 est
1489 1815 1564 1846 huic
1585 1816 1643 1846 toti
1667 1815 1737 1848 loco

1010 1865 1139 1904 scriptor
1160 1865 1342 1906 exquisitus,
1371 1865 1535 1897 Minucius
1550 1866 1651 1906 Felix,
1671 1877 1739 1908 cap.

1009 1927 1036 1947 v.
1058 1923 1089 1947 et
1103 1917 1140 1947 iis
1155 1927 1240 1955 sane,
1256 1927 1326 1958 quae
1340 1918 1562 1957 praecesserint,
1577 1920 1639 1950 huc
1653 1920 1741 1952 haud

1009 1968 1103 1998 dubie
1127 1968 1305 2007 respiciens,
1335 1968 1438 1999 lucem
1468 1968 1592 2000 inferet:
1628 1973 1652 1989 ‘⁸
1668 1970 1739 2001 Sint

1011 2022 1032 2037 “
1048 2020 1201 2059 principio
1230 2019 1376 2050 omnium
1400 2020 1531 2059 semina,
1560 2018 1674 2052 natura
1702 2021 1739 2052 iu

1009 2074 1032 2089 “
1047 2081 1079 2101 se
1105 2073 1254 2107 εοὲιιηεία,
1285 2070 1426 2102 densata:
1452 2071 1521 2112 quis
1547 2071 1598 2102 hic
1627 2078 1739 2103 auctor

1008 2126 1031 2140 “
1050 2122 1156 2154 Deus?
1197 2123 1267 2153 Sint
1306 2123 1441 2153 fortuitis
1481 2123 1738 2155 concursionibus

1009 2177 1031 2192 “
1048 2174 1142 2204 totius
1156 2174 1267 2205 mundi
1291 2176 1434 2205 membra
1456 2174 1577 2211 coalita,
1604 2174 1737 2216 digesta,

1009 2228 1031 2243 “
1046 2224 1193 2255 formata:
1226 2225 1296 2266 quis
1326 2225 1416 2256 Deus
1445 2224 1661 2256 machinator?
1686 2225 1736 2256 Si-

1008 2280 1031 2295 “
1046 2277 1119 2307 dera
1143 2277 1216 2307 licet
1241 2277 1324 2318 ignis
1350 2276 1536 2314 accenderit,
1566 2282 1599 2308 et
1620 2276 1737 2308 coelum

1008 2330 1031 2345 “
1047 2327 1118 2358 licet
1132 2338 1189 2358 sua
1203 2327 1333 2358 materia
1352 2327 1562 2369 suspenderit3
1586 2327 1660 2359 licet
1673 2333 1735 2358 ber-

1009 2381 1031 2396 “
1049 2388 1118 2408 ram
1132 2378 1331 2409 fundaverint
1347 2378 1495 2418 pondera,
1518 2384 1550 2409 et
1563 2387 1650 2409 mare
1662 2377 1737 2409 licet

1008 2435 1030 2451 “
1048 2434 1227 2474 influxerint
1262 2434 1411 2473 liquores:
1451 2431 1536 2464 unde
1567 2432 1635 2462 haec
1663 2431 1736 2462 reli-

1008 2487 1030 2502 “
1046 2484 1183 2525 gio—?”
1211 2483 1325 2525 Vulgo,
1344 2486 1483 2520 co‘e'imtffl
1507 2482 1562 2514 sed
1576 2481 1647 2513 vide
1661 2492 1734 2513 nos-

1006 2540 1102 2574 trum,
1119 2546 1179 2567 ver.
1196 2539 1268 2567 487.
1283 2540 1314 2566 et
1327 2536 1530 2573 membranae,
1545 2534 1703 2577 influxerit
1716 2543 1734 2564 e

1005 2589 1129 2628 liquore.
1177 2586 1314 2618 Consule
1329 2585 1505 2616 Davisium.

1059 2647 1133 2677 Ver.
1159 2650 1231 2679 493.
1267 2647 1428 2683 Sidebant,·
1465 2654 1521 2684 pro
1557 2641 1730 2682 composito

1004 2699 1213 2730 Subsidebant.
1259 2698 1294 2728 C.
1311 2698 1428 2737 Nepos,
1446 2696 1498 2726 xii.
1514 2699 1543 2725 4.
1560 2696 1657 2724 2.—“
1672 2703 1730 2724 na-

1005 2752 1027 2767 “
1044 2749 1096 2785 vis,
1117 2755 1216 2779 rostro
1231 2757 1385 2788 percussa,
1407 2746 1498 2785 coepit
1511 2743 1639 2776 sidere.”
1679 2743 1730 2774 Sic

1004 2801 1057 2831 alii
1083 2812 1147 2832 non
1172 2811 1250 2832 raro.
1294 2800 1407 2839 Neque
1428 2797 1489 2828 alio
1513 2795 1608 2827 modo
1637 2795 1730 2827 debet

1003 2853 1101 2892 accipi
1131 2863 1164 2883 re
1191 2851 1264 2882 verzi
1288 2851 1322 2881 in
1339 2849 1464 2891 Virgilii
1488 2848 1569 2888 loce,
1597 2847 1671 2880 AEn.
1687 2847 1726 2887 xji.

1005 2907 1075 2934 205.
1099 2902 1300 2934 vocabulum:
