1926 3224
594 247 825 296 LIBER
865 243 1167 295 SEXTUS.
1514 250 1608 297 827

259 383 329 424 Ex
348 382 428 424 hoc
447 395 574 438 usque
593 395 707 423 mare
727 380 928 435 speluncae
948 378 1100 419 montis
1120 376 1173 418 ad
1193 375 1291 418 altas

257 456 509 497 Perveniunt
529 455 666 496 subter
685 454 833 495 fauces:
867 453 945 493 hac
965 453 1038 502 ire,
1068 451 1278 492 fatendum
1299 457 1374 500 est,

255 529 312 571 Et
331 537 559 584 penetrare,
581 528 700 578 mari,
721 527 883 582 penitus
903 540 967 565 res
988 526 1113 580 cogit,
1136 533 1294 579 aperto,

255 603 394 658 Atque
412 602 557 643 ecflare
575 601 701 649 foras3
733 599 908 653 ideoque
926 597 1120 638 extollere
1139 597 1340 648 flammam,

142 678 223 718 700
255 678 443 732 Saxaque
462 675 699 729 subjectare,
722 680 762 714 et
782 687 918 714 arenae
940 671 1080 713 tollere
1099 670 1274 711 nimbos.

251 751 302 791 In
323 763 482 791 summo
502 755 597 790 sunt
615 748 766 789 vertice
785 747 896 789 enim
917 753 1109 797 crateres,
1131 752 1177 786 ut
1196 744 1296 799 ipsei

108 934 160 955 sus
182 920 405 965 απροςδιονυσως,
430 921 464 951 ni
488 920 586 952 fallor.
631 921 724 951 Forte
738 930 776 950 ex
790 921 831 950 si-

107 974 175 1004 mili
190 984 266 1004 sono
280 973 441 1004 literarum
456 974 472 1004 b
488 979 519 1003 et
532 984 561 1012 v,
583 973 714 1011 resolbit,
734 983 831 1003 resor-

107 1027 161 1063 bic,
177 1026 317 1062 resorbet,
334 1024 416 1054 facta
429 1029 511 1054 sunt.

152 1086 225 1116 Ver.
241 1089 312 1117 696.
335 1095 437 1115 mare:
472 1083 514 1114 sic
539 1084 574 1114 P.
592 1083 630 1115 V.
654 1083 702 1114 ed.
730 1085 768 1114 B.
795 1088 831 1115 Δ.

108 1143 143 1170 Σ.
161 1144 205 1169 Ω.
227 1143 258 1168 et
272 1137 401 1168 forsitan
416 1136 551 1167 universi
573 1135 693 1167 codices
707 1136 831 1175 vetusti,

107 1190 132 1219 si
162 1200 194 1219 se
217 1189 294 1220 fidos
320 1189 403 1220 docti
428 1189 589 1219 collatores
613 1187 832 1227 praestitissent.

108 1241 225 1282 Vulgo,
250 1244 349 1273 mari:
375 1240 429 1271 sed
452 1251 515 1271 non
540 1246 605 1271 erat
626 1240 665 1271 de
680 1240 770 1270 metri
786 1250 832 1271 se-

107 1293 238 1323 curitate
253 1293 387 1324 cordatis
409 1293 635 1333 ambigendum
657 1293 688 1322 in
705 1292 832 1329 caesura,

106 1350 138 1375 et
152 1354 224 1377 ante
239 1345 342 1376 literas
356 1346 450 1386 longe
466 1345 668 1375 validissimas
681 1356 727 1385 sp.
768 1345 833 1375 Nos

105 1397 179 1427 alibi
194 1397 233 1428 de
248 1398 306 1428 hac
332 1408 365 1428 re
381 1398 451 1438 plus
476 1397 572 1428 semel
599 1397 833 1437 disputavimus.

106 1448 224 1479 Videas
239 1454 344 1479 autem
362 1450 458 1488 Sosip.
477 1449 597 1479 Charis.
613 1448 664 1479 lib.
682 1449 702 1478 i.
718 1458 767 1487 pp.
784 1451 834 1478 44.

107 1503 157 1532 45.
178 1504 245 1530 111.
268 1511 303 1530 ac
320 1500 471 1531 Ptiscian.
489 1500 540 1530 lib.
557 1500 607 1530 vii.
625 1503 696 1531 759.

147 1551 222 1582 Ver.
238 1554 311 1583 697.
338 1552 442 1581 Locus
461 1558 507 1581 est
529 1561 654 1590 anceps,
685 1550 831 1586 lubricus,

104 1603 302 1642 perdifficilis,
326 1609 417 1644 atque
439 1603 626 1642 importunis
640 1602 832 1632 hariolorum

105 1654 351 1685 concertantium
366 1654 552 1695 conjecturis
566 1654 659 1694 louge
674 1653 832 1684 vexatissi-
856 1680 857 1683 ,

104 1717 184 1738 mus.
229 1706 361 1736 Nosmet
384 1706 416 1735 in
433 1705 469 1735 ea
485 1716 594 1735 sumus
608 1704 774 1742 sententia,
795 1710 830 1734 ut

105 1768 214 1788 omnes
227 1757 261 1787 hi
277 1757 430 1787 tumultus
444 1756 575 1787 feliciter
590 1756 688 1786 sedari
703 1756 829 1795 possint,

105 1807 189 1839 salva
205 1808 356 1848 religione
370 1808 522 1844 codicum,
546 1808 585 1838 de
598 1809 657 1838 hac
678 1808 829 1846 interpre-

103 1859 221 1890 tatione
257 1865 289 1890 et
332 1861 390 1890 hoc
426 1859 536 1889 ordine
572 1858 828 1889 constructionis:

105 1914 129 1930 ‘⁶
146 1910 324 1942 Fatendum
353 1917 406 1947 est,
435 1912 521 1952 (nam
547 1921 595 1941 res
618 1913 684 1950 ipsa
707 1910 833 1950 penitus

106 1966 128 1982 “
144 1963 230 2003 cogit
240 1963 358 2004 fateri)
383 1962 546 2002 speluncas
568 1965 656 1993 hasce
672 1962 717 1992 ire
730 1968 763 1992 et
776 1972 829 2002 pe-

104 2017 128 2033 “
144 2020 265 2044 netrare
288 2015 347 2044 hac
369 2013 453 2052 υἱᾶ,”
478 2015 547 2055 (per
572 2013 691 2044 radices
715 2014 832 2043 montis

103 2067 221 2098 scilicet
243 2077 343 2107 usque
364 2066 406 2098 ad
428 2067 600 2106 posituram
624 2066 764 2096 faucium
779 2077 832 2096 su-

104 2129 159 2159 pra
177 2119 366 2160 jacentium)
392 2122 414 2137 “
431 2119 510 2149 mari
525 2118 666 2159 aperto,’'
690 2119 747 2148 has
761 2129 829 2157 spe-

103 2172 212 2204 luncas
235 2173 302 2203 sine
327 2172 560 2212 impedimentis
586 2172 694 2212 utique
709 2181 830 2210 perme-

103 2230 187 2255 ante.
235 2224 316 2254 Sane
342 2224 570 2263 nobismetipsis
600 2223 678 2253 nihil
708 2222 835 2252 videtur

105 2277 148 2307 ita
167 2276 250 2314 duri,
274 2275 323 2306 vel
348 2276 480 2311 obscuri,
508 2276 541 2305 in
561 2276 619 2305 hac
643 2274 838 2305 enarratione

105 2326 220 2362 sensus,
243 2332 280 2356 ut
294 2336 418 2356 necesse
432 2326 471 2355 sit
492 2325 532 2356 ad
547 2325 766 2355 incertissimas
780 2325 828 2355 di-

104 2379 279 2409 vinationes
300 2378 485 2418 confugere3
507 2377 620 2418 quibus
641 2387 828 2407 enumeran-

104 2429 152 2460 dis
181 2429 280 2460 nolim
309 2430 430 2459 chartas
458 2435 489 2459 et
513 2435 652 2469 tempora
678 2429 830 2460 consumi.

107 2482 276 2518 Caeterum,
301 2486 337 2513 Σ.
355 2482 448 2511 babet
461 2493 562 2518 mam,-
586 2487 622 2511 ut
638 2488 684 2512 Ω..
698 2492 716 2511 a
730 2480 831 2521 prima

105 2543 217 2562 manu:
256 2538 288 2563 et
317 2542 374 2562 vox
404 2532 489 2562 deest
514 2533 555 2563 V.
583 2532 830 2573 ed.—Denique‚

106 2583 269 2614 Bentleius
284 2593 340 2613 nos
356 2583 452 2614 mittit
467 2583 506 2614 ad
531 2583 684 2619 Servium,
702 2585 775 2614 AEn.
792 2584 835 2616 iii.

105 2636 177 2665 571.
200 2640 231 2664 et
251 2635 353 2664 Fabro
375 2634 503 2672 dicenti,
525 2638 547 2653 “
569 2634 712 2665 Omnino
733 2635 836 2676 agitur

105 2688 127 2704 “
146 2685 185 2716 de
199 2686 317 2722 vento,'’
334 2687 400 2717 haec
415 2686 542 2727 regerit:

116 2764 197 2796 Quod
206 2765 300 2797 procul
311 2772 327 2789 a
339 2765 402 2790 vera
412 2770 452 2790 est
462 2765 545 2790 animi
556 2765 659 2791 ratione
670 2766 816 2798 repulsum,

105 2838 143 2864 ut
156 2838 260 2864 noster
275 2834 328 2865 ait.
376 2834 548 2865 Geminam
570 2845 709 2866 caussam
725 2835 831 2866 incen-

105 2884 150 2915 dii
165 2886 309 2924 proponit
318 2898 328 2924 ;
351 2893 472 2918 ventum
488 2887 522 2917 in
535 2887 652 2918 montis
669 2887 836 2918 visceribus

106 2941 298 2973 aestuantem,
314 2943 346 2969 et
359 2949 443 2972 mare
457 2938 615 2980 speluncis
629 2939 837 2972 subterraneis

148 2994 245 3027 Vor..
264 2995 337 3028 ΙΙΙ.

875 930 912 950 eo
927 925 1102 958 penetranS‚
1129 923 1161 948 et
1182 916 1225 947 ibi
1247 916 1399 947 fervorem
1415 916 1603 956 concipiens.

877 971 955 1001 Ideo
970 978 1086 1014 autem,
1103 969 1187 1010 quod
1199 971 1350 1008 duplicem
1363 969 1516 999 rationem
1527 979 1604 999 con.

876 1023 988 1060 stituit,
1002 1023 1053 1058 ait,
1072 1024 1241 1058 Praetcrea,
1257 1031 1317 1051 ver.
1334 1025 1404 1052 694.
1421 1028 1466 1058 et;
1488 1025 1510 1039 “
1528 1023 1606 1051 Sunt

875 1078 898 1093 “
914 1077 1030 1115 aliquot
1046 1084 1163 1114 quoque
1179 1072 1306 1107 res—,''
1329 1083 1390 1102 ver.
1407 1075 1478 1103 703.
1502 1072 1604 1102 Deni-

874 1136 945 1166 que,
973 1126 1040 1154 haec
1066 1123 1161 1154 fidem
1176 1124 1334 1153 habebunt
1358 1133 1395 1152 ex
1410 1122 1459 1152 his
1477 1122 1605 1154 Claudi.

876 1177 928 1207 ani
943 1177 981 1207 de
998 1175 1108 1215 Aitna,
1128 1181 1205 1215 rapt.
1222 1175 1309 1205 Pros.
1325 1174 1345 1204 i.
1364 1177 1434 1205 171.

908 1262 967 1286 Sive
978 1261 1052 1292 qnod
1062 1260 1189 1291 objicibus
1200 1259 1348 1284 discurrens
1358 1262 1455 1283 ventus
1465 1259 1565 1291 opertis

907 1303 1013 1328 Offenso
1026 1309 1072 1334 per
1085 1308 1151 1326 saxa
1161 1301 1227 1326 furit
1239 1302 1336 1326 rimosa
1346 1304 1451 1330 meatu,

907 1345 979 1367 Dum
991 1345 1125 1366 scrutatur
1135 1341 1201 1370 iter3
1219 1340 1426 1370 libertatemque
1440 1346 1591 1371 reposcens,

908 1382 997 1406 Putria
1008 1380 1163 1412 multivagis
1174 1379 1318 1411 populatur
1329 1379 1433 1403 flatibus
1445 1382 1535 1403 antra:

910 1423 958 1446 Seu
970 1428 1050 1451 mare,
1065 1419 1176 1444 sulfurei
1186 1419 1300 1443 ductum
1312 1425 1359 1450 per
1370 1419 1470 1443 viscera
1481 1417 1591 1449 montis,

909 1461 1041 1493 Oppressi-s
1052 1459 1163 1492 ignescit
1175 1459 1260 1490 aquis,
1271 1463 1298 1484 et
1309 1459 1427 1490 pondera
1438 1458 1526 1483 librat.

879 1537 1044 1566 Hactenus
1058 1535 1105 1565 vir
1120 1533 1398 1574 praestantissimus.

919 1597 993 1626 Ver.
1009 1600 1081 1627 699.
1097 1597 1238 1635 ideoque:
1267 1600 1300 1625 Σ.
1316 1594 1602 1633 ideo.-7flammanzx

876 1647 974 1677 vind.
992 1652 1026 1677 Δ.
1044 1651 1077 1677 Σ.
1104 1652 1135 1676 et
1152 1652 1196 1676 Ω.
1225 1656 1243 1674 a
1259 1643 1359 1684 primi
1388 1654 1494 1680 manu,
1507 1645 1611 1684 flam-

873 1710 947 1729 mas.

920 1758 999 1789 Ibid.
1021 1760 1131 1799 ecflare
1144 1757 1252 1799 foras.-
1278 1756 1297 1786 i.
1314 1767 1339 1787 e.
1362 1755 1526 1786 fatendum
1549 1761 1608 1794 est,

876 1809 1039 1850 speluncas
1071 1817 1257 1839 memoratas
1283 1808 1437 1847 exspirare
1467 1808 1607 1838 marinos

876 1863 1000 1901 fluctus,
1023 1871 1101 1903 quos
1115 1859 1305 1890 imbiberint.

918 1925 993 1955 Ver.
1012 1927 1083 1955 700.
1115 1923 1298 1963 subjectare:
1340 1926 1374 1952 Δ.
1404 1921 1607 1961 objectare.—

875 1976 1046 2016 Subjectare
1062 1980 1181 2012 autem,
1197 1972 1285 2014 quasi
1300 1973 1407 2004 cle-sub
1419 1972 1540 2012 jacere,
1558 1971 1610 2003 vel

874 2037 947 2057 saxa
972 2029 1072 2057 subter
1099 2026 1214 2065 posita:
1243 2024 1314 2054 vide
1338 2034 1406 2060 nos,
1433 2023 1471 2053 ad
1486 2023 1517 2052 ii.
1538 2026 1607 2075 131.

877 2078 998 2108 Omnes
1027 2082 1134 2107 autem
1163 2076 1294 2114 hujusce
1324 2073 1430 2104 versus
1456 2074 1608 2104 dictiones

874 2127 1050 2167 insumpsit,
1071 2127 1146 2157 alias
1161 2126 1247 2164 alibi,
1265 2125 1429 2166 Virgilius.
1476 2124 1527 2155 Sic
1542 2124 1607 2164 pri-

876 2190 974 2215 mum,
993 2179 1034 2209 ad
1048 2189 1115 2219 geo.
1131 2178 1177 2208 iii.
1193 2181 1264 2208 241.

1059 2259 1218 2291 nigramque
1227 2257 1282 2283 alte
1291 2257 1411 2290 subjectae
1420 2264 1536 2282 arenam.

875 2331 925 2361 De
953 2330 1044 2370 cujus
1067 2330 1227 2370 scripturae
1251 2329 1427 2359 sinceritate
1452 2328 1607 2359 Heinsius

874 2393 914 2412 ne
928 2388 1125 2412 momentum
1142 2381 1271 2421 quidem
1286 2381 1371 2410 horae
1392 2379 1534 2410 dubitare
1549 2389 1606 2419 po-

873 2439 986 2471 tuerat,
1012 2433 1037 2463 si
1061 2432 1271 2474 frequentiore
1296 2442 1356 2461 usu
1373 2430 1512 2461 Lucretii
1539 2440 1605 2461 car-

874 2487 962 2515 mina
977 2485 1118 2515 trivisset.
1166 2484 1289 2514 Rursus
1311 2483 1394 2513 idem
1411 2482 1536 2513 divinus
1551 2492 1604 2513 va-

875 2543 928 2574 tes,
945 2537 1018 2567 ibid.
1034 2547 1095 2567 ver.
1116 2540 1186 2567 110.

1197 2614 1225 2634 at
1237 2608 1321 2634 sulvae
1333 2607 1433 2633 nimbus
1443 2614 1529 2632 arenae

940 2650 1129 2674 Tollitur—.

876 2722 947 2752 Hos
968 2723 1084 2752 nimbos
1100 2721 1122 2752 J
1127 2721 1250 2751 ustinus
1274 2723 1375 2757 vocat,
1401 2718 1420 2748 i.
1437 2722 1465 2748 9.
1481 2721 1512 2748 5.
1532 2723 1606 2749 tem-

869 2784 1002 2817 pestates
1024 2784 1052 2808 ει
1079 2787 1245 2807 arenarum
1271 2776 1372 2812 moles,
1395 2783 1450 2813 per
1466 2773 1606 2813 hendya-

877 2827 949 2864 den,
969 2828 1034 2858 vice
1057 2831 1079 2847 “
1097 2827 1282 2867 procellosas
1296 2835 1462 2856 arenarum
1475 2823 1606 2855 moles.'’

922 2889 996 2920 Ver.
1014 2892 1086 2920 701.
1107 2891 1216 2920 vertice
1244 2889 1345 2919 enim:
1372 2887 1409 2918 P.
1434 2887 1472 2917 B.
1497 2887 1608 2917 vertice

879 2943 968 2980 2'tem5
992 2940 1090 2973 vind.
1107 2940 1147 2973 V.
1165 2939 1212 2973 ed.
1241 2940 1364 2976 vertice5
1388 2938 1425 2971 L.
1442 2937 1490 2970 M.
1515 2937 1606 2969 verti-

850 2998 881 3029 Y
