1926 3224
583 205 811 254 LIBER
857 204 1215 262 QUINTUS.

1554 210 1639 250 221

303 337 385 380 Per
403 337 492 379 loca
510 345 721 393 pastorum
740 338 913 389 deserta,
936 346 1058 394 atque
1076 338 1161 380 otia
1179 338 1260 380 dia.

361 414 429 456 Sic
449 429 579 456 unum
599 414 798 470 quidquid
818 414 1026 469 paullatim
1045 415 1249 469 protrahit
1269 421 1366 456 aetas

302 487 353 528 In
373 488 570 538 medinm,
593 489 779 543 ratioque
798 488 842 527 in
864 488 1026 528 luminis
1046 489 1152 528 eruit
1171 503 1278 529 oras.

357 561 468 602 Haec
487 562 646 601 animos
666 560 752 600 ollis
772 559 1020 607 mulcebant,
1042 567 1164 615 atque
1176 562 1391 615 juvabant,

160 639 266 676 1390
299 634 406 676 Cum
427 634 568 674 satiate
587 633 689 682 cibi;
721 647 819 673 nam
838 640 927 673 tum
947 640 1042 673 sunt
1062 634 1146 674 otia
1167 635 1294 675 cordi.

353 708 471 761 Saepe
490 706 627 761 itaque
646 707 754 746 inter
774 720 830 756 se,
852 706 1068 760 prostratei
1088 706 1132 746 in
1152 708 1346 763 gramine,
1359 708 1484 758 molli,

294 780 471 834 Propter
490 794 608 835 aquae
627 780 777 830 rivum,
799 778 875 821 sub
895 781 1018 821 ramis
1037 780 1195 822 arboris
1215 781 1322 832 altae,

290 853 389 894 Non
410 854 569 910 magnis
589 853 735 909 opibus
748 853 931 908 jocunde
951 868 1126 909 corpora
1145 854 1366 897 habebant:

142 1013 187 1045 Et
201 1017 310 1043 ornato
324 1011 461 1042 carmine
479 1011 679 1052 Calpurnius,
693 1013 732 1044 iv.
751 1016 800 1044 45.

309 1098 423 1129 pecudes
434 1097 504 1122 inter
515 1098 664 1122 conductus
675 1099 771 1127 iberas,

203 1138 281 1162 Irrita
291 1137 400 1169 septena
413 1138 565 1163 modularer
575 1138 647 1162 sibila
658 1138 753 1162 canna.

142 1214 248 1253 Atque
263 1213 390 1252 pulchre
406 1212 546 1243 conferas
563 1212 654 1243 Ovid.
677 1218 750 1242 met.
766 1212 785 1242 i.
801 1214 863 1243 705

140 1266 255 1295 —714.
278 1274 372 1304 quem
391 1264 558 1294 Creechius
573 1264 728 1294 indicavit.

185 1323 268 1354 Ibid.
293 1334 367 1354 cava
398 1325 601 1354 calamorum:
637 1323 805 1364 eleganter,
829 1330 864 1354 ut

140 1374 274 1412 Plinius,
288 1380 350 1404 nat.
366 1374 438 1404 hist.
456 1374 549 1404 xxxii.
567 1377 613 1404 11.
629 1385 703 1405 cava
714 1376 862 1410 ulcerum,-

140 1432 173 1456 et
187 1425 360 1462 Vitruvius,
388 1426 426 1455 vi.
449 1429 478 1456 5.
501 1437 574 1456 cava
603 1428 732 1461 aedz'um‚-
759 1426 863 1456 AElius

140 1477 342 1516 Lampridius
351 1476 496 1517 denique,
510 1478 543 1506 in
558 1477 779 1517 Heliogabalo,
792 1484 862 1508 sect.

139 1531 168 1560 5.
193 1532 215 1547 “
231 1539 285 1567 per
299 1534 411 1558 cuncta
425 1539 498 1559 cava
514 1528 721 1568 corporis—2¹

182 1588 256 1618 Ver.
276 1591 366 1618 1382.
388 1599 477 1619 covas
503 1590 614 1629 inflare
638 1590 764 1619 cicutas.
811 1588 861 1619 Sic

138 1637 303 1679 Virgilius,
319 1638 352 1668 in
372 1638 550 1677 Daphnidis
564 1638 727 1678 principio:

196 1722 242 1747 Tu
253 1720 362 1746 calamos
372 1720 461 1752 instare
476 1721 611 1747 levis—.

644 1763 826 1795 Lambinus

137 1847 354 1886 Nemesianus,
370 1847 425 1879 ecl.
440 1848 485 1878 iii.
507 1851 556 1879 13.
571 1853 696 1879 secutus
710 1855 768 1880 est:

359 1923 424 1948 nulli
434 1923 473 1948 fas
485 1927 525 1949 est
536 1923 624 1955 inflare
635 1923 799 1948 cicutas—.

177 1993 250 2025 Ver.
267 1998 358 2025 1583.
381 1996 496 2026 dulceis
509 1997 660 2035 querelas:
680 1995 746 2026 redi
762 1994 801 2025 ad
815 1995 854 2026 iv.

131 2047 203 2077 588.
226 2053 257 2075 et
271 2055 345 2076 sane
359 2048 486 2086 querula
507 2057 560 2077 vooe
574 2046 718 2087 quaedam
732 2047 855 2086 propria

130 2103 178 2127 est
191 2100 382 2128 cantantium
393 2101 570 2137 poetarmm
594 2099 736 2129 consulas
752 2099 854 2135 Quin-

132 2147 176 2178 til.
194 2149 277 2179 instt.
292 2149 312 2179 i.
326 2153 356 2180 8.
370 2149 438 2181 init.
453 2160 527 2181 cum
543 2151 619 2181 Eur.
632 2151 720 2182 Med.
738 2155 810 2183 149.
825 2156 855 2180 et

132 2200 225 2230 schol.
255 2200 294 2230 ad
323 2201 455 2240 Hippol.
488 2204 559 2233 750.
590 2201 661 2232 edit.
691 2202 853 2243 Egertoni.

130 2251 235 2286 Ασιδος·
251 2253 509 2303 ὅθΡΗΝᾳΔΟΣι
532 2255 721 2294 Hesychius.
761 2254 854 2285 Idem

130 2303 278 2343 tragicus,
307 2304 380 2335 ibid.
400 2308 470 2336 892.
491 2313 592 2345 μελος,
607 2317 740 2342 carmen,
762 2306 851 2336 adhi-

131 2355 201 2385 buit
222 2354 265 2385 de
287 2356 478 2396 qucrebundd
504 2356 595 2396 prosa
617 2358 770 2389 oratione:
799 2358 851 2388 adi

130 2415 200 2443 nos,
223 2405 270 2436 -.ad
294 2405 337 2437 iii.
364 2409 436 2438 550.
460 2408 551 2447 Mox,
575 2415 616 2439 Π.
635 2409 756 2450 findit,
785 2410 851 2440 vice

119 2456 242 2498 fundit.

169 2517 244 2547 Ver.
262 2520 352 2549 1585.
375 2520 474 2559 sylvas
489 2521 658 2560 saltusque:
685 2521 732 2551 uti
754 2522 848 2552 Man-

129 2574 246 2599 tuanus
261 2568 355 2598 etiam
370 2569 520 2601 vocabula
535 2571 708 2611 conjunxit,
723 2582 789 2612 geo.
806 2572 848 2603 iii.

126 2622 177 2650 40.

259 2695 397 2727 Dryadum
408 2695 498 2728 sylvas
509 2696 637 2730 saltusque
646 2704 798 2729 sequamur.

166 2758 242 2790 Ver.
261 2763 350 2791 1586.
372 2767 462 2801 atque
477 2763 548 2792 dia:
576 2769 618 2793 Π.
634 2774 691 2803 que
705 2767 769 2793 oia:
785 2763 807 2794 i.
822 2773 848 2793 e.

125 2811 236 2840 omnia.
270 2811 336 2847 Qui
350 2812 434 2842 venit
448 2822 532 2843 error
543 2823 580 2844 ex
595 2814 780 2845 obscuritate
795 2825 845 2845 su-

125 2860 252 2899 perioris
263 2863 360 2902 partis
374 2862 470 2893 literae
485 2866 513 2894 cl.

954 1011 1033 1042 Ibid.
1055 1013 1120 1042 loca
1138 1018 1297 1051 pastorum
1321 1015 1436 1044 deserta
1457 1020 1548 1054 atque
1562 1015 1633 1045 otia.

910 1063 992 1094 Haec
1008 1062 1092 1094 idern
1110 1063 1262 1105 Virgilius
1277 1064 1431 1102 delibavit,
1451 1065 1490 1096 ad
1505 1076 1572 1108 geo.
1587 1066 1629 1096 iii.

909 1118 982 1146 476.

1317 1196 1469 1228 desertaque
1479 1205 1556 1229 regna

938 1237 1082 1265 Pastorum,
1093 1238 1121 1260 et
1132 1235 1213 1267 longe
1222 1235 1303 1260 saltus
1314 1236 1421 1268 lateque
1431 1236 1564 1261 vacantis.

950 1308 1031 1340 Ibid.
1054 1312 1115 1341 otia
1132 1312 1194 1341 dia.
1226 1310 1302 1341 Hoc
1314 1311 1436 1342 dictum
1451 1317 1497 1342 est
1511 1317 1634 1351 propter

907 1361 975 1390 deos
999 1362 1166 1400 sylvestres,
1194 1371 1272 1402 quos
1294 1362 1407 1403 vulgus
1429 1362 1526 1393 credit
1538 1363 1572 1393 in
1587 1363 1634 1393 his

907 1410 983 1440 locis
1008 1411 1196 1442 inhabitare:
1223 1412 1363 1443 conferas
1386 1413 1425 1443 iv.
1452 1416 1633 1445 584—596.

907 1461 952 1491 Et
965 1462 1121 1492 committi
1136 1462 1227 1493 debet
1241 1464 1409 1494 versiculus
1426 1464 1633 1505 VirgilianuS‚

906 1513 957 1542 cui
973 1513 1076 1545 lucem
1091 1514 1259 1545 Lucretius
1273 1515 1448 1555 foenerabit,
1471 1516 1506 1549 in
1527 1526 1595 1557 geo.
1611 1516 1632 1546 i.

907 1568 977 1595 168.

996 1642 1059 1667 Site
1071 1642 1152 1674 digna
1159 1645 1253 1668 manet
1264 1642 1447 1676 diffinigloria
1456 1644 1535 1669 ruris.

905 1705 994 1736 Hinc
1009 1706 1043 1736 in
1066 1706 1182 1737 Lucilii
1204 1708 1341 1747 junioris
1357 1708 1473 1747 AEtnti,
1502 1718 1562 1739 ver.
1583 1712 1630 1739 12.

904 1756 996 1787 lectio
1019 1759 1224 1789 vetustiorum
1247 1760 1470 1799 exemplarium
1500 1761 1631 1791 omnino

902 1808 1039 1839 tenenda
1061 1814 1122 1848 est3
1146 1810 1200 1840 uhi
1222 1810 1317 1852 vulgo
1339 1811 1482 1841 scribitur
1502 1818 1628 1849 saturat,

903 1860 1009 1890 minus
1024 1859 1114 1891 docte
1128 1866 1160 1891 et
1173 1860 1347 1902 eleganter:

932 1932 1003 1957 Cum
1014 1933 1122 1958 domitis
1133 1940 1215 1959 nemo
1226 1935 1478 1966 CereremJactaret
1490 1935 1518 1959 in
1529 1935 1609 1965 arvis,

928 1973 1106 2004 venturisque
1116 1973 1199 1998 malas
1210 1974 1365 2005 prohiberet
1375 1973 1496 2006 frugibus
1507 1974 1613 2004 herbas,

927 2012 1025 2036 Annua
1034 2012 1080 2037 sed
1091 2019 1170 2037 sacrae
1180 2012 1350 2044 complerent
1359 2012 1454 2038 horrea
1465 2020 1562 2038 messes.

943 2087 1016 2117 Ver.
1044 2089 1137 2118 1387.
1160 2089 1332 2127 quidquid:
1361 2087 1399 2117 P.
1421 2089 1558 2127 quidvis;
1586 2087 1625 2118 V.

898 2137 945 2167 ed.
961 2140 1036 2177 qnid
1049 2140 1268 2178 quis.--aetas.·
1294 2138 1335 2168 V.
1351 2138 1398 2168 ed.
1414 2144 1508 2169 actas.

941 2195 1022 2226 Ibid.
1040 2198 1198 2236 protrahit
1220 2198 1261 2227 In
1291 2198 1432 2227 medium.
1490 2197 1624 2227 Formu-

896 2247 960 2277 lam
975 2247 1102 2277 variavit
1118 2247 1280 2287 Virgilius,
1297 2254 1332 2278 ut
1347 2248 1532 2288 ambiguum
1546 2249 1624 2279 vita-

896 2304 992 2336 retur,
1009 2299 1084 2328 AEn.
1100 2298 1133 2328 ii.
1155 2302 1223 2328 1‘22.

925 2383 989 2409 Heic
1002 2383 1110 2408 Ithacus
1122 2387 1213 2408 vatem
1225 2389 1325 2415 magno
1336 2382 1484 2408 Calchanta
1495 2383 1616 2408 tumultu

926 2431 1054 2456 Protrahit
1063 2431 1090 2455 in
1101 2431 1233 2456 medios—.

897 2503 957 2534 Sed
972 2503 1069 2540 enim,
1089 2513 1130 2533 an
1142 2502 1269 2538 dederit,
1285 2505 1327 2533 In
1342 2503 1621 2534 mediom?—Cum

893 2555 942 2585 his
956 2560 1062 2584 autem
1077 2554 1272 2585 Lucretianis
1288 2555 1418 2585 omnino
1443 2555 1621 2586 committas

895 2605 1082 2644 Sophocleos
1097 2615 1211 2642 versuS,
1227 2605 1267 2635 ad
1283 2605 1323 2636 iv.
1342 2605 1545 2642 195.·citatos,
1563 2615 1618 2636 ex-

892 2660 1084 2700 plicitosque.

932 2720 1007 2750 Ver.
1027 2722 1288 2760 1588sratioque:
1309 2720 1346 2751 P.
1365 2720 1407 2751 V.
1419 2719 1471 2751 ed:
1483 2720 1523 2751 O.
1535 2721 1616 2751 ratio

891 2782 975 2811 quae5
998 2774 1313 2811 perperam.—eruz·t.·
1341 2772 1389 2803 M.
1404 2774 1513 2812 erigit;
1529 2771 1616 2812 quod

890 2822 972 2852 male
998 2823 1059 2853 huc
1085 2823 1268 2853 accersitum
1294 2829 1341 2853 est
1370 2833 1408 2853 ex
1437 2833 1497 2853 ver.
1522 2824 1615 2853 1454.

891 2883 965 2903 nam
985 2873 1082 2904 Carus
1095 2880 1212 2913 noster,
1235 2874 1259 2904 si
1276 2874 1350 2915 quis
1371 2874 1452 2905 alius
1465 2873 1610 2914 denique,
