1926 3224
555 232 788 282 LIBER
834 232 1195 290 QUINTUS.

1521 236 1610 278 195

277 365 333 407 Et
353 364 507 420 rapidei
526 364 724 415 fremitus,
746 373 787 406 et
806 380 1017 407 murmura
1036 380 1187 422 magna
1206 363 1420 405 minarum.

331 439 372 480 O
391 454 520 496 genus
539 438 677 479 infelix
696 439 938 480 humanum!
972 439 1066 480 talia
1086 440 1187 480 divis

278 512 419 561 Quom
440 512 582 553 tribuit
600 511 720 560 facta,
743 521 864 566 atque
883 512 963 551 iras
983 512 1171 566 adjunxit
1190 513 1366 553 acerbas.

143 590 245 626 1195
279 585 467 634 Quantos
487 594 575 624 tum
595 583 768 638 gemitus
789 583 888 636 ipsei
909 583 999 631 sibi,
1021 592 1253 638 quantaque
1273 586 1390 626 nobis

278 658 470 705 Volnera,
493 670 591 710 quas
611 655 810 695 lacrumas
829 669 1022 709 peperere
1042 657 1267 698 minoribus
1286 657 1451 699 nostris!

336 730 424 770 Nec
445 729 572 783 pietas
590 727 671 767 ulla
691 735 750 767 est
769 727 943 768 velatum
964 743 1072 783 saepe
1091 729 1218 770 videri

279 803 444 843 Vortier
464 801 516 842 ad
535 801 729 855 lapidem,
751 810 871 857 atque
891 804 1048 844 omneis
1067 803 1264 845 adcedere
1284 804 1337 845 ad
1357 819 1461 846 aras:

278 876 367 918 Nec
386 875 654 931 procumbere
673 875 789 916 humi
809 884 1076 931 prostratum,
1099 886 1138 918 et
1158 878 1339 933 pandere
1358 879 1512 934 palmas

137 1059 182 1082 tas
193 1050 286 1080 velim
303 1049 390 1089 Virg.
408 1050 482 1079 AEn.
498 1049 529 1079 ii.
552 1053 622 1081 249.
637 1050 679 1080 iii.
695 1052 766 1081 405.
783 1053 856 1081 545.

137 1103 157 1133 J
163 1112 210 1132 uV.
226 1102 263 1130 vi.
279 1104 350 1131 501.
396 1100 535 1130 Accedat
549 1111 639 1139 porro
654 1101 812 1139 Tibullus,
835 1101 855 1131 i.

143 1157 170 1184 1.
193 1157 239 1183 11.
256 1152 309 1182 ubi
324 1151 428 1182 videas
445 1152 640 1192 interpretes:

169 1236 237 1259 Nam
249 1239 371 1262 veneror,
381 1240 427 1258 seu
439 1233 518 1264 stipes
529 1232 609 1257 habet
618 1233 736 1258 desertus
744 1233 771 1257 ln
781 1233 860 1264 agris,

200 1275 250 1298 Seu
262 1277 340 1297 vetus
350 1273 376 1296 in
389 1272 468 1296 trivio
480 1271 562 1296 florea
573 1275 637 1296 serta
647 1272 720 1304 lapis.

142 1353 277 1389 Interea,
294 1363 374 1392 pene
388 1352 421 1382 in
438 1353 495 1382 hac
510 1351 707 1391 persuasione
726 1362 809 1390 sum,
825 1358 861 1382 ut

140 1405 314 1436 existimem
329 1405 460 1443 po'e'tam,
477 1403 572 1434 literis
587 1404 788 1443 transpositis,
807 1404 860 1434 de-

141 1456 231 1492 disse,
261 1455 302 1485 ad
324 1454 500 1485 evitandam
523 1455 760 1495 ambiguitatem
788 1464 862 1485 con-

141 1506 328 1544 structionis,
344 1506 404 1535 hoc
416 1505 522 1536 modo:

206 1598 260 1621 Nec
272 1595 356 1627 pietas
365 1595 419 1619 ulla
429 1598 479 1625 est,
491 1594 618 1619 levatum
633 1600 705 1626 saepe
716 1594 799 1619 videri

206 1635 313 1660 Vortier
323 1637 356 1660 ad
367 1635 554 1667 lapidem—z

142 1715 161 1746 i.
177 1725 202 1745 e.
223 1715 396 1754 expolitum,
413 1712 462 1742 vel
476 1714 536 1743 oleo
558 1714 752 1743 lubricatum.
799 1712 865 1742 Mi-

142 1766 253 1796 nucius
270 1764 368 1802 Felix,
379 1774 444 1803 cap.
456 1763 498 1793 iii.
514 1763 675 1802 impendio
689 1763 860 1802 eleganter:

144 1819 166 1835 ‘⁶
184 1816 258 1846 Non
282 1815 357 1846 boni
382 1815 439 1845 viri
463 1820 516 1851 est,
545 1814 653 1845 Marce
677 1814 784 1845 frater!
809 1816 866 1844 ho-

143 1872 166 1888 “
183 1867 314 1904 minem,
329 1866 414 1897 domi
429 1866 565 1906 forisque
582 1865 671 1896 iateri
693 1872 748 1896 tuo
770 1866 866 1896 inhae.

145 1924 168 1940 “
183 1926 315 1958 rentem,
343 1919 386 1949 sic
411 1919 445 1948 in
467 1920 524 1949 hac
546 1918 709 1958 imperitiae
731 1918 867 1959 vulgaris

145 1975 168 1990 “
184 1971 319 2002 caecitate
334 1970 481 2005 deserere,
504 1975 540 1999 ut
555 1975 620 1999 tam
634 1969 794 1999 luculento
816 1969 867 2000 die

146 2026 169 2042 “
183 2023 217 2052 in
232 2023 349 2061 lapides
364 2031 438 2050 eum
454 2020 578 2059 patiaris
592 2020 777 2061 impingere,
800 2021 866 2051 effi-

146 2077 169 2092 “
184 2073 283 2113 giatos
312 2081 396 2109 sane,
427 2078 458 2101 et
479 2077 593 2107 unctos,
624 2077 654 2101 et
682 2070 867 2102 coronatos.''

148 2124 212 2155 Ubi
234 2123 374 2163 perlegas
403 2121 588 2152 doctissimis
609 2121 867 2152 animadversori-

147 2176 206 2206 bus
219 2174 337 2205 collata.
384 2174 507 2203 Siculus
524 2173 664 2211 Flaccus,
687 2173 726 2203 de
741 2173 868 2204 conditt.

149 2236 306 2266 agrorum,
322 2236 350 2264 p.
366 2229 394 2256 5.
419 2229 441 2243 ‘⁶
457 2225 540 2256 Cum
552 2225 636 2254 enim
650 2224 798 2254 terminos
806 2225 868 2255 dis-

150 2281 172 2296 “
189 2283 348 2316 ponerent,
370 2277 451 2316 ipsos
477 2276 604 2316 quidem
619 2278 735 2315 lapides
750 2276 784 2305 in
799 2276 870 2306 soli-

150 2331 172 2346 “
189 2327 262 2358 dam
276 2333 389 2357 terram
400 2333 499 2357 rectos
510 2327 799 2364 conlocabant3-et
810 2338 868 2358 un-

151 2382 307 2418 “guento‚
334 2379 599 2417 velaminibusque,
624 2383 655 2407 et
669 2379 794 2413 coronis,
818 2388 870 2407 eos

152 2434 174 2449 “
190 2429 404 2460 coronabant.”
448 2429 618 2464 Arnobius,
650 2429 792 2468 denique,
816 2429 869 2460 lib.

151 2481 171 2510 i.
188 2491 216 2520 p.
233 2483 282 2510 22.
307 2483 329 2499 “
345 2479 421 2509 —si
444 2479 569 2519 quando
591 2489 809 2518 conspexeram
822 2481 870 2510 lu-

152 2536 175 2550 “
191 2534 339 2562 bricatum
363 2533 511 2571 lapidem,
537 2537 567 2561 et
589 2541 626 2561 ex
648 2533 720 2562 olivi
735 2533 872 2571 unguine

153 2588 176 2603 “
192 2584 395 2619 sordidatum,
422 2589 571 2624 tanquam
595 2584 710 2614 inesset
731 2584 776 2613 vis
794 2594 871 2623 prae-

152 2639 176 2655 ‘⁶
192 2646 269 2672 sens,
310 2635 468 2671 adulabar,
507 2634 693 2665 affabar—,⁵¹
739 2635 790 2665 De
826 2635 874 2665 his

152 2695 265 2725 autem,
297 2695 390 2728 prout
413 2689 457 2719 eis
483 2688 585 2719 visum
610 2688 715 2726 fuerit,
745 2688 875 2719 sciscant

153 2739 247 2784 velim
263 2739 388 2770 candidi
410 2746 441 2769 et
462 2739 583 2770 eruditi.
630 2738 802 2770 Conferant
816 2749 872 2770 au-

154 2796 219 2821 tem
235 2791 364 2822 Lucian.
380 2791 415 2821 in
430 2791 597 2822 Pseudom.
612 2795 664 2822 50.

199 2851 271 2883 Ver.
288 2856 380 2885 1198.
406 2855 539 2884 Vortler:
565 2852 584 2883 i.
601 2862 626 2883 e.
642 2851 683 2882 de
696 2852 808 2883 rnediae
821 2862 875 2882 vo-

156 2902 200 2933 cis
220 2913 292 2942 usu,
316 2911 427 2937 vertere
452 2916 482 2936 se
488 2921 499 2943 ;
523 2904 607 2946 quod
634 2915 707 2935 sane
729 2904 878 2944 scriptum

898 1061 1020 1091 quoque
1055 1051 1242 1090 conspicitur
1266 1051 1297 1080 in
1328 1051 1481 1082 Lactantii
1511 1052 1621 1083 multis

898 1102 1134 1141 exemplaribus,
1165 1112 1201 1131 ex
1231 1101 1409 1141 glossatoris
1437 1103 1618 1142 interpret&

900 1154 983 1183 tione
997 1154 1120 1184 scilicet.

946 1205 1023 1235 Ibid.
1045 1207 1190 1236 adcedere
1205 1207 1254 1234 ad.
1301 1205 1409 1240 Quum
1431 1205 1494 1234 veri
1516 1206 1555 1235 sit
1580 1205 1620 1235 si-

903 1256 988 1294 mile,
1006 1255 1186 1295 Virgilium,
1209 1262 1245 1285 ut
1260 1255 1293 1284 in
1308 1256 1376 1285 aliis
1391 1256 1536 1286 omnibus
1552 1256 1621 1285 imi-

902 1313 983 1336 tatus
998 1313 1053 1344 est,
1069 1308 1128 1336 hoc
1143 1307 1235 1336 etiam
1246 1307 1277 1336 in
1290 1307 1526 1337 constructionis
1537 1308 1623 1337 sche-

903 1364 986 1388 mate
1001 1368 1064 1388 non
1080 1358 1273 1388 deserturum
1282 1358 1410 1398 vestigia
1421 1359 1625 1398 praeceptoris,

905 1409 1054 1439 assentior
1069 1410 1237 1449 exemplari
1253 1410 1364 1450 scripto
1379 1410 1421 1440 sic
1437 1411 1512 1440 AEn.
1522 1410 1541 1441 i.
1553 1414 1622 1441 200.

905 1460 1073 1490 exhibenti:

940 1542 990 1566 Vos
1001 1542 1035 1566 ad
1047 1540 1187 1573 Scyllaeam
1199 1542 1311 1572 rabiem,
1321 1541 1479 1574 penitusque
1494 1544 1609 1568 sonantis

939 1580 1050 1605 Adcestis
1061 1581 1228 1613 scopulos—z

909 1661 962 1690 ubi
978 1661 1098 1691 codices
1112 1662 1221 1702 reliqui
1237 1663 1376 1700 praebent
1389 1669 1425 1693 et.
1464 1663 1628 1694 Tibullum

910 1714 1043 1742 conabor
1057 1713 1302 1743 emendatiorem
1318 1714 1402 1752 dare,
1417 1715 1457 1744 ad
1472 1715 1510 1745 ἰν.
1533 1718 1559 1746 1.
1576 1718 1627 1746 64.

940 1793 1087 1818 Cimmerifin
1097 1794 1178 1818 etiam
1190 1794 1313 1818 obscuras
1323 1795 1423 1818 accestit
1433 1795 1468 1819 ad
1478 1803 1566 1826 arces;

941 1833 1020 1864 Queis
1031 1840 1169 1864 nunquam
1183 1834 1315 1858 candente
1326 1834 1380 1858 dies
1388 1835 1510 1866 apparuit
1521 1843 1583 1866 axe,

940 1873 1000 1898 Sive
1010 1880 1088 1905 supra
1099 1877 1181 1898 terras
1192 1873 1317 1904 Phoebus,
1327 1881 1373 1899 seu
1384 1879 1502 1900 curreret
1513 1875 1591 1900 infra.

911 1948 952 1978 In
979 1948 1115 1979 secundo
1137 1959 1236 1985 versu,
1266 1949 1395 1989 quIdam
1417 1950 1504 1981 codd.
1534 1957 1629 1987 cestu,-

909 2000 993 2040 quod
1008 2000 1098 2030 nihili
1114 2007 1173 2030 est:
1199 2000 1303 2041 vulgm
1319 2008 1402 2038 ortu;
1426 2002 1510 2042 quod
1525 2004 1631 2033 absur-

911 2050 1002 2088 dum;
1025 2061 1134 2091 quum,
1158 2057 1193 2081 ut
1216 2051 1249 2080 in
1273 2052 1407 2081 Homeri
1429 2052 1507 2089 loco,
1524 2064 1631 2084 sensus

911 2102 1084 2142 generalior
1105 2108 1256 2141 poscatur,
1284 2103 1337 2142 qui
1360 2110 1524 2144 utramque
1546 2105 1631 2135 clau-

911 2153 1012 2183 sulam
1027 2153 1182 2193 sequentis
1197 2153 1302 2183 versus
1316 2163 1402 2193 aeque
1424 2155 1575 2193 respiciat,
1600 2161 1632 2187 et

913 2205 1059 2243 anticipet
1088 2210 1242 2234 neutram.
1290 2204 1400 2244 Neque
1429 2212 1494 2235 erat
1523 2207 1632 2237 Graeca

913 2255 1038 2285 inflexio
1064 2256 1146 2285 vocis
1171 2254 1351 2286 Cimmerifin
1374 2255 1471 2286 doctis
1492 2257 1565 2287 viris
1585 2268 1632 2288 re-

914 2307 1121 2338 formidanda.

956 2370 1029 2400 Ver.
1048 2374 1140 2402 1199.
1166 2357 1251 2401 Nec.-
1276 2370 1466 2406 Lactantius‚
1483 2372 1536 2401 Ec.
1569 2371 1632 2401 Pa-

913 2432 984 2452 rum
997 2422 1138 2460 interest;
1162 2423 1215 2453 sed
1229 2429 1387 2463 receptum
1402 2423 1522 2453 videtur
1536 2423 1633 2454 docti.

914 2480 1043 2505 us.—A.
1053 2477 1196 2514 pondere.

958 2534 1038 2564 Ibid.
1076 2535 1272 2574 procumbere
1307 2536 1393 2565 humi
1432 2541 1632 2574 prostratum.

917 2588 1084 2623 Arnobius‚
1102 2587 1153 2618 lib.
1168 2587 1190 2618 i.
1207 2598 1236 2627 p.
1251 2591 1372 2619 29.--“
1382 2598 1455 2618 cum
1465 2598 1519 2626 per
1528 2588 1635 2617 omnia

918 2642 939 2657 “
955 2639 1108 2678 supplices
1133 2639 1216 2668 irent
1240 2638 1370 2677 templa3
1391 2648 1477 2675 cum,
1503 2638 1635 2668 deorum

918 2693 940 2708 “
955 2696 1027 2720 ante
1042 2700 1095 2721 ora
1105 2692 1266 2730 prostrati,
1277 2689 1387 2719 limina
1398 2690 1464 2729 ipsa
1475 2699 1635 2720 converre-

919 2744 940 2759 “
957 2747 1026 2771 rent
1040 2740 1223 2771 esculis—.'’
1270 2740 1372 2778 Idem,
1388 2740 1440 2770 lib.
1455 2740 1493 2771 iv,
1507 2751 1539 2779 p.
1563 2743 1634 2770 153.

918 2795 985 2816 —“
1000 2791 1074 2832 quia
1109 2802 1174 2821 nou
1203 2791 1354 2831 supplices
1381 2794 1468 2822 humi
1497 2792 1638 2821 Mutuno

921 2846 943 2861 “
953 2844 1190 2883 procumbimus,
1200 2849 1292 2884 atque
1304 2843 1475 2874 Tutuno—
1483 2842 1517 2875 ,²³²
1536 2843 1636 2877 Maro,

922 2896 995 2925 AEn.
1011 2905 1040 2926 v.
1058 2898 1128 2925 481.
