1926 3224
532 243 764 292 LIBER
811 242 1113 291 SEXTUS.

1472 250 1564 294 337

117 377 200 417 755
233 375 316 418 Sed
335 382 482 417 natura
500 375 579 417 loci
599 391 701 431 opus
721 375 853 417 ecficit
871 376 958 431 ipsa
978 374 1130 430 suapte.

288 449 339 490 In
360 449 477 506 Syria
499 464 661 505 quoque
679 449 807 490 fertur
823 451 919 490 item
940 449 1051 489 locus
1071 463 1170 497 esse,
1192 446 1336 497 videri,

230 523 532 578 Quadrupedes
552 538 714 578 quoque
735 537 832 577 quo,
856 522 976 562 simul
995 537 1042 562 ac
1063 522 1232 578 vestigia
1250 521 1429 576 primum

230 597 462 647 Intulerint‚
483 597 661 653 graviter
682 596 740 635 vis
761 603 882 652 cogat
901 594 1116 636 concidere
1137 595 1237 648 ipsa,

229 670 426 711 Manibus
446 678 492 710 ut
514 669 546 710 si
567 669 647 710 sint
666 668 768 709 divis
788 676 980 718 mactata,
1002 675 1182 722 repente.

115 745 196 784 760

285 742 439 785 Omnia
458 756 552 797 quae
572 742 747 782 naturali
769 742 927 783 ratione
951 749 1170 798 geruntur3

228 816 297 866 Et,
320 815 466 871 quibus
486 830 509 856 c
528 815 630 857 fiant
651 817 813 866 caussis,
837 816 1007 871 adparet
1028 816 1161 872 origo:

124 972 198 1002 Ver.
216 973 287 1003 754.
312 973 493 1011 Pewigilii:
519 971 606 1010 editi,
635 972 803 1012 Pervigil&

81 1022 101 1054 i.
117 1033 143 1054 e.
167 1026 189 1042 “
206 1023 279 1064 quia
292 1023 531 1063 pervigilaverit,
557 1029 592 1053 ut
608 1024 807 1054 Erichthoni-

80 1077 104 1093 “
120 1084 175 1104 um
191 1074 224 1104 in
242 1073 278 1104 ea
293 1074 369 1104 cista
393 1074 550 1104 inclusum
565 1074 710 1105 videret.''
757 1075 808 1105 Sic

82 1125 258 1156 Lambinus
281 1125 498 1165 interpretatus
520 1132 580 1164 est;
604 1137 705 1167 neque
720 1126 806 1167 equi-

80 1176 202 1207 demin
218 1178 275 1207 hac
291 1178 334 1207 rei
357 1177 543 1208 obscuritate
566 1178 726 1208 meliorem
753 1189 806 1208 ex-

80 1229 267 1268 positionem
284 1228 457 1259 discernere
473 1228 566 1258 valeo.
600 1228 700 1260 Faber
714 1230 807 1259 sentit

79 1282 264 1313 Lucretium
288 1281 364 1312 alios
394 1287 536 1312 secutum
566 1292 630 1312 esse
655 1288 804 1319 auctores,

78 1344 175 1375 quam
189 1333 243 1374 qui
259 1333 300 1363 ad
322 1343 380 1363 nos
405 1343 579 1372 pervenere.
624 1334 806 1364 Versiculus

82 1387 199 1425 Ovidii,
225 1393 298 1417 met.
315 1387 347 1417 ii.
363 1389 435 1418 557.
459 1387 539 1417 hanc
563 1387 701 1417 fabulam
717 1398 806 1418 enar-

79 1439 187 1477 rantis,
213 1449 232 1468 a
249 1438 398 1469 Creechio
413 1438 593 1478 adscriptus,
620 1439 807 1470 validissime

79 1490 202 1520 videtur
216 1489 257 1520 ad
269 1490 556 1529 interpretationem
566 1490 808 1521 Lambinianam

79 1540 188 1572 facere.
237 1542 348 1572 Cornix·
365 1540 514 1582 loquitur:

110 1614 209 1640 Abdita
221 1613 317 1639 fronde
327 1613 390 1644 levi,
400 1613 481 1639 densa
493 1614 638 1646 speculabar
649 1615 682 1639 ab
694 1614 768 1639 ulmo

110 1653 181 1685 Quid
191 1653 383 1678 facerent—.

123 1719 196 1750 Ver.
213 1722 286 1751 755.
313 1720 419 1760 Vulgo
438 1726 561 1760 ponunt
574 1723 628 1751 Ιιοε
643 1726 713 1760 post
726 1722 800 1757 locz';

78 1772 134 1804 sed
147 1775 232 1804 abest
246 1773 357 1804 vocula
373 1775 414 1805 V.
430 1775 477 1805 ed.
500 1775 572 1805 Ald.
588 1775 626 1805 L.
646 1776 693 1806 M.
711 1775 750 1806 O.
768 1780 803 1805 A.

77 1829 115 1857 Σ.
132 1831 176 1856 Ω.
192 1825 324 1865 Nempe,
339 1826 545 1857 indoctissimi
559 1827 666 1857 scribae
678 1827 806 1858 virtutes

77 1877 208 1918 hujusce
230 1888 355 1909 caesurae
379 1879 543 1915 nescivere,
566 1879 678 1920 quibus
703 1880 806 1910 Graeci

78 1929 123 1959 sic
137 1929 306 1969 saepissime
321 1932 503 1961 abutuntur.
549 1931 590 1961 In
610 1931 742 1971 gratiam
757 1938 805 1971 ty-

77 1990 192 2010 ronum
217 1990 255 2010 ex
280 1981 416 2011 Marone
441 1981 600 2022 singulare
625 1983 806 2023 exemplum

78 2029 304 2068 admovebitur,
319 2031 353 2061 in
368 2042 438 2072 geo.
455 2033 486 2063 ii.
503 2036 553 2063 86.

137 2103 282 2134 orchades,
299 2107 327 2130 et
338 2104 416 2135 radii,
427 2107 450 2130 et
462 2106 553 2131 amara
565 2107 655 2138 pausia
665 2107 740 2133 baca.

77 2160 185 2196 Porro,
201 2171 258 2200 pro
277 2160 394 2202 suapte,
409 2167 445 2194 Δ.
461 2168 496 2196 Σ.
511 2176 567 2195 sua
583 2167 621 2196 vi.

124 2210 207 2241 Ibid.
233 2214 289 2242 Sed
314 2219 428 2244 natura
451 2216 519 2245 loci.
566 2216 702 2246 Cursum
731 2226 805 2246 con-

77 2263 257 2294 structionis
273 2264 407 2296 deflectit
418 2273 530 2303 noster,
543 2273 579 2297 ut
589 2269 698 2307 optimi
711 2269 805 2309 scrip-

76 2322 159 2347 tores
174 2317 260 2348 haud
275 2328 355 2348 raro.
403 2319 521 2350 Rectus
537 2320 663 2351 fuisset:
691 2324 714 2340 “
730 2322 806 2352 Cor-

77 2370 102 2386 “
122 2368 208 2399 nices
233 2369 380 2410 fugitant,
406 2381 471 2402 non
496 2372 557 2402 iras
580 2372 728 2411 Palladis,
753 2373 807 2404 sed

79 2420 104 2437 “
117 2426 263 2451 natm-am
279 2421 368 2452 loci.”

121 2471 198 2501 Ver.
212 2474 282 2503 756.
298 2483 414 2513 quoque
423 2475 493 2504 item
500 2489 512 2510 ,·
528 2479 565 2504 ut
579 2485 694 2515 quoque
703 2477 805 2512 etiam,

81 2532 142 2553 ver.
159 2525 231 2553 502.

121 2573 202 2604 Ibid.
214 2576 329 2605 videri:
348 2575 469 2618 ὅρια-θαι,
481 2586 547 2607 non
557 2576 652 2608 δοκειν.
683 2578 806 2609 ΒΕΝΤ·

78 2626 163 2647 LEIU
170 2627 195 2648 S·

78 2666 155 2697 Hoc
183 2668 340 2707 novimus,
365 2669 412 2699 vir
436 2670 575 2711 egregie!
601 2671 727 2702 Vellem
751 2682 806 2711 po-

74 2716 151 2756 tius,
170 2719 260 2749 nobis
281 2720 545 2751 constructionem
560 2723 723 2753 verborum
738 2722 807 2763 dig-

77 2774 171 2800 natus
206 2781 287 2801 esses
316 2773 468 2811 expedire.
527 2774 701 2804 Lambinus
722 2774 807 2814 dicit,

80 2820 152 2854 ὦςτε
182 2820 292 2854 herram.
337 2824 381 2854 Et
409 2830 490 2855 certe
512 2831 567 2855 aut
591 2825 642 2856 hic
658 2831 713 2856 aut
733 2836 807 2856 nus·

80 2880 178 2911 quam
213 2879 269 2909 est,
302 2874 385 2914 quod
418 2875 597 2915 quaerimus.
646 2876 707 2907 Sed
735 2877 805 2917 quis

78 2920 264 2963 elegantior,
294 2932 325 2955 et
355 2931 588 2968 Λεκρητιοφιλος,
616 2928 674 2958 hoc
695 2927 804 2969 frigus,

850 973 931 1003 hanc
954 972 1100 1010 scabiem,
1127 970 1344 1001 venustissimo
1367 970 1494 1012 ingenio
1515 971 1577 1001 im-

851 1023 1014 1063 putaverit,
1039 1033 1109 1062 quae
1125 1023 1173 1052 vel
1198 1023 1269 1052 imae
1286 1023 1438 1053 cathedrae
1453 1024 1575 1062 poetam

851 1073 1081 1105 dedecorasset?
1102 1072 1348 1103 Rescribendum
1364 1072 1495 1103 fidenter
1509 1074 1572 1104 aio:

1075 1151 1161 1177 fertur
1172 1151 1240 1176 item
1252 1150 1326 1175 locus
1335 1151 1379 1175 iste
1390 1151 1543 1176 videri—.
1560 1146 1563 1149 ¹

893 1229 966 1259 Ver.
1002 1230 1074 1259 757.
1112 1229 1329 1267 Quadrupedes
1357 1239 1490 1267 quoque:
1515 1227 1535 1258 i.
1552 1237 1577 1258 e.

850 1281 896 1311 vel
911 1279 1135 1320 quadrupedes,
1158 1279 1291 1318 majores
1306 1288 1341 1308 ac
1355 1278 1498 1308 fortiores
1512 1280 1577 1309 avi-

850 1333 913 1362 bus.
975 1331 1167 1361 Ammianus
1192 1330 1407 1366 Marcellinus,
1436 1330 1520 1360 xxiii.
1549 1334 1578 1360 6.

852 1387 874 1402 “
893 1383 932 1413 In
948 1383 996 1412 his
1014 1383 1103 1422 pagis
1118 1382 1220 1412 hiatus
1247 1392 1370 1422 quoque
1391 1381 1579 1421 conspicitur

851 1439 874 1455 “
890 1442 989 1473 terrae,
1025 1434 1110 1465 unde
1137 1434 1251 1464 halitus
1276 1434 1377 1464 letalis
1400 1444 1577 1473 exsurgens,

853 1492 874 1506 “
890 1480 1108 1528 quodcumque
1138 1485 1255 1516 animal
1284 1485 1424 1524 proxime
1450 1485 1579 1521 steterit,

852 1543 875 1558 “
891 1540 985 1570 odore
1000 1539 1087 1579 gravi
1102 1537 1288 1568 consumit.'’
1327 1537 1392 1567 Ubi
1408 1536 1510 1567 videas
1525 1546 1576 1566 ve-

850 1590 908 1621 lim
923 1589 1204 1629 Lindenbrogium.

895 1641 976 1672 Ibid.
1001 1642 1098 1672 Recte
1124 1640 1203 1671 illud
1228 1651 1361 1680 quoque:
1387 1646 1479 1670 antea
1500 1649 1573 1670 nam

851 1693 890 1724 de
911 1695 1014 1724 avibus
1040 1698 1175 1730 tantum,
1206 1698 1237 1721 et
1263 1693 1386 1722 Aornis.
1431 1691 1475 1721 Et
1496 1690 1576 1720 illud

846 1746 937 1775 simul
966 1755 1003 1774 ac
1020 1746 1156 1783 primum
1179 1753 1244 1773 non
1270 1742 1331 1772 fuit
1358 1742 1576 1772 solicitandum

849 1796 963 1826 Fabro:
987 1794 1057 1824 vide
1085 1804 1145 1824 ver.
1176 1797 1247 1823 821.
1279 1793 1318 1823 iv.
1348 1796 1420 1823 212.
1446 1803 1473 1823 v.
1502 1796 1581 1824 287.

849 1847 1071 1877 Banuems.

894 1896 976 1927 Ibid.
1014 1897 1140 1934 vestigia
1178 1895 1356 1925 Intulerint.
1421 1894 1576 1935 Virgilius

848 1948 975 1988 phrasin
989 1946 1189 1978 consimilem
1204 1946 1355 1993 adbibuit,
1380 1946 1422 1977 ad
1446 1957 1514 1987 geo.
1537 1947 1574 1977 iv.

848 2003 920 2031 560.

1043 2071 1096 2103 qua
1105 2071 1210 2103 juvenis
1216 2077 1316 2102 gressus
1325 2070 1470 2101 inferret—.

848 2141 893 2171 Et
916 2139 993 2171 ordo
1022 2145 1079 2170 est:
1118 2143 1140 2158 “
1157 2140 1232 2175 Quo
1261 2140 1294 2169 in
1319 2141 1380 2169 loco
1410 2138 1457 2168 vis
1484 2145 1575 2179 cogat

850 2194 873 2210 “
889 2191 1104 2232 quadrupedes
1127 2189 1300 2226 concidere,
1324 2189 1418 2219 simul
1438 2200 1474 2220 ac
1490 2190 1576 2220 intu-

851 2245 873 2260 “
889 2241 982 2271 lerint
996 2240 1197 2282 vestigia—.''
1243 2240 1339 2278 Nam,
1367 2240 1392 2270 si
1417 2240 1496 2271 illud
1517 2252 1575 2280 quo

850 2293 890 2324 ad
905 2293 1035 2324 alteram
1049 2293 1232 2329 clausulam,
1256 2298 1292 2322 ut
1320 2293 1470 2331 interpres
1492 2292 1577 2332 fecit,

849 2346 974 2384 referas,
996 2346 1076 2386 perit
1090 2345 1155 2377 una
1170 2345 1347 2376 Latinitatis
1360 2345 1454 2383 ratio;
1476 2356 1576 2386 quum

850 2408 914 2428 non
929 2398 990 2428 alia
1005 2397 1193 2428 constructio
1207 2397 1339 2437 tempori
1359 2396 1504 2427 dictionis
1525 2407 1575 2428 co-

846 2455 902 2489 gat
916 2449 956 2479 sit
969 2448 1180 2479 accommoda.

892 2509 968 2540 Ver.
984 2512 1055 2541 758.
1077 2511 1158 2550 ipsa.-
1183 2508 1202 2540 i.
1219 2519 1246 2539 e.
1264 2508 1420 2549 jumenta.
1450 2508 1574 2538 Bam--

852 2570 967 2590 1.1-:1us.

853 2620 1002 2651 Similiter
1015 2620 1204 2651 Lambinus:
1231 2619 1284 2650 sed
1299 2619 1429 2649 omnino
1443 2618 1576 2658 pessime

848 2678 994 2713 uterque3
1017 2672 1100 2712 quod
1114 2671 1163 2702 vel
1177 2672 1250 2702 satis
1271 2670 1423 2701 evincitur
1445 2669 1575 2700 certissi-

849 2723 913 2761 ma,
930 2733 1025 2763 quam
1040 2723 1134 2753 modo
1148 2722 1303 2759 dedimus,
1316 2721 1576 2760 interpretatione.

852 2774 1012 2805 Nimirum
1028 2777 1094 2814 ipsa
1111 2776 1166 2810 vis,
1185 2779 1230 2804 est
1254 2777 1277 2792 “
1293 2773 1376 2804 solus
1391 2772 1505 2802 halitus
1519 2782 1576 2812 per

852 2829 875 2845 “
891 2836 931 2861 se,
942 2825 1030 2856 nullo
1041 2826 1207 2856 hominum
1222 2825 1340 2855 interea
1351 2823 1574 2864 percutiente.”

891 2877 974 2908 Ibid.
1005 2880 1140 2918 graviter
1162 2879 1336 2909 concidere:
1373 2876 1393 2906 i.
1421 2886 1446 2906 e.
1468 2880 1573 2918 βαρεως

849 2942 899 2960 και
916 2931 1014 2972 αθροως
1031 2941 1155 2962 orm-'rear-
1201 2929 1340 2960 Omnem
1355 2929 1500 2968 phraseos
1513 2926 1574 2956 vir-
