1926 3224
289 240 387 280 236

764 234 827 282 T.
870 233 1248 282 LUCRETII

433 362 490 406 Et
508 369 791 406 recreaverunt
808 362 950 412 vitam,
970 362 1159 419 legesque
1177 372 1395 420 rogarunt3

433 438 490 479 Et
507 437 653 493 primae
673 434 876 476 dederunt
895 435 1037 476 solatia
1055 435 1190 477 dulcia
1208 437 1318 487 vitae,

378 516 402 553 5
435 512 575 560 Quom
594 523 772 567 genuere
790 509 940 560 virum,
961 509 1030 551 tali
1050 524 1145 552 cum
1164 510 1289 553 corde
1307 517 1531 566 repertum,

434 584 589 626 Omnia
607 582 786 624 veridico
805 583 876 639 qui
896 582 1105 640 quondam
1125 598 1178 624 ex
1197 599 1268 625 ore
1287 583 1485 640 profudit:

435 657 596 707 Quoius
615 664 656 698 et
674 656 879 707 exstincti,
901 665 1071 712 propter
1089 657 1230 699 divina
1248 666 1426 713 reperta,

432 731 655 788 Divolgata
674 738 788 772 vetus
801 731 889 786 jam
909 730 960 773 ad
981 730 1128 772 coelum
1147 731 1276 788 gloria
1295 731 1435 774 fertur.

493 805 619 856 Nam,
641 819 767 860 quom
786 803 888 845 vidit
906 803 989 856 hic,
1011 804 1064 846 ad
1086 804 1237 847 victum
1257 820 1350 861 quae
1368 804 1526 862 flagitat
1544 819 1654 856 usus,

291 970 352 1001 que
366 959 580 1000 Virgilianum
595 958 788 990 Punicorum
804 965 888 991 vates
911 970 1010 991 aemu-

292 1010 349 1041 lari
361 1010 468 1047 voluit,
483 1009 525 1041 ad
536 1010 566 1040 ii.
578 1013 652 1041 595.

485 1086 612 1118 clypeum
622 1092 695 1111 sevo
697 1086 802 1118 fulgore
812 1087 1001 1112 micantem—.

334 1161 407 1192 Ver.
434 1165 463 1191 2.
486 1163 696 1192 Dididerunt:
724 1161 821 1192 Vind.
845 1162 882 1192 B.
906 1161 945 1192 L.
973 1161 1012 1191 Ο.

294 1219 338 1244 Ω.
362 1213 424 1243 Dii
437 1214 603 1248 dederunt;
627 1212 668 1242 V.
689 1211 736 1242 ed.
762 1214 935 1248 Diderunt;
961 1212 1011 1242 M.

291 1265 487 1295 Dediderunt
495 1279 505 1299 ;
524 1270 566 1294 Π.
577 1264 957 1303 Dederunt.—praeclaro:
972 1261 1014 1292 V.

291 1315 340 1346 ed.
356 1317 708 1356 praeclzarm—nomine:
735 1320 772 1345 Δ.
799 1325 922 1345 munere
929 1328 940 1349 ;
966 1323 1013 1343 er-

291 1377 360 1397 rore
377 1376 434 1397 suo
449 1376 513 1396 non
528 1365 646 1395 infelix.

336 1420 416 1451 Ibid.
439 1421 648 1450 Dididerzmt:
677 1419 697 1449 i.
719 1429 745 1449 e.
770 1422 898 1459 sparsim
925 1422 1013 1451 ‹lede-

291 1478 373 1505 runt‚
401 1470 448 1500 vel
477 1473 499 1488 “
517 1469 657 1510 undique
682 1480 736 1509 per
757 1476 871 1500 terrain
897 1482 1014 1510 sparse-

292 1526 316 1541 “
333 1522 446 1552 runt:”
470 1528 539 1561 apte
562 1528 592 1551 et
607 1520 774 1561 eleganter.
822 1523 951 1562 Optime
966 1524 1014 1554 iu-

291 1575 410 1606 tellexit
426 1573 572 1613 Heynius
593 1573 794 1613 polidssimus
809 1575 888 1606 hanc
903 1575 1013 1606 dictio-

292 1635 366 1655 nem
381 1623 592 1654 redonandam
614 1634 679 1654 esse
695 1625 824 1656 Tibullo
846 1636 914 1664 suo,
936 1626 976 1657 ad
990 1627 1012 1657 i.

292 1680 355 1690 nn

291 1690 367 1708 12.ae-

324 1753 382 1778 Non
394 1759 478 1783 soror,
490 1752 606 1784 Assyrios
618 1753 700 1779 cineri
711 1760 773 1785 qua:
785 1753 856 1779 didat
868 1755 972 1780 odores.

294 1816 384 1847 Nihil
399 1816 509 1846 verius.
533 1816 656 1846 Insulse
672 1816 750 1852 libri,
765 1819 864 1848 dedat.

336 1867 410 1897 Ver.
427 1871 457 1897 5.
471 1873 618 1906 rogarunt
626 1880 636 1897 :
657 1873 697 1898 Π.
712 1875 872 1904 &eorunm
896 1869 1011 1900 vitiose.

336 1917 418 1948 Ibid.
440 1923 668 1949 recreaverunt:
693 1917 714 1947 i.
732 1928 758 1949 e.
782 1919 868 1958 quasi
890 1922 927 1950 de
941 1932 1012 1952 ιιουο

292 1975 490 2007 meaverunt„
506 1968 648 2009 frugibus
662 1969 790 2009 glandes
804 1977 896 2011 atque
911 1972 1013 2003 ferum

294 2022 411 2052 victum
422 2020 662 2060 'excipientibug
685 2021 835 2062 cultuque
849 2024 928 2053 benc
943 2035 1017 2055 con-

294 2075 410 2104 stitutae
426 2073 580 2103 societatis
601 2079 695 2114 atque
709 2074 913 2106 humanitatis
927 2076 1017 2106 disci-

295 2126 390 2167 plinis
406 2125 568 2156 beluinam
584 2125 679 2156 vitam
695 2128 918 2158 emoventibus.

338 2178 420 2208 Ibid.
442 2180 519 2217 leges
534 2183 693 2217 rogarunt.
722 2178 868 2209 Solennis
882 2185 927 2210 est
938 2180 1017 2220 juri-

295 2228 419 2260 dicialis
444 2228 590 2266 formula,
614 2228 732 2258 nemini
757 2240 821 2260 non
837 2238 924 2261 nota:
950 2231 1019 2262 vide

295 2279 454 2317 Nonium,
497 2279 536 2309 iv.
566 2280 855 2320 597-—Caeterum‚
895 2282 1018 2319 Statius,

294 2332 393 2362 Theb.
408 2331 461 2362 xii.
478 2334 548 2362 501.
564 2331 619 2362 ubi
635 2332 785 2363 Bai-thius
798 2334 929 2365 omnino
944 2345 1018 2366 con-

294 2382 453 2418 sulendus,
469 2383 526 2412 hos
540 2382 679 2412 Lucretii
691 2393 795 2414 versus
803 2385 930 2416 intentis
944 2396 1018 2417 ocu-

291 2435 333 2465 lis
347 2435 537 2473 intuebatur,
559 2443 595 2465 ac
610 2434 739 2466 feliciter
752 2435 930 2469 illustrabit:

520 2519 590 2551 ipsos
600 2526 664 2544 nam
678 2521 789 2546 credere
798 2522 912 2554 dignum

295 2559 449 2589 coelicolas,
459 2559 538 2584 tellus
552 2559 647 2590 quibus
657 2559 762 2591 hospita
774 2567 880 2593 semper
889 2561 1005 2593 Athene,

295 2599 353 2624 Ceu
361 2598 434 2631 leger,
444 2598 620 2630 hominemque
626 2607 738 2630 novum,
744 2600 864 2633 ritusque
869 2608 1016 2632 sacrorum,

294 2638 460 2669 Seminaque,
471 2638 497 2662 in
508 2645 605 2662 vacuas
616 2638 678 2663 hinc
688 2640 878 2665 descendentia
887 2645 969 2666 terras
975 2650 985 2673 5

295 2677 338 2702 Sic
347 2684 460 2703 sacrasse
470 2678 530 2703 loco
541 2685 688 2705 commune
697 2679 868 2705 animantibus
879 2681 955 2714 egris

295 2718 534 2750 confugium—

338 2792 418 2824 Ver.
434 2797 463 2825 5.
492 2796 586 2830 Quom
597 2806 745 2836 genuere.-
765 2802 806 2827 Π.
820 2799 1018 2838 congenuere.

341 2842 423 2874 Ibid.
443 2856 574 2884 genuere
602 2849 716 2885 virnm;
746 2858 870 2888 nempe,
898 2851 1017 2890 Epicu-

297 2904 375 2924 rum.
402 2894 525 2925 Suidas:
555 2902 702 2941 Hermes-05.
727 2904 876 2936 Νεοκλευς,
899 2902 1017 2934 Aemat-

1021 2962 1038 2970 ,-

1020 2973 1038 2988 c}

1055 975 1095 999 ος,
1117 968 1287 1004 Γαργητειος
1305 974 1351 992 τον
1365 960 1458 1000 δήμω,
1479 974 1584 1004 μήτρας
1601 967 1774 1005 Χωρεστρα-

1056 1026 1117 1047 της.
1153 1013 1312 1053 Diogenes
1338 1013 1492 1050 Laenius,
1516 1023 1544 1043 x⁴
1573 1016 1600 1043 1.
1624 1018 1777 1055 Eaeaxupoe,

1055 1071 1195 1100 Νεοκλεες
1212 1080 1262 1096 και
1279 1073 1498 1107 Χαιρεστρατης,
1515 1068 1655 1100 Αθηναιος.
1682 1065 1778 1096 Unde

1055 1117 1206 1147 anecdota
1244 1118 1354 1147 Graeca
1390 1117 1560 1147 Villoisoni
1593 1116 1778 1158 corrigenda
1818 1120 1825 1124 “

1055 1173 1137 1198 sunt.

1100 1218 1176 1248 Ver.
1205 1221 1232 1249 7.
1255 1225 1282 1249 el
1308 1221 1466 1250 exstincti:
1499 1225 1534 1250 Δ.
1560 1222 1780 1252 inextincta.—

1056 1273 1197 1303 erstincli
1205 1287 1215 1302 .·
1241 1272 1338 1303 Vind.
1353 1273 1394 1303 V.
1410 1272 1457 1303 ed.
1473 1273 1510 1303 B.
1528 1273 1566 1304 O.
1584 1279 1628 1304 Ω..
1650 1277 1779 1307 exstinc-

1057 1329 1107 1360 ta;
1132 1328 1167 1355 Σ.
1193 1326 1351 1355 eaescinctu.
1393 1324 1488 1355 Unde
1519 1325 1647 1356 forsitan
1671 1325 1778 1367 legen·

1057 1377 1148 1408 dum:

1075 1444 1175 1476 Quoius
1186 1444 1212 1468 in
1223 1446 1360 1475 exstinctu,
1371 1448 1480 1477 propter
1491 1444 1581 1469 divina
1591 1447 1740 1476 reperta—z

1059 1502 1079 1533 i.
1099 1513 1125 1533 e.
1149 1504 1182 1533 in
1208 1503 1308 1541 obitu,
1338 1503 1387 1534 vel
1410 1509 1479 1542 post
1502 1509 1653 1541 moi-term
1682 1512 1778 1544 quam

1060 1563 1165 1585 vocem
1182 1564 1220 1585 ex
1236 1554 1341 1586 Plinio
1355 1555 1455 1585 lexica
1469 1554 1636 1594 protulere,
1651 1560 1682 1584 et
1696 1553 1778 1595 glos-

1058 1616 1100 1636 sae
1114 1612 1231 1637 veteres
1246 1613 1432 1647 agnoscunt:
1459 1610 1481 1625 ‘⁶
1494 1608 1669 1644 Ertinclus,
1685 1620 1778 1638 amo-

1058 1659 1080 1674 “
1098 1658 1182 1695 ἔεσις,
1213 1657 1335 1692 aeman„
1394 1657 1457 1688 Sed
1480 1659 1565 1688 enim
1595 1657 1779 1698 praestiterit,

1057 1707 1180 1746 opinor:

1093 1780 1204 1812 Quoiam
1216 1780 1360 1806 inexstinm·
1371 1785 1482 1814 propter
1492 1781 1582 1806 divina
1591 1785 1709 1813 reperta,

1088 1820 1231 1852 Divulgata
1243 1825 1320 1847 vetus
1327 1822 1383 1853 Jam
1394 1822 1428 1846 ad
1439 1822 1541 1847 coelum
1553 1822 1638 1854 gloria
1645 1822 1748 1847 fertur:

1056 1883 1075 1913 i.
1103 1894 1128 1915 e.
1159 1884 1289 1915 viventis
1315 1890 1384 1924 post
1409 1885 1645 1915 exstinctionem
1673 1885 1781 1923 etiam,

1056 1942 1181 1976 propter
1215 1936 1334 1966 famam
1373 1936 1579 1967 inventorum.
1636 1936 1781 1975 Ovidius,

1061 1988 1138 2018 trist.
1156 1998 1184 2018 V.
1202 1991 1250 2018 14.
1265 1992 1316 2019 36.

1108 2060 1236 2092 Adspicis,
1249 2064 1279 2085 ut
1291 2061 1372 2093 longo
1383 2064 1492 2087 maneat
1503 2062 1638 2086 laudabilis
1647 2068 1720 2092 aevo,

1138 2101 1240 2124 Nomen
1252 2100 1444 2131 inexstinctum,
1453 2102 1609 2133 Penelopaea
1621 2102 1695 2127 fides.

1062 2165 1103 2194 In
1118 2165 1220 2204 priore
1234 2176 1332 2201 versu,
1359 2166 1448 2197 codd.
1472 2167 1619 2204 universi,
1642 2177 1708 2197 uno
1728 2176 1783 2197 ex-

1062 2224 1162 2256 cepto,
1185 2217 1262 2248 dant
1290 2224 1389 2249 teneat
1397 2232 1408 2254 ;
1440 2218 1526 2249 unde
1551 2218 1782 2249 rescribendum

1062 2279 1182 2300 censeo:

1093 2326 1222 2358 Adspicis,
1232 2329 1264 2351 ut
1273 2326 1369 2359 Iongom
1380 2330 1471 2352 teneat
1483 2327 1619 2352 laudabilis
1628 2334 1757 2352 cvom-.

1063 2383 1153 2414 Nihil
1175 2389 1280 2414 tamen
1302 2384 1336 2414 iu
1362 2391 1467 2415 nostro
1489 2391 1620 2422 mutem,
1644 2384 1669 2415 si
1692 2383 1787 2416 modo

1063 2435 1151 2466 cedd.
1166 2435 1203 2467 L.
1221 2436 1268 2466 M.
1285 2437 1479 2468 consentiant
1494 2438 1526 2467 in
1536 2437 1685 2478 vulgati&
1706 2447 1784 2478 quo-

1063 2499 1135 2519 rum
1149 2488 1287 2528 profecto
1302 2489 1481 2530 diligentior
1503 2489 1626 2520 collatio
1647 2489 1784 2520 maxime

1063 2539 1144 2570 soret
1159 2539 1252 2570 utilis.

1108 2589 1188 2621 Ibid.
1209 2593 1349 2622 exstincti
1354 2605 1364 2622 .·
1389 2592 1409 2623 i.
1435 2602 1464 2622 e.
1485 2597 1585 2622 morte
1609 2589 1732 2631 perditi,
1753 2595 1785 2620 et

1060 2642 1100 2673 ad
1115 2643 1249 2673 nihilum
1267 2643 1392 2675 redacti.
1437 2645 1554 2680 Cicero,
1577 2653 1676 2674 somn.
1699 2641 1782 2681 Scip.

1060 2697 1158 2725 5.—“
1187 2695 1313 2735 quaesivi
1336 2702 1452 2731 tamen,
1480 2699 1628 2727 viveretne
1648 2693 1724 2732 ipse,
1754 2699 1786 2723 et

1063 2749 1086 2764 “
1103 2745 1235 2777 Paullus
1249 2753 1348 2787 pater,
1363 2754 1395 2777 et
1408 2747 1473 2784 alii,
1495 2755 1573 2787 quos
1586 2754 1643 2775 uos
1657 2745 1786 2775 exstinc-

1063 2800 1087 2816 “
1102 2803 1146 2829 los
1165 2797 1459 2829 arbitraremur—:¹

1106 2849 1182 2881 Ver.
1199 2853 1229 2881 8.
1251 2852 1293 2880 ad
1307 2851 1412 2881 coelum
1423 2849 1525 2889 gloria
1537 2847 1653 2890 fertur.
1689 2844 1787 2878 Sicuti

1063 2900 1148 2940 prior
1164 2900 1338 2940 Homerus,
1355 2899 1414 2931 od.
1433 2905 1455 2931 1.
1470 2902 1520 2931 20.
