1926 3224
614 228 846 278 LIBER.

907 227 1207 279 SEXTUS

1565 233 1660 279 307

196 367 280 405 555
311 362 482 405 Destitit
501 361 545 404 in
564 361 693 404 dubio
712 361 840 403 fluctu
854 360 1047 416 jactarier
1066 360 1189 401 intus.

370 436 590 485 Praeterea,
612 443 757 477 ventus
777 449 918 490 quom,
940 449 1014 489 per
1034 435 1124 475 loca
1145 432 1320 474 subcava
1337 437 1459 473 terrae

309 510 544 558 Conlectus,
566 516 687 563 parte
706 521 758 548 ex
779 507 860 548 una
881 507 1133 561 procumbit,
1156 515 1197 547 ct
1216 514 1363 562 urguet

309 583 499 625 Obnixus
519 581 679 637 magnis
699 579 912 634 speluncas
932 579 1085 619 viribus
1106 579 1223 628 altas;

308 655 514 698 Incumbit
533 654 663 702 tellus,
686 668 770 708 quo
792 653 902 694 venti
924 666 1060 707 prona
1079 652 1230 706 premit
1249 653 1323 694 vis:

192 734 275 771 560
306 729 432 777 Tum,
456 741 578 781 supra
598 735 751 767 terram
771 741 866 781 quae
888 734 983 767 sunt
1002 733 1211 767 exstructa
1230 725 1466 778 domorum,

303 801 374 843 Ad
393 801 622 856 coelumque
641 802 773 858 magis
795 809 953 857 quanto
973 808 1070 842 sunt
1089 800 1199 842 edita
1218 815 1406 856 quaeque,

158 968 251 977 —
260 955 306 981 ubi
317 955 344 980 in
355 961 466 988 magnas
476 958 500 980 et
510 963 601 988 aquas,
612 959 752 987 vastasque
764 956 881 982 lacunas.

158 1026 215 1063 Et,
231 1025 251 1055 i.
267 1035 295 1056 e.
314 1028 341 1061 ἒ,
357 1035 421 1055 non
433 1034 504 1055 raro
519 1024 595 1055 solet
611 1024 761 1056 excidere.
786 1025 860 1056 Vel:

275 1098 338 1123 ubei
348 1104 457 1130 magnas
468 1097 495 1122 in
507 1105 598 1130 aquas,
609 1101 748 1129 vastasque
760 1098 881 1123 lacunas:

157 1182 233 1204 nam
249 1186 289 1203 em
303 1183 430 1212 magnas
445 1177 476 1202 et
490 1177 602 1209 vastas,
626 1171 669 1201 sic
683 1171 787 1202 uniter
800 1178 883 1212 apta,

155 1224 286 1255 lectores
300 1223 395 1263 lepidi
411 1223 461 1254 vix
477 1223 682 1262 probaverint.

199 1276 274 1306 Ver.
289 1278 363 1306 552.
384 1285 436 1305 em:
461 1274 505 1305 ita
521 1273 626 1313 scripsi
641 1284 680 1304 ex
696 1273 883 1314 conjectura,

154 1337 213 1368 pro
228 1326 349 1367 vulgari
363 1337 392 1364 e,
406 1336 507 1367 quum
521 1326 689 1365 repererim
703 1333 731 1357 et
743 1326 775 1356 in
787 1325 883 1357 Vind.

154 1378 197 1410 V.
212 1378 260 1409 ed.
279 1378 318 1409 Ο.
341 1383 376 1408 Δ.
393 1381 429 1410 Σ.
446 1383 490 1408 Ω..
513 1378 557 1407 sic
572 1377 688 1407 etenim
705 1378 805 1408 Carus
828 1378 883 1408 ad-

154 1430 245 1470 solet,
267 1437 360 1472 atque
374 1431 576 1462 confundunt
590 1431 753 1473 aliquoties
767 1438 796 1463 et
810 1442 884 1463 cum

154 1492 190 1514 esc
205 1481 322 1513 librarii
338 1482 509 1521 scriptores.

198 1539 274 1570 Ver.
304 1541 375 1570 555.
402 1539 558 1579 jactetur.—
600 1545 644 1570 Ω..
670 1539 885 1579 jactentur.—

154 1602 247 1632 aquae
250 1593 357 1632 fluctu
366 1604 377 1621 .·
403 1590 536 1621 editores
549 1590 702 1627 hodierni,
726 1590 883 1621 arbitrari-

152 1652 206 1674 am
228 1643 376 1673 Lambini
403 1641 658 1673 emendationem
686 1642 884 1672 inscitissime

152 1694 344 1734 adoptanteS,
358 1704 440 1734 aqua
456 1695 814 1734 &fluctum—vacillans.-
839 1693 884 1723 ita

152 1746 191 1777 P.
214 1755 317 1787 neque
331 1745 483 1776 aliorsum
503 1751 620 1785 spectat
642 1759 676 1776 »ro
698 1745 745 1775 M.
769 1744 884 1775 codicis

153 1799 293 1835 vacillas,
318 1797 338 1827 i.
354 1806 380 1827 e.
404 1798 543 1834 vacillas,
563 1796 627 1826 sive
641 1798 804 1832 vacillans,·
829 1801 884 1826 aut

151 1849 190 1886 L.
211 1850 342 1880 vacilla:
368 1848 465 1878 Vind.
485 1849 524 1878 V.
551 1848 598 1879 ed.
623 1852 658 1879 Δ.
675 1853 712 1880 Σ.
735 1849 876 1884 vacillat;

155 1900 196 1932 0.
210 1902 346 1937 vacillet,-
373 1906 418 1931 Ω.
435 1899 580 1940 denique,
595 1901 745 1931 vacillent.

197 1952 270 1983 Ver.
296 1955 369 1984 554.
399 1954 441 1983 Ut
465 1963 534 1983 vas.-
561 1953 598 1983 P.
621 1954 666 1983 Et
690 1954 746 1988 vis‚·
769 1952 811 1982 V.
833 1952 880 1983 ed.

151 2004 196 2035 Ει
210 2005 350 2034 vas.—z'n
370 2001 470 2033 terrei:
494 2003 538 2033 sic
552 2003 590 2034 P.
609 2003 682 2034 Ald.
699 2009 730 2034 et
745 2003 882 2034 Florent.

150 2055 237 2086 editt.
270 2055 338 2085 sine
367 2054 525 2085 varietatis
555 2055 693 2096 cujusvis
724 2055 881 2096 significa-

148 2107 253 2146 tione3
278 2114 323 2139 n..
355 2107 390 2138 in
420 2107 576 2148 margine,
607 2118 626 2138 a
647 2108 749 2148 primii
770 2119 880 2147 manu,

150 2161 254 2196 intra,-
277 2159 299 2189 i.
316 2169 342 2189 e.
366 2158 475 2197 infra,
497 2153 545 2189 bel
562 2161 699 2195 interra5
725 2159 809 2200 quod
824 2169 880 2199 po-

150 2209 219 2240 sitae
240 2210 399 2249 scripturae
425 2209 515 2240 valde
539 2209 635 2240 favet:
662 2210 761 2240 Vind.
775 2210 816 2240 V.
832 2210 880 2240 ed.

149 2260 188 2292 L.
204 2261 252 2291 M.
269 2267 313 2292 Ω..
341 2263 438 2293 inter:
464 2260 550 2291 unde
571 2261 606 2291 in
621 2261 751 2301 proclivi
766 2267 812 2292 est
826 2272 879 2292 ex-

150 2311 261 2352 piscari
276 2314 394 2344 interea
400 2327 412 2349 ,-
440 2311 496 2342 sed
511 2312 643 2343 omnino
657 2312 804 2354 equidem
817 2313 880 2344 lec·

149 2367 222 2394 tum
237 2363 348 2395 velim:

246 2437 285 2462 Ut
297 2443 342 2461 vas
352 2436 419 2462 inter
428 2443 473 2462 nos
483 2443 538 2462 non
549 2436 608 2468 quit
618 2440 786 2463 constare—:

151 2515 252 2546 quum
265 2505 346 2537 illud
359 2517 412 2537 nos
427 2506 519 2537 facile
536 2507 617 2538 elabi
633 2512 751 2546 poterat
772 2507 812 2538 ob
835 2507 878 2538 vi-

151 2556 313 2587 cinitatem
348 2558 527 2597 proximam
555 2557 675 2588 voculae
710 2558 880 2589 consimilis

149 2618 230 2640 non:
248 2614 342 2649 atque
356 2609 400 2640 sic
415 2609 553 2648 profecto
567 2609 767 2640 disertissime
783 2609 878 2650 scrip-

149 2663 221 2691 tum
234 2660 344 2690 visitur
358 2660 392 2690 in
409 2661 448 2691 Ο.
464 2660 527 2692 Pro
542 2662 575 2692 in
594 2659 675 2692 terni
690 2672 762 2697 non,
778 2660 833 2692 dat
844 2666 879 2692 Δ.

148 2713 288 2748 inter-nm
316 2717 350 2744 Σ.
367 2715 437 2743 item
452 2724 522 2743 non.
568 2713 672 2751 Certe,
687 2713 727 2743 ad
741 2719 880 2745 mentem

150 2763 250 2803 po'etae
261 2763 319 2794 n‘te
328 2764 534 2803 implendam,
547 2764 596 2795 vel
610 2768 644 2796 iu
659 2764 754 2803 terra,
765 2765 816 2796 vel
830 2767 879 2796 in-

149 2820 197 2846 ter
209 2826 274 2852 nos,
289 2806 368 2846 inihi
382 2826 509 2855 prorsus
523 2816 731 2847 necessarium
747 2816 877 2853 videtur,

151 2870 189 2896 ut
203 2865 244 2896 sit
257 2866 343 2907 quod
357 2878 451 2907 supra
464 2867 555 2899 dictis
569 2868 603 2898 in
625 2879 702 2899 verr.
718 2870 791 2900 555.
806 2871 878 2900 556.

150 2917 225 2949 541.
246 2923 328 2950 recte
350 2919 548 2960 respondeat:
574 2920 660 2952 unde
679 2925 805 2961 egomet
819 2919 879 2951 sal-

926 965 991 988 tem
1021 957 1128 988 Vossii
1159 956 1380 987 subtilitatibus
1409 956 1449 987 ad
1479 956 1652 999 Catullum,

926 1020 956 1048 p.
971 1012 1044 1038 551.
1065 1008 1212 1038 editionis
1227 1018 1302 1045 suae,
1330 1008 1461 1038 dubium
1477 1009 1577 1049 magis
1594 1010 1652 1040 du..

926 1059 979 1090 bio
1000 1058 1240 1098 explicantibus3
1264 1065 1294 1088 et
1311 1058 1451 1099 Preigeri
1475 1067 1654 1102 λεπτολογε-

927 1125 984 1148 αις,
996 1110 1105 1141 surdas
1118 1121 1209 1141 aures
1223 1110 1307 1140 haud
1323 1110 1463 1141 dubitem
1479 1114 1653 1144 obmovere.

969 1162 1045 1193 Ver.
1061 1164 1135 1193 555.
1149 1162 1323 1202 jactarier:
1351 1160 1391 1191 V.
1411 1161 1460 1191 ed.
1467 1162 1618 1202 jactarer.

971 1213 1044 1244 Ver.
1071 1216 1143 1245 557.
1163 1219 1266 1253 parte:
1303 1217 1338 1244 Σ.
1359 1223 1474 1252 parce;
1504 1213 1580 1244 editi
1604 1224 1652 1245 re-

925 1264 1088 1301 centiores,
1109 1266 1200 1304 parti
1205 1279 1216 1301 ,·
1241 1263 1327 1293 libris
1341 1264 1470 1294 vetustis
1483 1265 1654 1295 reclaman-

927 1314 1188 1354 tibus—urguet.-
1214 1315 1252 1346 P.
1268 1315 1310 1345 V.
1325 1314 1373 1345 ed.
1388 1317 1489 1355 urgit,-
1513 1317 1600 1357 quasi
1615 1319 1654 1348 ab

927 1367 1101 1407 antiquiore
1116 1367 1201 1397 verbi
1215 1366 1330 1398 forma:
1355 1373 1387 1397 et
1401 1367 1539 1398 fortassis
1554 1379 1633 1401 vere.

971 1418 1053 1450 Ibid.
1074 1424 1183 1458 urguet
1214 1419 1354 1449 Obnixus.
1399 1418 1562 1460 Virgilius,
1585 1432 1654 1463 geo.

926 1470 971 1501 iii.
988 1474 1060 1501 222.

958 1552 1093 1582 Versaque
1103 1550 1130 1575 in
1141 1550 1255 1581 obnixos,
1267 1553 1390 1583 urgentur
1400 1558 1500 1578 cornua
1510 1557 1587 1580 vasto
1607 1545 1611 1549 .

959 1593 1030 1617 Cum
1043 1591 1218 1624 gemitu—.

969 1671 1045 1702 Ver.
1061 1673 1133 1702 560.
1155 1682 1250 1711 supra
1259 1684 1268 1702 :
1295 1671 1338 1702 sic
1352 1671 1450 1702 Vind.
1477 1672 1518 1703 V.
1544 1672 1592 1704 ed.
1614 1674 1654 1706 Ο.

927 1725 962 1754 Δ.
980 1728 1014 1755 Σ.
1033 1729 1077 1754 Ω.
1092 1722 1199 1763 vulgo,
1212 1733 1321 1763 supera
1329 1738 1339 1759 ,·
1365 1723 1420 1754 sed
1434 1734 1548 1761 vereor,
1564 1732 1601 1756 ut
1615 1726 1656 1758 sit

926 1784 1001 1805 cum
1016 1774 1357 1814 sm’ptis.—exstructa.·
1383 1774 1422 1805 V.
1439 1775 1487 1806 ed.
1501 1779 1652 1814 extincta,-

926 1839 981 1868 per
996 1829 1123 1859 facilem
1137 1839 1274 1859 errorem
1299 1829 1333 1858 in
1349 1829 1446 1859 literis
1469 1830 1652 1871 Longobar·

923 1880 1013 1918 dicis,
1026 1880 1052 1910 si
1067 1880 1227 1910 obscurius
1242 1885 1385 1910 exaratus
1399 1886 1488 1917 esset,
1504 1887 1535 1912 et
1549 1882 1652 1913 evani-

926 1932 985 1963 dus
996 1931 1064 1972 jam
1078 1932 1182 1968 fuerit,
1197 1942 1276 1971 apex
1290 1931 1438 1963 elementi
1452 1944 1480 1963 r.

968 1993 1044 2023 Ver.
1059 1995 1132 2023 562.
1154 1982 1328 2023 In'clinata
1351 1995 1484 2024 minent:
1511 1993 1530 2023 i.
1546 2004 1572 2024 e.
1595 1996 1651 2026 cli-

925 2051 1001 2076 nata
1017 2046 1177 2076 imminent
1183 2059 1195 2081 ‚·
1218 2043 1259 2074 ad
1281 2044 1396 2074 tmesin
1418 2045 1653 2077 usitatissimam

927 2098 1086 2136 Lucretio,
1117 2097 1238 2138 quoties
1262 2098 1341 2127 ratio
1366 2097 1510 2129 dictionis
1531 2099 1654 2140 legibus

925 2149 1063 2179 metricis
1084 2148 1270 2179 adversetur.
1315 2148 1412 2178 Hanc
1437 2155 1542 2180 autem
1568 2152 1652 2182 viam

925 2207 1052 2241 egomet
1066 2200 1161 2241 longe
1176 2200 1323 2231 tutiorem
1337 2201 1433 2231 habui
1448 2201 1585 2243 vulgata,
1607 2203 1652 2234 sic

924 2262 957 2282 se
971 2253 1117 2283 habente:

986 2333 1113 2358 Inclinata
1124 2333 1220 2358 minent
1230 2333 1258 2358 in
1268 2333 1468 2359 eamdem—t

923 2411 960 2437 ut
975 2405 1014 2436 sit
1030 2419 1063 2437 ‘ro
1079 2407 1196 2437 minent
1218 2405 1305 2436 radix
1333 2406 1499 2436 verborum
1522 2408 1652 2447 emineo,

924 2459 1078 2495 immz'neo,
1098 2459 1274 2497 promineo;
1299 2456 1338 2486 de
1353 2456 1414 2497 qua
1438 2463 1544 2488 tamen
1569 2459 1651 2490 nihil

923 2516 971 2539 est
985 2514 1181 2548 compertum
1195 2507 1330 2538 aliunde.
1369 2508 1470 2547 Super
1484 2510 1578 2539 verbo
1594 2512 1650 2541 cli.

921 2571 998 2590 'nare
1014 2569 1062 2596 ea,
1087 2569 1157 2600 quae
1175 2559 1341 2597 sufficiant,
1365 2559 1506 2590 invenias
1519 2560 1553 2590 in
1567 2561 1651 2591 notis

922 2611 1002 2641 meis
1016 2610 1056 2641 ad
1070 2610 1102 2641 ii.
1116 2615 1188 2643 292.
1233 2612 1357 2642 Bsinent
1381 2610 1501 2642 interea
1525 2611 1651 2651 scriptio

923 2668 970 2693 est
983 2661 1134 2692 librorum
1149 2662 1246 2692 Vind.
1264 2662 1302 2693 V.
1318 2662 1366 2692 ed.
1389 2662 1427 2693 B.
1442 2663 1480 2693 L.
1497 2663 1545 2693 Μ.
1561 2668 1597 2694 Δ.
1613 2668 1648 2695 Σ.

925 2712 1064 2750 Quidam
1082 2713 1135 2744 Pii
1160 2713 1248 2744 codd.
1272 2719 1413 2748 manent;
1439 2713 1535 2744 etiam
1558 2714 1649 2750 bene,

924 2764 985 2794 nisi
1008 2774 1068 2795 vox
1097 2764 1278 2804 exquisitior
1306 2764 1490 2804 scmpulum
1514 2764 1649 2796 indoctis

922 2815 1054 2846 librariis
1077 2816 1190 2846 merito
1203 2815 1359 2846 videretur
1380 2815 1530 2857 injecisse.
1573 2815 1647 2846 Pla-

922 2867 987 2898 cuit
1003 2866 1230 2907 Oudendorpio
1243 2868 1311 2898 haec
1325 2867 1418 2898 lectio
1432 2867 1473 2898 ad
1487 2868 1546 2898 ista
1563 2867 1590 2899 'J
1591 2867 1648 2897 ulii

925 2919 1133 2960 obsequentis
1154 2920 1257 2957 verba,
1284 2919 1325 2951 de
1347 2918 1489 2961 prodigg.
1514 2929 1580 2959 cap.
1603 2928 1646 2950 cv.
