1926 3224
594 234 828 285 LIBER
867 231 1228 291 QUINTUS.

1571 238 1628 279 15

289 371 385 413 Una
404 368 489 410 dies
508 368 623 410 dabit
642 368 790 417 exitio;
827 353 1150 422 multosque'per
1170 377 1299 406 annos

287 445 562 494 Substentata,
583 452 675 484 ruet
693 442 836 492 moles,
858 450 899 482 et
917 440 1122 489 machina,
1144 438 1300 480 mundi.

343 519 432 560 Nec
452 533 518 559 me
537 516 663 558 animi
688 515 803 564 fallit,
825 528 948 569 quam
969 528 1032 553 res
1051 527 1159 554 nova
1177 513 1362 568 miraque
1380 509 1507 552 menti

287 591 471 640 Adcidit,
494 589 666 630 exitium
686 586 777 627 coeli
797 594 998 640 terraeque
1018 584 1222 634 futurum;

180 671 257 706 100
289 665 358 714 Et,
381 677 505 718 quam
524 660 686 702 difficile
705 659 750 700 id
768 658 870 700 mihi
891 659 942 699 sit
960 657 1196 713 pervincere
1215 658 1348 700 dictis:

287 738 348 780 Ut
365 736 428 787 fit,
452 736 523 778 ubi
541 735 746 777 insolitam
766 749 854 776 rem
873 733 1065 788 adportes
1085 733 1250 774 auribus
1271 740 1381 782 ante,

288 811 379 853 Nec
399 820 538 852 tamen
557 810 666 852 hanc
686 809 814 866 possis
834 807 1047 850 oculorum
1067 808 1240 849 subdere
1259 808 1361 857 visu,

286 885 376 926 Nec
389 886 526 940 jacere
546 885 648 926 indu
669 898 830 934 manus,
852 883 918 924 via
938 882 1017 938 qu&
1038 883 1197 924 munita
1216 881 1312 922 fidei

287 958 498 1000 Proxuma
517 958 595 1000 fert
613 958 844 999 humanum
863 958 906 997 in
926 965 1086 1011 pectus,
1108 956 1339 1012 templaque
1359 954 1517 996 mentis.

178 1036 256 1074 105
290 1032 372 1074 Sed
391 1040 529 1074 tamen
549 1031 726 1074 ecfabor:
758 1031 876 1072 dictis
896 1030 1010 1071 dabit
1029 1030 1117 1084 ipsa
1135 1029 1261 1069 fidem
1281 1044 1344 1070 res

147 1188 232 1220 deest
254 1187 354 1218 Vind.
380 1197 486 1218 versus
507 1197 654 1228 sequens3
686 1187 720 1217 in
746 1196 808 1228 quo
832 1190 867 1216 Δ.

147 1241 239 1270 habet
253 1241 337 1270 leand
351 1249 407 1278 pro
421 1241 512 1270 hanc.

188 1291 263 1321 Ver.
295 1293 365 1320 102.
396 1289 579 1320 AEmulatur
606 1289 676 1320 heic
703 1287 870 1319 Lucretius

147 1342 299 1374 eximium
314 1341 419 1372 locum
434 1341 635 1381 Empedoclis
649 1341 688 1372 de
697 1342 774 1377 Deo,
786 1340 871 1380 apud

149 1393 247 1424 Clem.
264 1393 355 1423 Alex.
377 1398 482 1424 strom.
504 1403 532 1424 v.
557 1396 608 1423 12.
629 1392 684 1433 qui
707 1402 765 1423 nec
791 1391 870 1431 opti-

150 1454 239 1474 mum
253 1443 346 1474 latuit
360 1443 555 1474 Bentleium:

191 1534 245 1558 Ουκ
258 1540 309 1558 εστι
322 1530 474 1562 πελασασὶΐ,
496 1530 535 1556 ⁸3⁵
545 1531 716 1565 οφθαλμωσιν
728 1537 822 1564 eodm-ov

186 1582 336 1616 Ἥμετεροις,
348 1592 363 1610 η
374 1590 443 1615 χερστ
454 1577 548 1610 λαιςειν,
568 1580 584 1608 ἦ
596 1589 638 1615 περ
648 1589 675 1606 τε
684 1588 797 1614 mmm-21

190 1628 277 1656 mou,-
290 1628 443 1663 ανθρωποισιν
456 1629 583 1661 apocha-'05
595 1636 625 1655 εις
634 1634 707 1662 <opem
717 1635 806 1653 sturm.

151 1707 239 1738 Hinc
255 1706 378 1746 egregie
394 1705 436 1735 D.
451 1705 474 1736 J
475 1705 623 1741 ohannes,
649 1704 738 1744 epist.
761 1704 783 1735 i.
800 1706 826 1734 1.
846 1706 872 1733 1.

149 1759 205 1788 —ei
221 1772 251 1791 m
273 1759 326 1788 ὥστ’
349 1757 485 1798 αρχῆς,ὖ
508 1768 684 1795 ακηκααμεν,
709 1755 872 1785 ὂἜΩΡΑ-

152 1815 286 1840 KAMEN
307 1822 365 1842 τοις
386 1811 628 1839 ΟΦΘΑΛΜΟῘΣ
644 1808 734 1847 ἡμων,
757 1807 770 1836 o‘
787 1806 874 1836 &Sm-

150 1863 273 1900 σαμεθα,
307 1873 356 1891 και
382 1861 414 1890 αἱ
444 1863 587 1892 ΧΕῙΡΕΣ
617 1861 696 1900 ἡμων
722 1862 874 1890 ΕΨἩΔΑ-

152 1918 297 1948 ΦΗΣΑΝ,
322 1924 381 1954 περι
398 1925 436 1942 τε
450 1919 529 1952 λογε
541 1926 592 1946 της
609 1912 692 1951 ζωῆς.

193 1964 269 1994 Ver.
283 1967 355 1994 105.
372 1965 449 1994 indu
458 1975 585 1995 manus:
605 1973 695 1994 voces
709 1963 793 1994 male
802 1963 875 1994 scri-

155 2018 274 2046 buntur
289 2015 482 2056 conjunctim
503 2015 537 2045 in
553 2015 591 2046 P.
607 2016 648 2046 V.
665 2015 713 2046 ed.
731 2016 770 2046 O.
788 2022 878 2046 52.—

151 2066 228 2107 qtu‘i:
255 2067 290 2097 P.
306 2067 348 2097 V.
363 2066 412 2096 ed.
431 2067 468 2096 L.
488 2066 530 2097 O.
549 2072 584 2097 A.
602 2073 642 2097 Π.
664 2073 709 2098 Ω.
731 2078 878 2108 quam.—

151 2119 287 2148 munita.-
312 2117 354 2148 V.
370 2117 417 2147 ed.
432 2120 466 2148 in
482 2120 595 2149 unica:
619 2130 649 2149 m
671 2117 790 2149 scilicet
803 2128 878 2149 cum

150 2171 196 2205 in,
218 2168 330 2200 iisdem
355 2168 505 2208 apicibus,
527 2175 721 2208 permutato3
743 2175 837 2212 atque
851 2177 875 2208 t,

154 2226 191 2250 ut
215 2220 339 2260 passim,
362 2231 437 2250 cum
461 2232 495 2252 c:
520 2221 618 2252 Vind.
644 2224 782 2258 minuta;
809 2232 880 2263 quae

154 2280 213 2301 vox
226 2270 424 2302 lineamentis
437 2271 564 2302 sincerae
582 2281 645 2302 non
661 2272 822 2313 discrepat.

199 2321 280 2353 Ibid.
302 2324 390 2354 indu.
415 2323 576 2354 Glossator
600 2329 756 2354 vetustus:
784 2327 807 2343 “
823 2326 879 2355 In-

155 2376 179 2392 “
193 2375 245 2409 du,
269 2386 316 2411 εις,
338 2374 415 2411 ευδον,
439 2375 544 2410 suern?
590 2376 676 2406 Nam
690 2381 776 2406 extra
790 2386 880 2407 voces

155 2425 339 2463 compositas
360 2425 458 2457 altera
471 2427 573 2458 forma
585 2429 663 2458 endo
677 2427 801 2458 videtur
815 2427 878 2458 usi-

155 2476 246 2506 tatior
259 2476 415 2508 veteribus
429 2478 535 2510 fuisse.

200 2527 281 2558 Ibid.
304 2529 353 2559 via
371 2531 500 2560 munita.
523 2530 605 2561 Haec
622 2531 745 2570 phrasis
765 2531 804 2561 ab
819 2541 880 2562 usu

156 2577 295 2608 militum
308 2579 457 2610 translata
473 2586 526 2611 est.
538 2581 703 2622 Vegetius,
718 2581 757 2612 de
771 2591 805 2612 re
818 2583 879 2612 mi-

154 2628 197 2659 lit.
212 2629 256 2659 iii.
271 2632 321 2660 21.
351 2634 373 2649 ‘⁶
387 2649 431 2655 —
447 2630 599 2671 Scipionis
613 2632 739 2664 laudata
753 2639 877 2664 senten-

159 2683 181 2698 “
197 2680 241 2710 tia
255 2687 312 2720 est,
335 2682 389 2722 qui
411 2681 501 2721 dixit,
533 2685 619 2714 Viam
645 2684 795 2724 hostibus,
818 2685 881 2727 quii

158 2735 179 2750 “
194 2732 328 2773 fugiant,
352 2735 579 2766 muniendam.‘’
623 2736 778 2776 Exempla
803 2748 879 2769 nus-

155 2793 250 2824 quam
264 2795 328 2815 non
344 2786 442 2816 obvia.

200 2835 281 2866 Ibid.
295 2838 388 2878 fidei.
414 2837 564 2868 Similiter
585 2843 675 2869 vetus
698 2840 789 2879 po‘eta
813 2841 879 2872 dic-

155 2885 273 2917 tionem
293 2887 406 2927 posuit,
430 2889 515 2928 apud
541 2889 681 2922 Ciceron.
706 2891 746 2922 de
769 2899 881 2926 senect.

163 2936 231 2966 mit.

942 1184 988 1209 Ille
999 1184 1040 1208 vir
1051 1183 1124 1208 haud
1134 1182 1233 1216 magna
1244 1189 1307 1208 cum
1319 1189 1358 1212 re,
1369 1182 1415 1208 sed
1427 1182 1520 1214 plenus
1523 1182 1603 1214 fideit

913 1262 945 1287 et
959 1255 1093 1287 Pontius
1108 1254 1264 1286 Paulinus
1279 1254 1318 1285 de
1332 1254 1355 1286 J
1357 1264 1427 1285 oan.
1445 1255 1535 1293 Bapt.
1556 1256 1624 1285 145.

974 1339 1115 1364 Auscultat
1125 1342 1190 1364 nato
1201 1338 1344 1370 genetrix:
1362 1337 1401 1362 vis
1415 1340 1496 1362 tanta
1498 1337 1578 1369 fidei!

917 1404 1082 1438 Caeterum,
1097 1404 1228 1445 hujusce
1242 1404 1303 1434 loci
1317 1403 1497 1434 recordatus
1512 1408 1558 1434 est
1574 1403 1637 1433 Ar-

915 1456 1039 1493 nobius,
1062 1455 1114 1486 lib.
1141 1456 1172 1486 ii.
1195 1466 1225 1495 p.
1251 1459 1301 1485 44.
1325 1459 1348 1474 ‘⁶
1367 1455 1451 1486 Cum
1475 1464 1550 1495 ergo
1571 1455 1639 1484 haec

917 1509 940 1525 “
955 1507 995 1536 sit
1008 1507 1144 1538 conditio
1154 1507 1342 1542 futurorum,
1359 1512 1396 1537 ut
1404 1509 1502 1537 teneri
1512 1512 1543 1536 et
1555 1516 1642 1536 com-

917 1560 939 1575 “
954 1557 1107 1597 prehendi
1128 1558 1247 1588 nullius
1268 1558 1388 1597 possint
1409 1557 1641 1596 anticipationis

918 1613 940 1628 “
956 1616 1100 1646 attractu,
1126 1620 1231 1640 nonne
1247 1610 1353 1649 purior
1364 1610 1443 1639 ratio
1458 1609 1584 1640 est—?‘’

959 1661 1035 1691 Ver.
1054 1665 1122 1692 104.
1131 1661 1219 1701 fert.-
1239 1668 1283 1692 Ω.
1296 1663 1575 1703 fit.—Izumanum.·
1595 1661 1643 1691 Μ’.

915 1713 999 1741 haud
1014 1722 1156 1748 πταηιιτης
1180 1712 1233 1752 qui
1249 1712 1379 1743 forsitan
1395 1723 1479 1742 error
1500 1712 1539 1743 sit
1564 1711 1644 1742 reci.

917 1762 1051 1793 tationis.

962 1815 1043 1846 Ibid.
1057 1818 1228 1857 templaque
1243 1819 1360 1848 mentis.
1388 1816 1524 1847 Plautus
1539 1818 1644 1856 etiam,

917 1863 951 1894 in
979 1864 1083 1903 phrasi
1106 1878 1172 1898 non
1197 1870 1304 1899 minus
1334 1869 1434 1900 verbis
1459 1868 1644 1909 magnificis.

919 1925 1016 1956 quam
1032 1915 1183 1952 Lucretii,
1199 1914 1357 1955 concepta,
1374 1914 1488 1945 Pseud.
1499 1915 1519 1945 i.
1536 1919 1565 1946 5.
1581 1919 1631 1947 54.

982 1997 1033 2021 Fac
1044 1996 1077 2021 sis
1088 1996 1206 2027 vacivas,
1220 1996 1356 2026 Pseudole‚
1373 1996 1447 2020 aedeis
1458 1996 1572 2020 aurium.

923 2059 1045 2091 Redeas
1061 2065 1168 2091 notata
1183 2060 1272 2091 nobis
1286 2060 1326 2091 ad
1341 2060 1360 2090 i.
1378 2063 1449 2091 758.
1473 2060 1547 2090 huic
1562 2059 1646 2090 enim

920 2117 989 2148 lo'co
1004 2119 1143 2150 multum
1157 2119 1237 2150 lucis
1251 2119 1504 2152 commodabunt.

962 2172 1035 2203 Ver.
1054 2175 1124 2204 105.
1146 2175 1231 2204 dabit
1236 2175 1345 2216 fidem.
1381 2172 1545 2213 Virgilius,
1570 2172 1644 2203 AEn.

921 2224 982 2255 vfii.
999 2227 1070 2256 150.

1015 2308 1128 2340 Adcipe,
1144 2308 1241 2340 daque,
1250 2308 1407 2341 fidem—-

967 2379 1040 2411 Ver.
1058 2384 1128 2412 106.
1150 2383 1240 2412 ortis:
1259 2386 1294 2412 Δ.
1312 2387 1352 2411 Π.
1370 2385 1405 2412 Σ.
1421 2381 1516 2416 οτόι“.ς;
1531 2384 1567 2410 ut
1579 2379 1643 2411 edi-

923 2431 1023 2462 tiones
1036 2432 1181 2473 quaedam
1190 2432 1348 2470 exhibent,
1365 2431 1418 2462 sed
1432 2441 1649 2470 perperam.—

922 2482 1004 2513 Mox
1020 2489 1061 2513 Π.
1077 2494 1256 2524 conquassa.

966 2534 1039 2565 Ver.
1053 2538 1124 2565 107.
1136 2536 1335 2575 conquassari
1344 2535 1471 2565 motibus
1480 2540 1647 2572 terrarum,

923 2586 1093 2617 Efficacem
1107 2587 1258 2616 habemus
1279 2591 1372 2626 atque
1394 2594 1557 2615 nervosam
1578 2595 1647 2615 ora-

922 2637 1049 2668 tionem.
1096 2637 1216 2675 Cicero,
1240 2636 1278 2666 de
1292 2636 1388 2667 divin.
1407 2636 1426 2667 i.
1442 2639 1558 2667 45.-“
1574 2645 1649 2666 cum

924 2691 946 2707 “
961 2688 1001 2719 ad
1015 2689 1172 2719 infinitam
1190 2687 1388 2718 altitudinem
1410 2693 1493 2718 terra
1513 2687 1649 2718 desedis-

924 2744 946 2760 “
961 2747 1015 2777 set,
1039 2741 1221 2782 Apuliaque
1234 2740 1392 2771 maxumis
1406 2747 1497 2771 terrae
1521 2740 1650 2771 motibus

924 2795 946 2810 ‘⁶
963 2799 1162 2832 conquassata
1185 2791 1336 2823 esset—.’'
1382 2791 1505 2822 Dubito
1530 2795 1651 2827 tamen,

923 2853 964 2874 an
978 2844 1045 2873 haec
1060 2853 1125 2873 non
1139 2843 1180 2873 sit
1193 2843 1228 2873 in
1250 2843 1399 2874 Lucretio
1413 2842 1525 2873 rectior
1539 2852 1576 2873 ac
1596 2851 1651 2872 ve-

924 2894 1045 2925 nustior
1073 2895 1250 2926 consecutio
1279 2896 1458 2926 verborum:
1497 2897 1521 2913 “
1536 2894 1592 2931 Et,
1614 2892 1648 2922 in

926 2949 948 2963 ‘⁶
965 2955 1059 2985 parvo
1074 2951 1222 2987 tempore,
1245 2956 1352 2978 cernes
1374 2945 1480 2979 omnia
1494 2950 1647 2976 terrarum
