1926 3224
269 251 331 290 24

771 247 845 294 T..
869 246 1238 295 LUCRETII

407 373 602 430 Quidque
619 373 725 414 inter
745 387 829 413 sese
847 379 1079 427 permutato
1098 373 1244 413 ordine
1268 381 1448 427 possent,

411 448 456 490 Si
475 462 560 488 non
578 447 666 501 ipsa
685 445 799 487 dedit
818 446 1023 500 specimen
1043 445 1204 487 Natura
1223 445 1410 487 creandi?

409 520 598 575 Namque
617 519 689 570 ita,
710 518 976 569 multimodis,
997 519 1134 560 multis
1152 519 1379 574 primordia
1397 533 1534 561 rerum

409 592 477 633 Ex
488 592 659 634 infinito
670 593 759 648 jam
778 600 963 647 tempore
981 593 1136 647 percita
1154 592 1298 649 plagis,

303 672 380 708 190
411 666 748 722 Ponderibusque
768 666 849 707 suis
869 674 1118 706 consuerunt
1137 667 1298 707 concita
1315 666 1427 717 ferri,

408 739 751 794 omnimodisque
770 738 895 788 coire,
917 746 1038 794 atque
1057 739 1197 780 omnia
1214 748 1462 795 pertentare,

409 813 726 868 Quaequomque
745 812 852 852 inter
871 825 913 852 se
933 812 1089 866 possint
1108 827 1324 868 congressa
1342 828 1498 863 creare;

410 886 473 928 Ut
491 900 577 926 non
597 885 648 925 sit
666 884 817 925 mirum
837 883 869 924 si
889 883 933 924 in
952 883 1065 924 taleis
1084 883 1351 938 disposituras

408 957 665 1000 Deciderunt
684 972 862 1014 quoque,
881 964 923 998 et
941 956 984 998 in
1004 956 1116 999 taleis
1135 971 1282 999 venere
1301 966 1473 1009 meatus,

310 1132 384 1164 Ver.
412 1136 481 1164 186.
519 1134 674 1172 Quidque:
710 1132 748 1163 B.
784 1133 915 1167 Quidve:
950 1135 985 1163 Σ.

273 1187 419 1224 Quaeque,·
444 1184 538 1213 etiam
560 1185 649 1213 bene.
693 1182 793 1220 Editi,
821 1185 987 1221 Quidnam,

268 1245 307 1266 ex
335 1235 474 1266 arbitrio:
501 1235 658 1273 audacter,
689 1240 720 1265 et
748 1234 985 1265 inscite—sese.-

270 1287 364 1318 Vind.
382 1287 422 1317 V.
440 1286 488 1317 ed.
504 1286 543 1318 L.
561 1287 609 1317 M.
626 1292 661 1317 Δ.
678 1291 712 1318 Σ.
730 1293 775 1317 Ω.
789 1298 829 1317 se.

313 1345 388 1375 Ver.
406 1348 474 1376 187.
496 1346 664 1384 specimen.-
690 1344 727 1375 P.
748 1344 786 1374 V.
809 1344 855 1374 ed.
878 1344 917 1374 L.
943 1345 989 1375 M.

271 1395 311 1426 O.
335 1400 370 1426 Δ.
388 1402 429 1426 Π.
445 1402 488 1426 Ω.
510 1397 655 1435 speciem.-
680 1394 735 1425 sed
757 1395 834 1426 Pius
855 1402 936 1425 recte
958 1406 990 1425 e-

269 1442 438 1485 mendavit,
465 1447 663 1477 scribendum
685 1446 809 1477 edicens
823 1449 970 1486 specimen
978 1460 988 1476 .-

270 1498 310 1529 de
324 1498 387 1539 qua
406 1498 650 1529 commutatione
672 1496 826 1529 nonnulla
848 1496 994 1527 dedimus

271 1549 311 1580 ad
330 1551 369 1580 iv.
386 1552 435 1581 77.
454 1552 522 1581 1:35.

315 1608 387 1639 Ver.
412 1612 482 1641 190.
504 1616 695 1640 consuerunt.
739 1608 837 1649 Lege,
869 1618 993 1639 consue-

271 1667 353 1691 rant.

769 1711 994 1741 Beu‘rctms.

275 1772 348 1802 Non
364 1773 474 1810 probo:
502 1781 575 1802 nam
591 1781 627 1801 ea
641 1777 687 1801 est
700 1771 830 1812 hujusce
845 1770 993 1810 temporis

273 1830 416 1863 potestas,
432 1830 467 1853 ut
483 1823 646 1863 significet,
662 1833 725 1853 non
738 1822 841 1853 solum
856 1823 890 1852 in
904 1832 992 1854 secu-

274 1874 313 1904 lis
334 1873 496 1914 praeteritis
510 1875 567 1904 hoc
582 1873 677 1904 modo
703 1884 750 1904 res
771 1873 999 1904 administratas

275 1935 350 1961 esse,
377 1925 429 1955 sed
451 1925 605 1965 hodieque
621 1925 665 1955 sic
681 1924 904 1956 administrari:
930 1924 999 1955 vide

275 1977 453 2016 nuperrime
468 1976 690 2013 animadversa,
708 1976 748 2007 ad
763 1987 823 2007 ver.
840 1980 910 2008 151.

319 2038 392 2068 Ver.
418 2041 488 2069 191.
520 2040 621 2068 omnia
642 2044 834 2077 pertentare.-
859 2038 878 2067 i.
902 2048 928 2068 e.
958 2037 997 2069 de

277 2089 412 2119 maxime
431 2088 554 2127 proprio
569 2088 652 2118 verbi
669 2099 770 2124 sensu,
785 2091 997 2128 experimentis

277 2141 446 2179 omnigenis
467 2141 569 2170 abuti:
595 2139 639 2169 sic
660 2139 726 2170 alii.
771 2139 932 2170 Glossator
946 2150 998 2170 ve·

277 2199 341 2221 tus:
369 2194 391 2209 ‘⁴
411 2193 561 2227 Per-tento,
579 2191 805 2234 avom-upupam?
853 2191 998 2223 scribunt

279 2248 386 2273 autem
403 2242 497 2272 Vind.
522 2247 556 2273 Δ.
573 2250 794 2283 pertemptare:
820 2245 867 2274 uti
889 2244 1003 2284 passim

279 2295 428 2325 exhibent
441 2295 512 2325 libri
528 2305 625 2326 manu
641 2297 767 2327 exarati.
812 2297 934 2328 Notum
950 2304 1002 2328 est.

323 2345 396 2376 Ver.
413 2349 483 2378 195.
506 2348 540 2377 in
554 2348 661 2377 taleis.-
686 2347 726 2378 V.
742 2347 789 2378 ed.
811 2349 932 2383 vitales5
948 2349 1002 2378 ob-

281 2407 292 2424 x
301 2397 336 2426 iis
351 2397 478 2427 cuilibet
492 2397 653 2427 erroribus.

323 2456 398 2486 Ver.
420 2460 490 2488 194.
512 2458 725 2488 Deciderunt.-
752 2458 789 2488 P.
811 2459 1002 2489 Deciderint.

282 2509 430 2539 —taleis:
460 2514 499 2538 Π.
521 2510 818 2540 talibus.—meatus:
846 2510 893 2540 Pii
919 2510 1004 2541 codi-

283 2567 340 2592 ces,
357 2564 388 2587 et
404 2564 438 2588 Δ.
453 2566 594 2596 novatus;
619 2559 718 2590 Vind.
744 2566 787 2590 Ω.
814 2567 922 2592 mestus
930 2577 939 2597 ;
964 2561 1004 2591 V.

284 2608 331 2639 ed.
356 2615 396 2639 n.
427 2617 562 2647 moestus;
597 2616 631 2643 Σ.
654 2614 687 2642 in
709 2618 805 2649 estus;
829 2623 898 2653 quae
927 2613 1007 2643 mira

285 2666 358 2689 sunt
371 2659 430 2706 coll
436 2661 519 2691 uvius
533 2662 785 2702 corruptelarum.

327 2720 401 2751 Ver.
432 2725 502 2753 195.
530 2726 668 2762 geritur:
694 2724 879 2762 Lambinus,
901 2729 1008 2754 contra

287 2769 380 2800 libros
394 2778 510 2803 veteres
525 2774 690 2811 universos,
703 2775 790 2807 nullo
802 2785 926 2815 prorsus
939 2786 1007 2811 usu,

287 2831 382 2851 suum
392 2826 517 2861 genitur
531 2835 637 2856 rursus
653 2827 774 2866 ingerit.
819 2826 896 2863 Nos,
919 2826 1008 2857 aliter

290 2878 381 2913 atque
403 2873 571 2906 editoribus
594 2875 661 2907 aliis
684 2877 803 2908 factum
825 2883 882 2917 est,
905 2877 1008 2908 virum

1010 2938 1031 2965 (el

1029 1129 1243 1162 doctissimum
1268 1133 1362 1163 nimis
1382 1132 1534 1172 patienter
1547 1133 1750 1172 imitantibus,

1030 1182 1186 1213 maculam
1200 1183 1318 1214 elutam
1331 1194 1455 1223 prorsus
1469 1184 1632 1216 voluimus.

1075 1235 1155 1266 Ibid.
1178 1238 1330 1267 novando:
1357 1238 1489 1276 passive3
1512 1240 1584 1268 dum
1600 1244 1737 1269 novatur.

1526 1288 1753 1319 Bennmus.

1076 1344 1150 1375 Ver.
1174 1349 1246 1377 196.
1269 1348 1298 1376 si
1309 1347 1398 1386 jam:
1435 1346 1474 1376 O.
1501 1347 1628 1386 n.jam
1650 1357 1750 1382 nunc,-

1036 1399 1070 1426 Δ.
1083 1397 1154 1436 jam
1170 1408 1239 1436 ego.-
1266 1397 1305 1427 V.
1321 1397 1368 1428 ed.
1384 1398 1421 1428 B.
1438 1398 1485 1427 M.
1509 1402 1544 1428 Δ.
1562 1404 1602 1428 Π.
1618 1403 1652 1429 Σ,
1668 1399 1754 1428 abest

1034 1450 1062 1477 si
1065 1447 1218 1477 .—Hune
1232 1453 1338 1477 autem
1352 1457 1486 1485 versum,
1502 1453 1541 1482 et,
1555 1447 1610 1487 qui
1620 1457 1756 1487 sequun-

1036 1504 1096 1534 tur,
1112 1505 1257 1539 quatuor,
1275 1499 1343 1539 jam
1357 1497 1501 1538 legimus.
1524 1498 1756 1539 aliquantulum

1036 1550 1240 1581 diversimode
1255 1550 1394 1589 scriptos,
1406 1550 1445 1581 ad
1454 1550 1484 1580 ii.
1497 1553 1510 1580 1
1519 1553 1671 1582 77—182.
1693 1552 1755 1583 Co-

1035 1602 1157 1633 dicibus
1171 1602 1335 1642 utrobique
1351 1613 1407 1633 nos
1421 1603 1629 1643 obsequimur,
1641 1609 1672 1634 et
1682 1604 1755 1643 poe·-

1036 1658 1076 1682 tae
1098 1652 1273 1683 libertatem
1297 1653 1428 1683 subinde
1451 1654 1601 1684 sermonis
1616 1655 1756 1685 variandi

1037 1703 1268 1735 concedendam
1279 1714 1345 1734 esse
1358 1714 1483 1743 prorsus
1493 1705 1688 1745 arbitramur,
1699 1717 1757 1738 nec

1037 1766 1139 1786 unum
1152 1755 1256 1786 locum
1268 1766 1306 1786 ex
1317 1756 1413 1786 altero
1422 1762 1529 1787 contra
1539 1757 1632 1788 libros
1641 1765 1758 1790 temere

1035 1806 1148 1848 corrigi
1162 1806 1281 1837 debere.

1084 1859 1157 1888 Ver.
1169 1862 1239 1889 201.
1249 1865 1410 1898 quantum:
1425 1859 1460 1890 P.
1470 1860 1510 1890 V.
1522 1860 1569 1890 ed.
1581 1872 1672 1900 quam
1683 1869 1758 1893 tum.

1041 1911 1174 1949 —tegits
1202 1915 1242 1940 Π.
1262 1911 1343 1949 gerit
1349 1925 1359 1946 ;
1384 1915 1424 1946 et,
1448 1920 1503 1949 pro
1518 1910 1601 1940 varia
1616 1910 1758 1948 lectione,

1041 1965 1129 2002 regit.
1364 1969 1371 1973 “

1084 2012 1164 2043 Ibid.
1187 2015 1255 2044 coeli
1268 2015 1342 2052 tegit
1357 2015 1476 2053 inpetus
1491 2015 1615 2053 ingens:
1639 2013 1709 2044 vide
1719 2015 1760 2045 sis

1040 2065 1060 2095 i.
1076 2067 1148 2096 987.
1180 2064 1230 2095 Sic
1247 2064 1389 2102 Ovidius,
1405 2071 1476 2095 met.
1492 2064 1511 2095 i.
1527 2068 1555 2096 5.

1040 2141 1110 2166 Ante
1121 2146 1205 2170 mare,
1217 2143 1245 2165 et
1255 2143 1347 2170 terias,
1358 2144 1396 2170 et,
1407 2141 1479 2171 quod
1487 2140 1546 2172 tegit
1556 2141 1650 2171 omnia,
1657 2142 1757 2166 coelum.-

1044 2213 1115 2244 quae
1129 2203 1250 2233 videtur
1263 2213 1301 2233 ex
1316 2203 1458 2233 Hesiodo
1470 2203 1630 2240 derivasse,
1641 2204 1760 2245 Theog.

1048 2256 1118 2285 127.
1141 2253 1184 2284 sic
1199 2253 1335 2284 versibus
1349 2253 1540 2284 nitidissimis
1553 2261 1698 2285 canente:

1083 2350 1154 2374 Γαιαι
1164 2348 1189 2374 δε
1202 2358 1237 2374 τοι
1247 2358 1378 2383 πρωτισπν
1390 2358 1506 2380 erman,
1521 2359 1571 2375 arou
1581 2349 1666 2385 {avr-5,

1085 2398 1191 2431 Ουροινον
1208 2395 1349 2431 αστεροενθ,
1361 2395 1401 2421 im
1413 2406 1455 2429 μιν
1466 2405 1516 2430 περι
1528 2406 1615 2422 ’.ταντα
1625 2401 1755 2432 zoam-ry.

1084 2443 1141 2478 Ovp'
1156 2453 1189 2472 ειη
1200 2452 1349 2478 mapsam
1361 2443 1427 2472 θεας
1438 2441 1612 2475 &oraremus
1623 2452 1676 2469 ωει.

1051 2517 1185 2555 Plinius,
1214 2522 1276 2548 nat.
1298 2517 1368 2547 hist.
1396 2517 1428 2547 ii.
1454 2517 1593 2547 init.—“
1608 2519 1766 2551 melum,—

1050 2573 1072 2588 “
1088 2569 1176 2609 cujus
1190 2568 1389 2599 circumflexu
1400 2575 1544 2609 teguntur
1555 2567 1687 2599 omm'a.”
1703 2568 1767 2598 Ac-

1049 2620 1138 2650 cedat
1159 2621 1286 2659 insuper
1310 2620 1480 2657 Arnobius,
1502 2619 1555 2650 lib.
1579 2618 1621 2649 iii.
1644 2629 1673 2658 p.
1699 2622 1767 2649 120.

1050 2675 1116 2695 —“
1133 2672 1307 2702 universam
1329 2671 1420 2702 istam
1434 2670 1550 2701 molem
1564 2669 1688 2708 mundi,
1713 2682 1767 2701 cu—

1053 2723 1138 2762 “jus
1161 2733 1270 2753 omnes
1294 2723 1476 2762 amplexibus
1501 2721 1667 2757 ambimur,
1693 2723 1769 2760 tegi-

1052 2776 1074 2791 “
1092 2784 1169 2809 mur,
1206 2784 1242 2803 ac
1278 2771 1538 2803 sustinemur—.'‘
1592 2771 1770 2802 Hesiodum

1051 2835 1123 2855 vero
1139 2826 1338 2860 correximus,
1363 2823 1404 2854 ad
1418 2823 1612 2853 scholiastem
1628 2822 1770 2861 Pindari,

1053 2877 1146 2914 Nem,
1162 2878 1200 2908 vi.
1220 2880 1246 2907 1.
1265 2875 1318 2906 ubi
1333 2885 1438 2906 versus
1451 2875 1608 2917 leguntur.
