1926 3224
534 279 766 329 LIBER
813 277 1176 337 QUINTUS.

254 415 378 464 Nam,
401 412 546 468 quibus
566 427 588 453 e
609 413 746 468 spatiis
766 426 971 468 quomque
991 412 1106 468 ignes
1124 409 1280 452 lumina
1296 415 1467 465 possunt

255 487 459 537 Adlicere‚
481 495 522 528 et
541 486 717 527 calidum
737 486 930 527 membris
949 485 1100 526 adflare
1120 498 1312 540 vaporem
1319 500 1333 533 ς

252 561 366 603 Nihil
387 562 475 615 ipsa
495 560 704 600 intervalla
725 560 767 599 in
788 560 840 599 sis
860 559 911 599 de
932 572 1107 613 corpore
1127 558 1278 599 librant

142 637 223 677 570
255 635 545 681 Flammarum,
567 631 670 671 nihil
689 631 742 671 ad
762 631 936 685 speciem
956 639 1016 671 est
1035 632 1284 672 contractior
1303 631 1421 688 ignis.

255 705 450 756 Proinde,
472 704 581 745 calor
601 704 799 759 quoniam
820 704 913 745 solis
933 704 1151 760 lumenque
1170 704 1383 759 profusum

111 870 253 901 “locum
275 869 406 906 mittere,
427 867 476 898 vel
499 867 672 908 jaculari;”
693 868 732 898 ab
748 867 829 898 anti-

109 920 171 963 qua
185 920 320 952 dictione
334 921 431 951 lacio:
448 918 487 949 de
495 918 558 959 qua
574 928 633 948 nos
648 918 688 949 ad
703 919 742 949 iv.
759 921 830 950 989.

110 972 206 1010 Quod
220 973 415 1012 obstupescas
430 977 547 1009 autem,
560 970 670 1002 lector!
695 980 750 1010 pro
773 971 830 1001 hac

108 1023 301 1065 antiquitatis
315 1023 462 1061 dictione,
482 1020 748 1062 sincerissimaque
767 1021 829 1052 lec-

108 1074 196 1106 tione
210 1074 355 1106 omnium
370 1073 596 1113 exemplarium
616 1072 832 1110 vetustiorum,

108 1125 173 1156 sive
189 1125 285 1157 MSS.
301 1126 365 1156 sive
380 1125 489 1155 formis
503 1124 686 1165 typographi
700 1123 829 1164 impres-

109 1188 229 1216 sorum,
242 1187 277 1209 os
292 1177 448 1209 editorum
462 1176 675 1214 durissimum,
695 1176 762 1207 sine
783 1175 832 1206 vel

109 1229 293 1260 necessitate
307 1229 355 1260 vel
368 1239 442 1266 usu,
465 1227 715 1259 commentitium
738 1237 832 1258 suum

110 1281 254 1322 Adjicere
273 1280 308 1310 in
322 1281 506 1311 Lucretium
526 1279 722 1310 inferserunt.
766 1281 833 1310 Ad-

108 1333 199 1363 licere
214 1331 311 1371 igitur
324 1330 509 1371 generaliter
523 1336 554 1360 et
568 1330 637 1361 laxe
648 1336 748 1370 potest
760 1343 832 1363 εποι-

110 1395 182 1424 ογειν,
197 1384 348 1413 adducere
364 1381 398 1411 in
412 1380 570 1422 quendam
584 1381 698 1418 locum,
720 1393 832 1422 appor-

109 1440 192 1471 tare‚·
208 1433 294 1465 unde
308 1439 491 1474 pervagatus
501 1444 620 1472 sensuS‚
629 1433 744 1464 blande
755 1439 834 1465 trac·

112 1491 189 1523 tare,
218 1484 405 1521 demulcere,
427 1486 560 1525 fallere:
595 1485 680 1525 quod
709 1485 836 1524 propius

112 1537 271 1578 tangendo
285 1542 378 1578 atque
394 1536 554 1567 tractando
570 1535 612 1567 fit.
642 1537 686 1566 Et
700 1536 779 1566 forte
794 1546 834 1566 an

111 1589 153 1619 sit
167 1599 186 1620 a
199 1589 328 1620 canibus
349 1588 512 1628 palpandis
532 1588 649 1618 locutio
669 1588 832 1619 translata:

112 1640 168 1670 sed
182 1639 308 1670 difficile
323 1645 370 1670 est
385 1649 470 1669 nunc
485 1639 607 1669 dierum
623 1639 772 1669 vocabula
783 1639 836 1670 de-

113 1696 273 1721 suetarum
298 1690 480 1730 linguarum
507 1699 562 1729 per
584 1690 716 1720 latebras
730 1700 838 1721 omnes

112 1741 274 1782 indagare,
299 1746 331 1771 et
348 1740 423 1771 inde
444 1741 603 1771 extrahere
624 1740 838 1771 veritatem.—

113 1795 266 1825 calz‘dum:
291 1793 332 1823 V.
348 1792 395 1824 ed.
418 1794 545 1830 calidis-,-
570 1799 613 1823 Π.
635 1794 836 1824 calidi—va-

108 1855 232 1884 porem:
257 1844 342 1874 idem
359 1850 400 1874 11.
415 1854 546 1884 vapores.

159 1894 240 1925 Ibid.
275 1896 394 1936 adflare
428 1905 579 1935 vaporem,
612 1894 661 1924 vel
697 1896 838 1933 calorem,

115 1950 203 1992 quasi
225 1956 344 1982 ventum
366 1949 533 1992 quendam.
580 1948 634 1980 sic
655 1954 772 1988 noster,
794 1948 837 1980 iii.

119 2006 189 2034 129.

148 2085 192 2109 Est
205 2084 288 2116 igitur
296 2083 375 2114 calor,
387 2090 418 2109 ac
429 2087 526 2108 ventus
535 2083 634 2114 vitalis,
645 2083 671 2108 in
683 2083 739 2115 ipso

146 2125 276 2155 Corpore,
287 2124 334 2155 qui
343 2124 418 2148 nobis
429 2123 602 2149 moribundos
612 2123 708 2149 deserit
719 2127 806 2149 artus:

118 2195 200 2226 calor
214 2196 299 2226 enim
320 2206 375 2235 per
395 2195 540 2226 medium
563 2196 634 2226 a'era
656 2206 714 2226 nos
736 2196 840 2228 afficit.

118 2247 208 2277 Hinc
221 2246 336 2286 pendet
350 2246 517 2288 Virgilius,
533 2247 609 2278 AEn.
624 2247 655 2278 ii.
671 2250 742 2279 649.

245 2341 282 2360 ex
293 2341 346 2366 quo
357 2342 403 2360 me
411 2335 505 2361 divom
513 2339 600 2368 pater,
607 2338 690 2367 atque
698 2335 842 2362 hominum

242 2381 303 2404 rex,

148 2413 268 2439 Fulminis
277 2413 394 2444 adflavit
403 2414 504 2441 ventis.-

122 2494 142 2524 i.
157 2504 184 2524 e.
206 2493 286 2528 a'ete,
310 2502 404 2533 quem
427 2493 473 2523 vis
495 2493 638 2524 fulminis
655 2492 844 2524 calefecerat.

124 2545 213 2575 Hinc
231 2543 473 2584 liquidissimum
496 2551 553 2583 est,
577 2545 726 2575 mendose
749 2544 844 2584 scrip-

123 2601 193 2626 tum
207 2595 400 2625 circumferri
417 2595 552 2626 Nasonis
566 2596 684 2634 locum,
700 2606 737 2626 ex
754 2597 845 2626 Pont.

123 2646 166 2678 iii.
184 2651 212 2678 6.
232 2650 278 2678 17.
294 2657 356 2687 quo
371 2646 463 2677 decor
476 2647 627 2678 sermonis
640 2647 787 2678 violatur:

216 2735 337 2760 Fulminis
347 2735 453 2766 adflatos
463 2736 600 2762 interdum
611 2736 703 2763 vivere
713 2736 768 2762 tetis

247 2775 378 2800 Vidimus.

128 2851 251 2883 Mederi
272 2853 370 2892 possis
399 2852 588 2893 reponendo,
611 2855 706 2885 ventis
712 2869 723 2890 ;
747 2864 846 2894 quum

127 2904 212 2940 vetis,
232 2909 264 2934 et
278 2905 358 2942 telis,
384 2914 450 2934 non
472 2904 561 2935 valde
583 2904 772 2944 discrepent3
795 2905 849 2936 sed

129 2952 306 2992 accipienda
320 2961 366 2986 est
381 2955 510 2991 cmnino
525 2955 754 2997 elegantissima
770 2955 848 2988 duo-

872 877 943 898 rum
967 867 1108 898 codicum
1124 868 1283 908 scriptura,
1309 878 1379 909 quae
1403 867 1502 907 po'etae
1526 876 1593 900 ma-

874 930 952 950 num
968 920 1135 950 clarissime
1149 920 1347 950 vociferatur:

967 1001 1096 1026 Fulminis
1107 1000 1217 1033 adflictos
1229 1001 1364 1026 interdum
1376 1001 1467 1027 vivere
1474 1001 1528 1025 telis

997 1040 1132 1065 Vidimus:

874 1113 894 1143 i.
909 1123 935 1144 e.
960 1116 982 1131 “
997 1112 1031 1142 in
1046 1118 1161 1143 terram
1175 1113 1206 1142 vi
1231 1112 1373 1142 fulminis
1395 1112 1594 1152 prostratos‚”

874 1165 922 1195 uti
951 1165 1155 1195 Burmannus
1183 1170 1265 1194 recte
1296 1164 1513 1203 interpretatus
1542 1170 1596 1195 est.

876 1217 1046 1255 Caeterum,
1055 1226 1087 1247 se
1102 1215 1186 1246 haud
1201 1215 1286 1246 dedit
1300 1216 1501 1246 invenustum
1514 1215 1597 1245 Pru·

876 1270 1012 1308 dentius,
1025 1271 1104 1301 cath.
1116 1270 1136 1301 i.
1151 1273 1202 1300 21.

1031 1352 1080 1381 Ut,
1094 1357 1178 1382 quum
1190 1351 1304 1376 coruscis
1306 1350 1414 1381 flatibus

1033 1391 1136 1416 Aurora
1147 1390 1249 1415 coelum
1259 1390 1422 1422 sparserit—.

879 1462 929 1490 Ac
943 1460 1063 1490 fontem
1077 1460 1267 1498 metaphorae
1282 1459 1339 1490 tibi
1354 1458 1509 1500 Virgilius
1529 1470 1602 1500 ape-

879 1511 948 1549 riet,
962 1522 1030 1552 geo.
1044 1511 1064 1542 i.
1081 1515 1152 1543 250.
1167 1517 1198 1542 et
1213 1511 1298 1542 alibi:

878 1584 983 1613 Nosque
994 1581 1040 1606 ubi
1052 1581 1153 1613 primus
1165 1581 1233 1613 equis
1245 1581 1330 1607 oriens
1342 1581 1456 1612 adsta-vit
1465 1581 1601 1607 anhelis—.

882 1641 971 1671 Hinc
1002 1650 1103 1679 operae
1125 1640 1262 1679 pretium
1290 1641 1385 1671 fuerit
1405 1641 1550 1672 mirificas
1573 1646 1604 1670 et

881 1696 1070 1721 monstrosas
1090 1691 1360 1730 interpretationes
1377 1691 1605 1731 Oudendorpii,

881 1743 914 1772 in
931 1742 1014 1772 notis
1027 1742 1069 1773 ad
1086 1742 1182 1781 Apul.
1204 1748 1277 1773 met.
1300 1743 1338 1773 iv.
1363 1753 1392 1782 p.
1408 1746 1481 1774 256.
1504 1743 1603 1783 perle-

882 1803 963 1834 gere.
1009 1793 1138 1830 Statius,
1152 1793 1250 1823 Theb.
1265 1793 1303 1823 iv.
1320 1797 1369 1824 96.

1349 1879 1399 1897 ceu
1408 1873 1524 1898 lubricus
1534 1874 1588 1899 alta

912 1913 1014 1945 Anguis
1024 1913 1109 1938 humo
1120 1912 1197 1938 verni
1206 1912 1304 1937 blanda
1314 1912 1348 1936 ad
1358 1912 1499 1945 spiramina
1510 1913 1568 1938 solis

912 1952 1040 1984 Erigitur,
1050 1952 1115 1977 liber
1126 1951 1199 1977 senio
1210 1959 1217 1976 ε

882 2023 903 2054 i.
918 2034 944 2054 e.
968 2026 990 2042 “
1007 2023 1047 2053 ad
1060 2028 1200 2062 tepentes
1223 2033 1325 2061 auras,
1350 2023 1398 2053 vel
1413 2022 1549 2062 spiritus,
1574 2035 1607 2054 e-

885 2078 906 2093 “
922 2085 1058 2115 quorum
1072 2073 1175 2105 solis.”
1198 2074 1289 2104 Nihil
1305 2075 1406 2115 magis
1421 2081 1466 2105 est
1480 2075 1607 2107 indubi-

884 2132 994 2157 tatum.

927 2179 1004 2209 Ver.
1023 2182 1095 2210 569.
1119 2178 1176 2208 Me
1203 2177 1440 2217 deprehendisse
1465 2179 1609 2210 existimo

883 2230 1066 2261 defaeeatam
1074 2230 1202 2270 hujusce
1213 2230 1317 2260 versus
1328 2230 1526 2269 scripturam;
1538 2241 1609 2272 quae

886 2292 960 2312 sane
974 2282 1030 2312 tali
1046 2287 1091 2312 est
1105 2280 1218 2317 indole,
1233 2281 1359 2320 qualem
1376 2281 1493 2311 librarii
1508 2287 1540 2311 et
1553 2283 1608 2312 he-

885 2335 969 2364 betes
984 2339 1015 2364 et
1029 2334 1194 2363 oscitantes
1209 2333 1377 2363 certissime
1391 2333 1609 2372 depravarent;

886 2387 926 2416 ab
940 2384 1199 2415 emendatissimis
1214 2389 1306 2424 atque
1323 2383 1493 2413 veterrimis
1502 2394 1610 2414 exem-

887 2436 1025 2476 plaribus
1040 2446 1102 2465 non
1127 2434 1187 2465 nisi
1209 2434 1274 2465 una
1294 2433 1418 2465 literula
1432 2434 1609 2475 discrepan-

887 2493 964 2517 tem:
981 2486 1064 2527 quod
1073 2487 1211 2526 profecto
1225 2496 1263 2516 ex
1278 2486 1437 2516 recensitis
1451 2486 1612 2526 scripturae

888 2539 1087 2570 varietatibus
1109 2538 1274 2570 confestim
1297 2539 1421 2578 patebit.
1466 2541 1562 2569 Nihil
1575 2541 1611 2570 in

888 2592 947 2621 sis.-
971 2590 1070 2621 Vind.
1085 2591 1127 2620 V.
1142 2590 1190 2620 ed.
1210 2590 1248 2620 Β.
1262 2590 1299 2620 L.
1317 2590 1364 2620 M.
1381 2594 1416 2620 Δ.
1433 2595 1474 2621 Π.
1493 2594 1528 2621 Σ.
1545 2591 1610 2621 Μ-

888 2643 934 2672 hil
947 2644 1026 2679 nz‘si;
1049 2652 1119 2683 quae
1132 2641 1233 2677 lectio,
1257 2641 1284 2671 si
1307 2640 1450 2681 subjicias
1471 2640 1611 2672 elemen-

888 2697 957 2723 tum
983 2704 1009 2731 s,
1032 2693 1186 2732 ipsissima
1200 2697 1246 2723 est
1270 2692 1304 2722 in
1327 2697 1474 2722 contextu
1496 2692 1613 2732 posita3

890 2744 963 2775 edit.
998 2745 1071 2775 Ald.
1101 2745 1166 2783 sed,
1195 2744 1280 2775 unde
1301 2743 1456 2782 habuerit,
1487 2753 1614 2783 prorsus

890 2796 1003 2832 nescio,
1020 2797 1080 2827 Nil
1095 2798 1169 2836 ipsis
1183 2808 1233 2832 eoe;
1253 2806 1323 2837 quae
1337 2795 1426 2826 nobis
1439 2795 1558 2826 favent:
1575 2795 1614 2827 P.

892 2848 932 2878 O.
954 2854 999 2878 Ω..
1023 2849 1139 2888 IVc'lque
1160 2850 1224 2878 nisi
1244 2859 1297 2878 ω’.-
1322 2847 1436 2888 quibus
1457 2847 1614 2886 insistens,

891 2898 935 2929 ita
948 2899 1044 2938 possis
1058 2898 1245 2929 versiculum
1259 2899 1460 2929 concinnare:

923 2965 993 2991 Nihil
1001 2965 1048 2991 hiis
1058 2972 1102 2996 ex,
1112 2965 1267 2995 intervallis,
1279 2968 1312 2992 de
1324 2973 1436 2999 corpore
1446 2966 1558 2992 librant:
